2095 3278
212 1372 235 1396 5.
257 1363 283 1390 A
296 1372 359 1390 man
373 1372 439 1396 may

211 1407 321 1430 possess
335 1397 461 1429 unright-

211 1431 319 1463 eously,
334 1431 394 1456 that
408 1431 440 1462 is,

212 1465 331 1490 without
344 1473 401 1497 any

213 1497 298 1530 right.

213 1544 236 1568 6.
258 1543 283 1567 A
297 1551 361 1568 man
374 1542 437 1568 who

212 1576 334 1601 receives
348 1584 454 1608 posses-

215 1609 275 1634 sion
286 1610 317 1634 of
327 1610 415 1641 goods
429 1609 456 1635 in

213 1643 315 1674 pledge
328 1643 379 1668 has
392 1644 459 1676 only

214 1684 230 1701 a
244 1681 405 1708 temporary

213 1709 288 1742 right
301 1710 329 1736 in
343 1709 428 1737 them.

412 2054 477 2086 ΙΙΙ.

216 2113 377 2140 Possession
390 2112 413 2140 is
425 2122 443 2139 a.

214 2146 285 2178 title,

885 219 1089 252 RICARDI
1122 218 1427 252 ARMACHANI
1854 206 1957 267 [Lm.
1976 221 2043 250 111.

498 323 632 359 stinctu
651 331 781 359 nature
799 330 1033 368 consumunt,
1053 335 1135 359 cum
1154 329 1241 359 tunc
1265 333 1328 359 eas
1352 324 1525 367 habeant,
1545 321 1600 358 ius
1619 322 1820 366 haberent;
1839 327 1933 369 [260

496 383 595 426 quod
620 394 748 417 verum
772 394 855 417 esse
880 393 955 416 non
981 389 1114 427 potest.
1165 383 1253 416 Non
1278 382 1383 416 affert
1405 392 1490 425 ergo
1514 380 1714 425 possessio,
1733 392 1824 425 qua—

495 446 602 475 tenus
620 447 675 475 est
695 441 980 475 instrumentum
999 439 1153 474 dominii
1172 440 1220 474 ad
1237 440 1346 474 rebus
1370 439 1560 480 utendum,
1580 439 1661 483 plus
1680 438 1768 473 iuris
1787 439 1824 472 in

495 498 645 533 homine
671 509 782 543 quam
809 498 919 533 efficit
946 498 1143 543 occupacio
1170 497 1370 542 corporalis
1395 486 1472 531 sive
1490 496 1637 530 habicio
1655 495 1762 531 realis
1787 496 1824 530 in

495 557 665 599 volucre;
691 568 760 591 nec
777 557 885 591 video
904 557 1001 590 unde
1018 556 1110 590 alias
1126 555 1312 600 possessio
1331 554 1386 589 ius
1405 561 1501 589 esset
1519 560 1580 588 aut
1599 554 1654 588 ius
1669 554 1822 599 quodvis
1837 566 1855 598 5

496 614 656 649 adiceret
681 614 889 659 occupanti,
912 614 980 648 nisi
1007 613 1093 658 quia
1117 620 1173 648 est
1198 613 1482 647 instrumentum
1513 612 1665 647 dominii
1696 612 1824 646 imme-

495 672 637 706 diatum
655 673 703 707 ad
720 684 840 707 usum.
893 672 1082 706 Possessio
1101 671 1210 715 igitur
1227 671 1368 705 nullum
1388 671 1442 704 ius
1462 670 1574 704 adicit
1591 669 1807 714 possidenti.

544 732 633 765 IOH.
670 731 810 774 Legum
834 730 1044 764 conditores
1074 730 1259 763 affirmant
1287 728 1387 773 quod
1414 728 1542 762 melior
1571 733 1626 762 est
1656 727 1824 762 condicio

493 787 718 832 possidentis
734 800 741 831 3
770 788 868 822 unde
886 787 1033 822 videtur
1050 787 1238 832 possessio
1257 787 1441 821 affirmare
1463 785 1518 821 ius
1540 785 1690 830 aliquod
1708 784 1823 830 possi-

494 846 606 880 denti.
1840 847 1880 869 ¹0

544 905 631 938 RIC.
660 903 786 938 Illacio
804 903 876 938 ista
899 902 1011 938 nimis
1033 909 1090 938 est
1112 903 1274 947 fragilis;
1303 902 1479 947 quoniam
1497 901 1550 936 sic
1568 907 1672 946 potes
1691 900 1826 936 inferre

495 962 594 1006 quod
621 963 785 997 volucres
812 962 867 997 ius
894 961 930 996 in
956 962 1066 996 rebus
1092 962 1230 995 habent
1258 967 1293 995 et
1321 960 1451 1002 bestie,
1483 959 1569 1004 quia
1594 959 1631 993 in
1658 959 1723 1002 eis,
1748 970 1824 994 non

495 1019 659 1063 dubium,
672 1026 727 1054 est
747 1020 868 1054 utilior
882 1019 1052 1054 condicio
1067 1018 1281 1063 occupantis
1296 1029 1304 1060 ;
1332 1024 1368 1052 et
1386 1018 1485 1062 quod
1503 1017 1645 1051 habens
1658 1016 1824 1060 gladium·

493 1083 698 1112 extractum
732 1077 769 1111 in
803 1077 917 1121 prelio
952 1077 1008 1111 ius
1050 1076 1209 1120 amplius
1251 1074 1391 1120 optinet
1424 1074 1676 1119 triumphandi
1712 1085 1824 1119 quam

493 1136 636 1169 habens
662 1135 827 1179 gladium
852 1135 1081 1179 vaginatum,
1109 1145 1193 1168 cum
1218 1134 1267 1167 ad
1293 1132 1525 1177 preliandum
1551 1131 1721 1167 condicio
1746 1131 1826 1167 eius
1842 1144 1878 1176 15

494 1193 541 1228 sit
560 1193 689 1227 melior
704 1205 712 1234 ;
739 1200 775 1228 et
794 1193 844 1227 ita
863 1193 900 1226 in
918 1192 1042 1227 multis
1068 1191 1249 1226 similibus
1272 1189 1534 1225 inconveniens
1553 1189 1669 1235 possit
1687 1189 1824 1234 inferri,

495 1251 525 1285 si
551 1250 721 1285 condicio
745 1250 865 1285 omnis
889 1261 960 1295 que
982 1249 1179 1284 utilitatem
1205 1248 1319 1283 adicit
1345 1248 1401 1282 ius
1427 1248 1584 1282 afferret.
1636 1247 1653 1266 '¹‘
1669 1248 1823 1283 Nullum
1838 1249 1871 1277 D

494 1309 603 1353 igitur
620 1309 675 1343 ius
694 1320 831 1343 novum
849 1308 954 1343 affert
975 1307 1161 1352 possessio
1185 1305 1410 1352 possidenti;
1437 1306 1536 1340 unde
1559 1306 1746 1350 possessio
1768 1306 1824 1341 ius

492 1368 565 1402 dici
591 1378 664 1401 non
692 1367 812 1401 debet.
864 1367 971 1409 Item,
999 1366 1203 1400 secundum
1228 1363 1320 1408 legis
1350 1363 1532 1409 positores
1561 1365 1713 1399 eosdem
1739 1371 1824 1400 sunt

492 1425 603 1471 aliqui
623 1425 751 1459 dolose
768 1430 804 1459 et
822 1435 889 1468 per
907 1434 1140 1468 consequens
1163 1422 1328 1467 nequiter
1355 1433 1419 1456 seu
1443 1421 1554 1466 impie
1577 1421 1821 1466 possidentes,
1839 1431 1878 1452 20

494 1483 555 1529 qui
586 1482 642 1517 ius
671 1483 811 1516 nullum
843 1482 983 1516 habent
1018 1481 1055 1515 in
1088 1481 1198 1515 rebus
1229 1479 1281 1514 ita
1310 1479 1515 1524 possessis;
1551 1491 1626 1514 non
1654 1487 1709 1515 est
1734 1492 1823 1524 ergo

493 1540 676 1586 possessio
695 1539 750 1574 ius
768 1538 918 1584 aliquod
936 1545 999 1573 aut
1017 1538 1073 1573 ius
1091 1538 1249 1573 afferens
1268 1537 1484 1582 possidenti.
1529 1538 1635 1580 Item,
1654 1536 1822 1582 pignora-

493 1598 588 1642 tarii,
601 1597 778 1640 locatarii‚
793 1603 828 1631 et
843 1596 1065 1641 generaliter
1081 1595 1217 1630 usuarii
1237 1594 1511 1640 possessionem
1529 1606 1651 1629 rerum
1665 1595 1718 1630 eis
1737 1606 1824 1629 con-

495 1667 682 1691 cessarum
707 1656 846 1690 habent
873 1654 922 1689 ad
947 1660 1092 1698 tempus
1116 1664 1189 1698 quo
1212 1652 1266 1687 eis
1291 1664 1347 1687 res
1372 1652 1431 1687 ille
1451 1653 1498 1687 ab
1517 1664 1645 1686 earum
1663 1652 1824 1688 dominis

494 1714 757 1756 conceduntur,
777 1718 812 1747 et
831 1719 955 1747 tamen
978 1711 1079 1746 aliud
1102 1711 1158 1745 ius
1181 1711 1309 1745 utendi
1332 1710 1442 1744 rebus
1460 1721 1534 1744 non
1552 1710 1710 1753 habent3
1739 1721 1823 1744 cum
1839 1719 1877 1751 25

494 1772 549 1806 ius
573 1770 699 1806 utendi
727 1771 776 1804 ad
805 1776 946 1804 certum
974 1781 1081 1804 usum
1107 1770 1188 1803 loco
1212 1767 1300 1802 iuris
1327 1767 1496 1811 sufficiat,
1518 1779 1590 1801 non
1616 1773 1671 1802 est
1698 1773 1824 1802 autem

493 1826 680 1872 possessio
704 1826 759 1861 ius
783 1825 923 1867 utendi,
946 1824 1122 1869 quoniam
1148 1823 1184 1858 in
1211 1823 1367 1868 spoliato
1391 1834 1429 1858 re
1453 1822 1490 1857 in
1515 1833 1622 1857 usum
1648 1833 1827 1857 concessa

493 1890 659 1919 remanet
689 1883 745 1918 ius
777 1883 905 1918 utendi
935 1882 1169 1927 possessione
1200 1882 1369 1916 sublata:
1401 1881 1499 1916 unde
1529 1880 1696 1916 clarescit
1726 1880 1826 1926 quod

492 1942 720 1987 possessioni
738 1941 825 1976 iuris
843 1952 980 1976 nomen
998 1952 1073 1975 non
1092 1938 1278 1984 competit.

545 2047 775 2081 IOHANNES.
802 2046 977 2079 Potestne
994 2043 1184 2089 possessio
1201 2042 1380 2077 naturalis
1397 2041 1525 2076 titulus
1544 2041 1749 2086 appellari?
1839 2051 1881 2082 30

540 2106 771 2139 RICARDUS.
818 2103 970 2137 Titulus
1010 2101 1213 2136 secundum
1254 2099 1536 2144 grammaticam
1572 2100 1725 2144 szgrnum
1761 2105 1824 2134 aut

493 2174 643 2197 causam
671 2162 804 2205 signat,
822 2167 857 2195 et
875 2167 1029 2205 uterque
1048 2170 1178 2194 sensus
1201 2156 1428 2202 possessioni
1452 2157 1620 2201 congruit
1639 2157 1795 2191 naturali
1813 2169 1821 2201 ;

494 2221 669 2265 quoniam
686 2219 874 2264 possessio
891 2225 947 2253 est
961 2217 1106 2262 signum
1125 2215 1279 2250 dominii
1297 2215 1348 2249 rei
1367 2226 1537 2259 possesse
1554 2221 1590 2249 et
1608 2226 1721 2249 causa
1737 2226 1823 2259 pro-

492 2279 631 2324 pinqua
656 2289 745 2312 usus
769 2287 902 2319 rerum,
928 2282 967 2310 ut
994 2286 1105 2319 supra
1130 2273 1400 2318 expressimus:
1431 2284 1506 2307 non
1532 2278 1655 2307 autem
1682 2284 1727 2307 ex
1750 2273 1823 2307 hoc

493 2343 597 2381 potes
624 2336 755 2370 inferre
782 2334 881 2379 quod
907 2332 1094 2378 possessio
1120 2331 1272 2376 aliquod
1298 2331 1353 2365 ius
1380 2331 1536 2373 existat3
1565 2330 1658 2365 sicut
1676 2330 1722 2365 de
1742 2330 1822 2364 aliis
1837 2336 1878 2370 35

494 2394 608 2438 signis
627 2400 662 2428 et
681 2392 813 2435 causis,
832 2403 875 2427 ex
894 2392 965 2425 hoc
984 2390 1084 2435 quod
1102 2396 1186 2424 sunt
1206 2388 1310 2432 tituli,
1330 2389 1428 2433 quod
1447 2388 1518 2422 sint
1534 2388 1613 2422 iura
1631 2399 1705 2422 non
1723 2389 1824 2423 vales

492 2458 667 2486 astruere.

545 2511 634 2545 IOH.
663 2510 761 2544 Cave
775 2506 1066 2553 repugnanciam
1085 2505 1122 2539 in
1141 2503 1342 2550 premissis,
1358 2503 1507 2547 scilicet,
1523 2503 1622 2548 quod
1640 2502 1826 2548 possessio

495 2579 563 2602 nec
587 2574 643 2602 est
667 2567 721 2601 ius
748 2578 815 2601 nec
842 2565 946 2600 affert
974 2565 1028 2599 ius
1055 2563 1204 2608 aliquod
1230 2562 1431 2608 possidenti
1453 2568 1488 2596 et
1516 2562 1614 2606 quod
1638 2561 1825 2605 possessio
1838 2569 1869 2596 et
1883 2565 1990 2606 quod.
2008 2590 2015 2598 .
2032 2589 2039 2598 .

1838 2608 1892 2639 ius
1900 2613 1984 2649 poss.

497 2625 644 2670 propria
681 2624 816 2668 proprii
856 2622 1081 2668 possessoris
1120 2622 1175 2656 ius
1215 2620 1431 2666 possidendi
1467 2620 1626 2654 excludit
1660 2619 1696 2653 in
1730 2619 1822 2663 aliis,
1836 2662 1891 2682 om
1920 2660 1938 2682 B

496 2682 673 2728 quoniam
702 2681 950 2716 exclusionem
981 2680 1067 2714 iuris
1098 2679 1314 2724 possidendi
1346 2679 1381 2712 in
1412 2677 1494 2712 aliis
1524 2677 1637 2712 nichil
1664 2676 1734 2711 nisi
1765 2677 1821 2712 ius

494 2741 643 2785 aliquod
661 2746 781 2784 potest
801 2740 955 2773 efficere.

544 2800 631 2832 RIC.
659 2799 746 2831 Non
774 2802 978 2841 repugnant
1004 2796 1073 2830 hec
1100 2795 1193 2838 duo;
1222 2793 1395 2839 quoniam
1422 2793 1478 2827 ius
1504 2793 1592 2827 illud
1615 2792 1712 2837 quod
1736 2803 1820 2837 pos-
