2095 3278
229 157 314 211 436

875 169 1077 201 RICARDI
1110 171 1409 202 ARMACHANI
1875 159 1974 217 [LIB.
1998 174 2055 203 IV.

230 267 494 306 Originallordship
512 281 595 304 cum
625 282 668 305 ex
693 271 859 315 originali
888 272 1051 307 dominio
1078 274 1201 318 aliqua
1228 280 1460 318 occupantur,
1487 274 1631 308 videtur
1656 274 1767 308 michi
1794 273 1831 307 in
1851 278 1944 319 [380

230 302 297 327 does
310 308 357 327 not
371 302 481 328 involve

223 336 398 367 proprietas.

232 1491 369 1517 Nicholas
385 1492 431 1517 III

230 1535 318 1550 seems
334 1532 361 1551 to
374 1535 423 1551 use

229 1560 393 1584 dominium
407 1560 461 1585 and

227 1596 311 1624 propi
320 1594 392 1618 ictas
406 1602 436 1618 as

230 1635 420 1658 synonymous

230 1666 314 1685 ternis
325 1667 331 1691 3

513 328 566 362 sic
593 329 781 373 occupatis
812 330 949 374 acquiri
982 331 1195 376 proprietas,
1223 332 1399 376 quoniam
1424 343 1482 365 res
1508 332 1628 366 taliter
1654 338 1832 376 occupate

512 386 624 420 michi
643 387 813 421 videntur
836 400 899 422 eas
923 390 1118 433 occupanti
1142 389 1263 423 taliter
1287 389 1468 433 propriate
1489 390 1587 433 quod
1607 391 1653 424 ab
1670 389 1750 424 aliis
1768 401 1833 434 per
1844 397 2044 437 proprietate

513 445 611 478 illam
631 446 915 489 occupacionern
937 448 1140 482 excluditur
1158 461 1244 484 usus
1264 449 1445 494 ipsarum3
1473 450 1604 484 vellem
1623 448 1733 493 igitur
1750 459 1831 482 sua-
1851 447 1880 470 Β·

512 502 589 536 deri
610 502 696 547 quid
715 503 761 537 sit
777 505 848 538 hoc
868 516 954 539 casu
975 505 1034 539 illa
1051 507 1266 550 proprietas.
1854 512 1871 544 5

561 561 786 595 RICARDUS.
815 563 1047 597 Contrarium
1073 565 1187 599 habes
1211 565 1247 598 in
1272 564 1384 598 tercio
1403 564 1509 599 huius
1530 563 1695 608 superius
1714 563 1833 597 decla-
1853 573 1960 603 supra,
1977 575 2033 606 pp.

512 625 644 661 ratum,
665 619 811 662 scilicet,
836 621 935 664 quod
962 628 1110 665 propter
1130 622 1417 667 occupacionem
1441 623 1557 657 solam
1582 622 1633 656 rei
1656 634 1739 656 cuin
1763 621 1831 655 ori-
1854 608 1915 646 383
1932 618 1998 649 seq·

513 676 624 720 ginali
656 677 819 711 dominio
844 679 962 712 nullus
989 679 1106 714 iustus
1133 692 1155 714 a
1184 680 1259 714 iure
1285 680 1411 714 utendi
1438 692 1476 714 re
1502 680 1562 714 illa
1592 680 1684 714 iuste
1710 685 1832 723 potest

514 734 679 769 excludi:
709 734 737 768 si
756 747 841 769 vero
865 737 911 769 ab
939 748 1007 770 usu
1031 749 1094 771 seu
1119 738 1194 772 iure
1220 738 1344 772 utendi
1370 738 1419 772 rei
1444 737 1537 772 illius
1562 737 1679 771 iustus
1701 736 1833 781 aliquis

514 790 737 832 excludatur,
757 802 829 824 non
856 798 910 825 est
933 792 1003 825 hoc
1027 800 1176 836 propter
1199 793 1286 827 illud
1310 793 1514 827 dominium
1541 799 1603 826 aut
1629 792 1833 836 possessio·
1856 810 1895 831 10

512 859 596 881 nem
622 847 672 881 rei
700 848 749 881 ita
774 860 957 892 possesse,
980 856 1035 884 set
1061 858 1210 895 propter
1235 853 1356 895 legem
1382 851 1577 896 positivam
1601 862 1670 895 que
1697 850 1788 884 alios
1814 862 1836 883 a

514 904 727 949 possidente
745 906 792 939 ab
812 918 879 940 usu
900 907 1069 950 excludit,
1089 919 1162 952 qua
1180 909 1261 952 lege
1286 910 1337 943 sic
1361 909 1554 953 possidens
1579 920 1652 943 non
1671 909 1747 943 vult
1771 908 1836 952 uti,

513 962 596 997 licet
616 963 726 997 ceteri
746 975 790 997 ea
813 971 969 998 utantur.
1023 966 1144 1001 Causa
1162 978 1250 1000 vero
1276 978 1339 1000 cur
1356 967 1415 1000 alii
1441 979 1478 1001 re
1503 967 1564 1000 illa
1588 966 1637 1001 uti
1663 978 1736 1000 non
1755 978 1837 1010 pos-

513 1028 597 1055 sunt
621 1028 676 1056 est
699 1021 785 1066 quia
810 1023 857 1056 ab
882 1022 949 1056 illis
975 1023 1056 1057 sciri
1082 1036 1154 1058 non
1179 1031 1300 1068 potest
1324 1025 1423 1069 quod
1449 1024 1643 1069 possidens
1667 1024 1703 1058 in
1728 1037 1764 1059 re
1788 1025 1839 1058 ita

512 1090 684 1123 possessa
712 1091 786 1113 non
813 1081 925 1114 habet
954 1080 1057 1115 civile
1085 1081 1300 1125 dominium,
1321 1082 1406 1127 quia
1432 1089 1552 1127 potest
1572 1083 1624 1127 (ut
1649 1083 1740 1116 infra
1766 1082 1838 1116 cito
1858 1088 1950 1124 infra,

512 1138 668 1181 patebit)
689 1138 760 1171 tale
779 1138 983 1172 dominium
1008 1139 1120 1173 libere
1144 1151 1210 1184 pro
1228 1146 1315 1174 voto
1334 1141 1478 1175 efficere
1498 1141 1534 1174 in
1553 1152 1591 1174 se
1609 1140 1711 1185 ipso:
1741 1141 1838 1175 unde
1858 1143 1890 1173 P·
1908 1133 1981 1172 433·

514 1195 563 1228 rei
588 1195 681 1230 illius
708 1196 755 1229 ab
781 1207 825 1230 eo
852 1208 1023 1240 possesse
1049 1204 1104 1231 est
1128 1197 1164 1231 in
1188 1197 1267 1242 ipso
1294 1199 1540 1242 possessionis
1565 1199 1611 1233 de
1634 1199 1731 1232 facto
1757 1210 1838 1243 pro-

513 1253 662 1297 prietas,
681 1254 780 1287 nulla
799 1253 849 1288 rei
869 1266 1040 1298 possesse
1059 1256 1263 1299 proprietas
1283 1256 1352 1290 nisi
1371 1268 1436 1301 per
1454 1256 1639 1291 accidens.
1693 1257 1756 1291 Set
1774 1268 1840 1291 nos

513 1311 559 1344 de
577 1322 664 1345 vera
687 1311 910 1355 proprietate
933 1324 1054 1346 rerum
1081 1312 1296 1357 inquirimus
1315 1325 1385 1358 que
1411 1314 1616 1348 dominium
1642 1314 1692 1348 rei
1718 1315 1838 1349 reddit

513 1368 686 1413 cuiquam
710 1370 898 1414 proprium
924 1382 988 1404 suo
1013 1370 1111 1405 iure:
1140 1372 1199 1406 dic
1222 1384 1309 1416 ergo
1328 1372 1415 1417 quid
1433 1373 1498 1407 tibi
1523 1384 1609 1407 vera
1631 1372 1836 1417 proprietas
1857 1384 1897 1406 20

514 1439 596 1461 esse
615 1427 768 1461 videtur.

564 1486 653 1520 IOH.
682 1485 864 1520 Dominus
885 1486 1089 1521 Nicholaus
1108 1498 1216 1532 papa,
1236 1488 1271 1522 in
1291 1488 1478 1523 Decretali
1498 1490 1618 1531 Exiit,
1634 1488 1837 1523 dominium
1855 1496 1874 1527 6
1893 1498 1988 1528 Decr,
2001 1507 2031 1527 v.

513 1549 549 1577 et
575 1543 836 1587 proprietatem
855 1544 987 1589 accipit
1014 1557 1080 1589 pro
1107 1546 1248 1589 eodem,
1268 1547 1443 1590 quoniam
1469 1547 1505 1580 in
1531 1547 1591 1581 illa
1617 1547 1837 1582 decretali—
1854 1541 1902 1571 tit·
1920 1541 1974 1571 xii·
1993 1550 2021 1580 3·

513 1601 695 1644 premisso
713 1603 783 1636 hoc
802 1603 924 1645 modo,
944 1604 1065 1637 Porro
1085 1615 1166 1637 cam
1192 1605 1324 1649 regula
1349 1605 1430 1649 zpsa
1456 1607 1628 1650 expressa
1653 1607 1840 1639 contineat

513 1660 615 1702 quod
623 1660 772 1704 fratres
789 1660 908 1694 nichil
924 1661 997 1694 sibi
1015 1663 1268 1705 approprient,
1287 1673 1351 1695 nec
1374 1663 1524 1695 domum
1547 1674 1612 1696 nec
1632 1663 1751 1696 locum
1775 1674 1840 1697 nec
1857 1679 1871 1699 2
1878 1678 1895 1710 5

513 1718 682 1760 aliquam
701 1729 788 1760 rem,
806 1720 927 1762 sitque
944 1719 1173 1752 declaratam
1190 1721 1264 1763 per
1279 1721 1431 1753 eandem
1448 1721 1734 1764 predecessorem
1753 1733 1832 1755 nos·
1852 1724 1898 1754 sz'c
1914 1722 2008 1754 codd.

513 1778 615 1808 trimi
636 1776 859 1820 Gregorium
877 1777 943 1810 [X
961 1781 996 1810 et
1017 1777 1218 1810 nonnullos
1240 1778 1334 1811 alios
1350 1778 1415 1811 lioc
1434 1779 1586 1812 servari
1608 1779 1731 1812 debere
1757 1783 1834 1813 tam
1853 1782 2002 1809 nostrum

512 1833 554 1865 in
576 1834 730 1876 speciali
750 1845 863 1877 quam
886 1836 1000 1868 eciam
1026 1835 1067 1867 2'72
1088 1836 1300 1876 commum)
1324 1847 1436 1879 qnam
1462 1837 1515 1870 sic
1538 1841 1662 1870 artam
1689 1837 1834 1871 abdica·
1853 1832 1917 1852 om·
1938 1820 2032 1851 COdd·

513 1892 650 1924 cionem
681 1892 872 1925 venenosis
901 1892 1223 1926 obtrectacionibas
1252 1885 1465 1936 aliquorum
1492 1895 1680 1927 insensata
1705 1894 1835 1939 damp-

514 1949 626 1981 navit
641 1950 795 1992 astucia,
814 1951 1040 1994 nesratrum
1059 1951 1256 1984 eorundem
1272 1951 1512 1995 perfecciom's
1529 1952 1684 1985 claritas
1700 1952 1835 1987 taliam
1855 1957 1969 1987 calz'tas
1985 1964 2017 1994 Β,

515 2007 700 2050 2¹712peritz's
728 2008 957 2041 sermonibus
986 2008 1196 2042 laceretur:
1232 2010 1391 2042 dicionis
1418 2010 1519 2054 qaod
1542 2010 1725 2044 abdicacio
1747 2013 1837 2055 pro—
1854 2000 2025 2030 calamitas

507 2065 687 2108 prietatis
711 2077 836 2099 rernm
864 2067 1030 2099 onmium
1057 2071 1134 2100 tam
1161 2067 1202 2100 2'72
1227 2067 1380 2110 speciali
1402 2078 1515 2111 qaam
1540 2068 1654 2101 eciam
1676 2069 1717 2102 2'72
1743 2080 1836 2102 com-
1854 2051 1910 2116 χ’]
1931 2096 1996 2116 om·
2016 2093 2045 2116 Β.

514 2123 626 2155 viani
656 2125 817 2167 propter
855 2124 977 2157 Deam
1013 2125 1206 2157 meritoria
1246 2129 1301 2158 est
1334 2129 1370 2158 et
1407 2129 1546 2168 sancta,
1587 2132 1835 2161 etc.—conse—
1853 2151 1918 2170 non
1935 2145 2003 2171 tam

515 2186 668 2217 otienter
686 2181 731 2214 de
750 2181 881 2215 eadem
899 2182 1055 2215 materia
1079 2181 1127 2215 ita
1146 2181 1333 2226 subiungit
1351 2195 1356 2216 :
1394 2183 1524 2216 Verum
1548 2185 1738 2217 condecens
1749 2185 1837 2229 ficit
1853 2185 1948 2215 Decr-

515 2239 550 2270 ei
571 2238 796 2281 professioni
818 2250 888 2282 que
912 2242 1037 2283 sponte
1061 2241 1213 2273 devovit
1231 2240 1420 2274 Christum
1443 2243 1646 2285 pauperem
1667 2243 1708 2275 in
1728 2246 1834 2276 tanta
1855 2247 1894 2278 35

508 2296 758 2340 paistpertate
781 2299 925 2338 sectari,
945 2298 1110 2330 omnium
1138 2298 1308 2331 abdicare
1331 2299 1539 2332 dominam
1561 2303 1596 2332 et
1615 2310 1742 2333 rerum
1767 2300 1840 2333 sibi
1857 2305 1889 2332 D

515 2365 767 2387 concessarum
793 2356 995 2389 necessario
1022 2367 1092 2389 usu
1107 2356 1196 2400 fore
1220 2360 1454 2398 co7zte72ta772;
1480 2369 1544 2391 nec
1559 2359 1633 2401 per
1653 2358 1718 2391 lzoc
1742 2358 1843 2402 quod

508 2413 778 2456 proprietatem
814 2424 904 2446 usus
936 2418 971 2446 et
1003 2415 1060 2447 rei
1091 2415 1268 2458 citiusque
1300 2415 1507 2448 dominium
1541 2428 1563 2449 a
1592 2427 1629 2448 se
1657 2416 1840 2450 abdicasse

516 2470 675 2510 videtur,
705 2471 871 2514 simplici
897 2472 986 2504 usui
1012 2473 1070 2505 rei
1096 2473 1355 2506 renunciatum
1389 2485 1462 2506 esse
1495 2474 1740 2517 convincitur,
1767 2480 1835 2508 etc.

517 2528 566 2560 Et
586 2527 633 2561 ibi
654 2528 724 2562 cito
744 2535 826 2572 post
844 2541 850 2562 :
881 2529 959 2574 Qae
976 2534 1011 2563 et
1033 2541 1191 2573 quorum
1216 2541 1324 2563 usum
1339 2531 1452 2574 sacti,
1470 2531 1614 2574 scilicet,
1634 2532 1762 2565 ordini
1777 2533 1840 2566 vel
1844 2529 2000 2570 fructum

507 2585 700 2628 smtrihus
733 2587 826 2630 ipsis
854 2587 939 2620 licet
971 2587 1101 2621 habere
1125 2590 1393 2632 proprietatem
1427 2589 1491 2622 vel
1520 2590 1737 2633 dominium,
1768 2597 1834 2625 etc.
1856 2574 1950 2604 Deos·

517 2644 565 2676 Et
591 2644 712 2677 adhuc
743 2644 814 2678 cito
842 2644 992 2679 inferius
1020 2652 1122 2689 post:
1162 2647 1209 2679 In
1239 2647 1406 2680 omnibus
1431 2649 1613 2691 appareat
1636 2649 1688 2681 eis
1716 2649 1842 2691 quoad

515 2701 723 2734 doua'nz‘mn
750 2703 962 2735 omnimoda
987 2703 1181 2737 abcticacio.
1234 2705 1275 2737 In
1303 2704 1434 2748 quibus
1464 2705 1553 2739 locis
1578 2705 1838 2749 proprietatem

516 2764 551 2792 et
583 2758 786 2792 dominium
818 2771 882 2804 pro
912 2760 1041 2794 eodem
1069 2761 1228 2795 vicissim
1260 2769 1435 2807 tanquam
1467 2775 1670 2807 synonyma
1698 2763 1839 2798 videtur
