2008 3305
225 205 312 234 eff.
331 189 388 248 v.]
674 200 817 233 LIBER
848 200 1071 235 TERTIUS.
1741 206 1820 245 243

110 323 205 364 840]
223 330 283 356 cre
315 328 433 354 uram
471 328 539 366 per
579 328 618 353 se
656 328 771 365 posse
810 329 936 366 agere,
975 317 1070 355 sicut
1109 322 1401 364 commentator,
1437 329 1544 356 nono

222 387 514 435 Methaphisice,
535 394 756 424 commento
785 388 958 436 septimo,
985 387 1159 436 imponit,
1181 387 1268 425 licet
1295 387 1542 434 mendaciter,

175 457 429 494 DAvicenne.
487 456 649 493 Tollitur
677 457 848 494 secundo
876 469 979 495 error
1008 457 1165 506 Pellagii
1194 457 1243 494 ad
1262 463 1411 495 tantum
1434 456 1453 477 *
1475 470 1542 495 ex-
1567 461 1594 492 β-

219 527 385 564 tollentis
406 527 567 563 liberum
591 527 795 573 arbitrium,
816 527 924 576 quod
952 528 1061 576 ponit
1090 527 1290 566 hominem
1318 540 1433 577 posse
1462 528 1543 565 sine

187 597 351 645 5gracia
383 596 604 645 promereri.
661 596 826 634 Tollitur
854 597 972 635 tercio
1008 609 1112 634 error
1142 598 1385 647 quorundam
1419 599 1543 648 philo·
1569 608 1594 632 γ-

221 666 477 716 sophancium
498 666 562 715 qui
591 673 740 715 ponunt
760 667 866 716 quod
891 667 965 704 alia
993 679 1199 716 possumus
1220 680 1267 705 ex
1288 668 1400 705 nobis
1429 668 1545 706 libere

221 738 301 774 sine
322 749 513 774 concursu
532 736 607 773 Dei
627 737 892 774 necessitantis
920 738 1060 786 previe,
1081 743 1118 775 et
1145 737 1185 774 in
1211 738 1285 775 alia
1308 750 1388 775 non
1407 750 1545 787 possu-

220 819 306 844 mus
326 819 401 856 que
421 813 551 844 nostre
574 819 655 845 non
682 807 880 845 subiacent
905 808 1092 856 potestati.
1150 807 1256 844 Nam
1285 808 1383 845 inter
1409 820 1546 845 omnes

219 883 328 915 aetus
360 877 419 914 vel
450 888 568 926 opera
601 884 770 914 creature
805 877 953 914 videtur
986 883 1161 915 creatura
1194 878 1398 915 racionalis
1431 889 1546 927 posse

169 954 209 976 10
220 947 385 984 maxime
414 947 530 984 libere
551 947 732 996 cogitare,
753 958 842 984 cum
862 947 1052 995 cogitacio
1081 959 1152 985 nec
1182 948 1338 997 requirit
1367 948 1546 985 iuvamen

219 1017 394 1067 parcium
425 1029 497 1055 nec
536 1023 796 1055 creaturarum
830 1023 936 1054 extra
969 1018 1288 1055 concurrencium
1321 1018 1444 1055 eciam
1477 1019 1545 1056 ob-

218 1087 362 1133 iective,
404 1088 501 1124 sicut
539 1087 735 1137 requirunt
773 1087 961 1133 sensacio,
999 1088 1256 1136 ymaginacio,
1305 1088 1464 1134 locucio,
1509 1094 1545 1125 et

218 1158 377 1206 agencie
397 1158 638 1207 corporales:
669 1158 700 1194 si
725 1168 817 1205 ergo
838 1169 954 1194 nemo
983 1157 1130 1205 sufficit,
1153 1170 1201 1195 ex
1231 1170 1272 1196 se
1302 1158 1370 1195 sed
1390 1171 1438 1195 ex
1459 1157 1545 1196 Deo

219 1228 363 1277 aliquid
384 1228 566 1278 cogitare,
587 1228 757 1277 sequitur
784 1240 852 1276 per
881 1227 1011 1265 locum
1040 1228 1290 1265 sufficientem
1310 1240 1333 1265 a
1353 1228 1467 1266 simili
1486 1228 1545 1265 vel

169 1302 205 1335 15
220 1298 356 1336 maiori
375 1298 482 1348 quod
508 1297 625 1335 nichil
645 1297 747 1334 aliud
770 1297 906 1334 sufficit
925 1309 972 1334 ex
1002 1309 1042 1335 se
1072 1297 1205 1335 facere.
1263 1297 1379 1335 Unde
1399 1298 1544 1335 videtur
1554 1299 1821 1366 {Zeifersspgffffitffng

219 1368 336 1405 michi
356 1368 462 1418 quod
484 1368 523 1405 in
550 1368 674 1406 modis
703 1367 886 1417 loquendi
911 1367 1073 1416 apostoli
1095 1380 1146 1405 ex
1174 1367 1392 1417 preposicio
1419 1366 1654 1417 signat0rigin·

219 1438 552 1476 circumstanciam
583 1437 696 1487 primi
724 1437 903 1486 principii
936 1437 1184 1486 originantis:
1229 1444 1266 1474 et
1297 1437 1385 1475 inde
1420 1438 1543 1475 innuit

219 1507 359 1545 Filium
382 1508 586 1558 principari
615 1519 663 1545 ex
692 1506 815 1553 Patre,
840 1520 856 1544 1
881 1506 970 1544 Cor.
989 1507 1062 1544 viii.
1085 1508 1120 1552 6,
1147 1506 1252 1544 Unus
1280 1507 1385 1545 Deus
1409 1507 1541 1552 Pater,

218 1591 268 1616 ex
287 1592 356 1627 quo
376 1579 509 1623 omnia,
529 1583 561 1614 et
578 1590 642 1614 nos
660 1590 710 1615 ex
729 1578 805 1625 ipso
816 1590 835 1620 ‚·
868 1581 902 1614 et
917 1589 1012 1614 unus
1032 1578 1197 1614 dominus
1220 1576 1325 1614 Iesus
1355 1576 1542 1623 Christus,

167 1661 208 1683 20
211 1655 283 1697 per
302 1660 403 1696 quem
424 1649 557 1694 omnia,
577 1652 612 1684 et
628 1659 691 1684 nos
710 1648 749 1683 in
770 1647 859 1695 ipso.

273 1718 484 1766 Apostolus
504 1724 632 1755 autern
648 1716 871 1754 differencia
890 1716 1048 1754 notabili
1069 1717 1235 1766 respexit
1251 1718 1540 1767 preposiciones
1554 1724 1628 1749 Note
1636 1723 1820 1749 onS-Paul's

1553 1758 1702 1782 z'nsistence
1713 1765 1749 1782 on
1762 1757 1809 1782 the

217 1794 256 1826 et
275 1788 464 1834 adverbia,
486 1788 582 1825 sicut
601 1794 638 1824 et
665 1786 882 1824 accidencia
902 1787 1177 1825 terminorum:
1208 1794 1314 1836 patet
1334 1788 1456 1826 Hebr.
1476 1788 1539 1833 iii„
1552 1789 1829 1849 {Z‘sssssfneam'ngff

218 1857 284 1895 ubi
312 1870 455 1906 magno
485 1869 668 1906 processu
692 1856 844 1894 discutit
871 1868 987 1906 quare
1016 1857 1202 1906 propheta
1222 1857 1378 1895 Psalmo
1398 1858 1494 1895 xciv.
1517 1859 1539 1894 8

122 1934 205 1964 85A
218 1927 384 1973 inseruit,
406 1927 529 1965 Hodie
546 1928 585 1965 si
600 1939 717 1965 vocem
743 1928 820 1964 eius
848 1927 1053 1973 audieritis,
1074 1933 1146 1965 etc.
1201 1927 1251 1964 Et
1271 1927 1375 1965 idem
1396 1925 1415 1946 *
1437 1933 1542 1977 patet

166 2000 204 2032 25
219 1997 305 2036 Gal.
319 1998 366 2036 iii.
385 2011 399 2036 1
409 2000 443 2043 6,
460 1997 613 2035 Abrahe
628 1998 717 2034 dicte
730 2001 819 2034 sunl
830 1998 1124 2045 repromissiones
1139 2002 1173 2035 et
1188 1999 1322 2035 semini
1331 1999 1417 2035 eius.
1450 1997 1542 2036 Non

218 2069 316 2114 dicit,
336 2068 469 2118 inquit,
486 2067 704 2113 Seminibus,
725 2067 837 2115 quasi
851 2067 891 2103 in
917 2068 1053 2113 mullis,
1075 2068 1139 2104 sed
1157 2067 1304 2105 Semini
1318 2072 1388 2114 luo,
1409 2069 1477 2116 qui
1493 2072 1545 2106 est

221 2138 406 2176 Christus.
462 2138 577 2184 Ecce,
606 2137 806 2187 quomodo
839 2144 996 2175 sanctus
1030 2137 1164 2176 doctor
1197 2144 1305 2177 notat
1335 2151 1540 2176 numerum

220 2221 332 2247 casus
348 2209 394 2247 de
411 2215 516 2247 textu
532 2208 630 2246 Gen.
647 2208 735 2245 xxii.
749 2208 762 2244 ?
816 2206 942 2255 Unde,
959 2208 1116 2256 quando
1130 2208 1218 2246 dicit
1231 2209 1438 2257 negativas,
1453 2220 1540 2247 mo-

218 2279 345 2317 dificat
360 2291 429 2328 per
441 2278 620 2316 adverbia
635 2278 820 2327 temporis
840 2277 906 2323 Sic,
924 2277 1101 2315 Christus
1114 2291 1311 2327 resurgens
1323 2291 1373 2316 ex
1385 2280 1540 2316 mortuis

253 2383 275 2406 3.
296 2373 461 2399 extollentis
474 2373 497 2399 B
507 2373 529 2399 C
540 2380 545 2398 ἱ
566 2373 703 2399 extollere
715 2371 748 2397 A.
879 2373 900 2397 6.
921 2373 985 2399 alia
996 2373 1030 2404 A,
1043 2372 1076 2397 αα
1090 2372 1112 2397 Β
1124 2380 1130 2398 :
1139 2372 1252 2407 -alz'qua
1265 2371 1295 2398 C.
1419 2382 1458 2398 11.
1478 2381 1540 2398 con-

217 2407 401 2432 currencium
415 2406 483 2433 BC:
503 2407 687 2432 currencium
699 2405 735 2431 A.
883 2407 921 2431 16.
936 2406 1094 2438 preposz'cz'o
1116 2406 1198 2439 (ppo)
1223 2406 1245 2431 B
1255 2405 1278 2432 C
1292 2425 1298 2436 ‚
1308 2407 1466 2437 proposz'cz'o
1490 2406 1538 2436 A2,

218 2440 278 2471 ipso
290 2440 337 2465 Al.
491 2449 534 2465 22.
553 2441 596 2465 iii.
611 2438 716 2464 addidi.
880 2448 919 2471 23.
939 2440 1032 2465 xciv.:
1052 2439 1131 2464 codd.
1147 2440 1186 2472 96.
1341 2439 1381 2464 26.
1403 2441 1451 2464 tuo
1464 2438 1486 2464 B
1497 2439 1538 2465 C:

218 2481 270 2499 suo
282 2473 315 2498 A.
453 2482 493 2505 27.
515 2475 598 2499 notat
610 2481 664 2499 om.
678 2473 700 2497 B
710 2472 742 2499 C.
882 2481 921 2505 29.
942 2474 983 2499 sz'c
996 2472 1019 2497 B
1028 2472 1051 2499 C
1062 2479 1068 2498 2
1088 2473 1164 2498 sicut
1175 2472 1211 2498 A.

266 2579 292 2600 1.
317 2571 428 2601 Averr.
459 2570 493 2601 in
522 2570 622 2601 Arist.
653 2570 803 2611 Metaph.
832 2569 873 2600 ix.
902 2568 998 2610 [viii]
1028 2579 1147 2600 comm.
1178 2575 1211 2609 7:
1248 2568 1400 2599 Moderni
1430 2572 1539 2600 autem

218 2627 342 2663 ponunt
358 2632 458 2652 unum
474 2632 573 2662 agens
589 2622 700 2652 omnia.
715 2622 804 2653 entia
820 2621 888 2652 sine
905 2620 1027 2659 medio,
1044 2620 1178 2658 scilicet,
1195 2621 1314 2658 Deum,
1331 2624 1363 2651 et
1379 2620 1539 2661 contingit

219 2673 290 2706 istis
310 2678 346 2706 ut
367 2673 492 2705 nullum
514 2683 570 2705 ens
592 2674 713 2705 habeat
735 2673 897 2705 actionem
920 2672 1089 2714 propriam
1111 2671 1312 2710 naturaliter,
1329 2673 1410 2704 &c.:
1434 2672 1536 2703 Arist.

220 2725 310 2766 opp.
327 2726 356 2755 8.
373 2724 394 2756 f.
414 2733 474 2765 109
487 2733 521 2756 A.

266 2777 315 2807 28.
342 2776 423 2808 Gen.
440 2776 516 2808 xxii.
562 2775 633 2808 The
648 2775 759 2809 verbal
774 2775 932 2808 reference
947 2774 975 2806 is
991 2778 1026 2807 to
1044 2774 1125 2807 Gen.
1143 2774 1210 2805 xiii.
1230 2782 1268 2814 15
1286 2784 1322 2805 or
1338 2773 1413 2806 xvii.
1432 2773 1461 2806 8.

806 2848 873 2874 R2
