2008 3305
92 639 147 667 1A
697 629 959 670 INCIPIT

207 718 408 759 LIBER
440 718 703 760 PRIMUS
732 719 825 760 DE
857 718 1151 761 DOMJNJO
1182 720 1441 761 DIVINO.

212 876 303 914 CUM
341 876 498 925 quilibet
538 877 776 914 Christianus
815 884 851 914 et
891 877 1103 927 specialiter
1141 877 1343 926 theologus
1388 878 1487 914 mori
1501 886 1664 912 Paotoomz.

158 946 295 984 debeat
324 947 523 992 virtuosus,
554 948 643 996 quia
677 949 799 998 (iuxta
833 948 1121 986 conclusionem
1152 948 1253 985 beati
1281 949 1485 997 Augustini
1498 952 1687 1017 gffijegcsttffid

127 1032 144 1064 5
160 1018 198 1053 in
225 1017 283 1054 De
309 1017 523 1067 Disciplina
553 1018 788 1070 Christiana)
813 1032 884 1056 non
905 1021 1046 1068 poterit
1071 1020 1164 1056 male
1193 1021 1293 1056 mori
1312 1021 1381 1068 qui
1405 1019 1622 1057 benetrefflise·

157 1089 310 1133 vixerit,
334 1095 485 1138 tempus
516 1097 572 1126 est
601 1089 691 1126 mihi
722 1102 790 1138 per
814 1097 937 1127 totum
965 1090 1159 1127 residuum
1190 1091 1262 1128 vite
1292 1103 1378 1128 mee
1407 1097 1486 1127 tam

157 1159 387 1207 speculative
408 1172 524 1209 quam
549 1161 726 1209 practice,
749 1161 963 1197 secundum
987 1173 1208 1197 mensuram
1236 1173 1352 1210 quam
1381 1161 1486 1199 Deus

157 1229 366 1276 donaverit,
402 1230 511 1267 inniti
545 1231 756 1277 virtutibus,
791 1238 831 1268 ut
871 1231 924 1268 sic
963 1231 1150 1269 salubrius
1190 1232 1336 1269 discam
1374 1234 1486 1271 mori.

156 1298 207 1336 Et
251 1300 341 1349 quia
383 1301 431 1337 de
474 1302 593 1338 tribus
636 1303 828 1339 bonorum
868 1303 1085 1351 generibus,
1125 1303 1281 1348 scilicet,
1322 1303 1485 1349 fortune,

104 1384 144 1406 10
157 1377 302 1415 nature,
324 1377 360 1407 et
379 1372 517 1419 gracie,
539 1372 687 1410 bonum
707 1372 882 1409 infimum
903 1373 1069 1409 maxime
1090 1381 1218 1410 movet
1239 1373 1351 1410 hodie
1374 1374 1486 1411 nimis

156 1448 377 1490 prepostere
402 1442 568 1479 hominis
593 1443 830 1491 appetitum3
870 1443 958 1480 ideo
984 1450 1025 1480 ut
1052 1444 1191 1481 cecitas
1217 1444 1417 1481 hominum
1440 1446 1487 1482 sit

154 1512 289 1549 melius
327 1513 377 1549 ad
415 1525 571 1550 sensum
612 1513 805 1563 Scripture
848 1514 1127 1563 professoribus
1170 1515 1283 1552 huius
1321 1516 1486 1554 sciencie

155 1582 353 1629 declarata,
372 1596 587 1621 consonum
609 1585 756 1622 videtur
777 1597 798 1621 a
818 1585 991 1622 dominio
1011 1585 1288 1623 inchoandum.
1337 1586 1486 1623 Innitar

154 1659 281 1690 autern
311 1654 350 1690 in
376 1655 510 1692 ordine
540 1655 776 1704 procedendi
807 1656 1023 1693 racionibus
1053 1663 1090 1693 et
1120 1657 1248 1693 sensui
1279 1657 1484 1706 Scripture,

103 1739 139 1772 15
156 1724 215 1761 cui
242 1736 289 1761 ex
314 1725 497 1773 religione
518 1732 556 1764 et
576 1726 729 1775 speciali
756 1726 982 1764 obediencia
1011 1739 1097 1764 sum
1126 1727 1334 1776 professus.
1395 1727 1483 1765 Scio

155 1795 259 1832 enim
303 1797 427 1844 ipsam
466 1796 505 1832 in
544 1797 663 1834 modo
705 1797 900 1846 loquendi,
942 1804 1021 1834 tam
1060 1798 1190 1846 quoad
1229 1798 1483 1847 gramaticam

154 1877 272 1914 quam
304 1866 546 1913 rethoricam,
578 1867 851 1916 scripturarum
890 1868 1217 1917 propriissimam;
1265 1869 1396 1917 quoad
1431 1869 1483 1906 fa-

154 1936 342 1981 cilitatem,
367 1938 644 1984 rectitudinem,
672 1945 708 1975 et
738 1938 968 1975 soliditatem
998 1938 1121 1988 logice
1148 1939 1206 1976 vel
1236 1940 1483 1988 metaphlsice

154 2007 461 2055 subtilissimam;
510 2014 547 2045 et
586 2009 716 2058 quoad
755 2010 920 2046 veritatis
957 2016 993 2046 et
1032 2022 1166 2047 sensus
1208 2010 1482 2056 constanciam,

188 2127 209 2142 1.
233 2117 255 2142 B
274 2117 291 2143 f.
314 2127 362 2143 212
376 2126 396 2143 A
414 2119 523 2151 Incipit
542 2119 616 2144 liber
631 2120 665 2145 de
682 2120 826 2145 dominio:
855 2120 878 2146 C
897 2120 1007 2152 Incipit
1025 2120 1060 2146 de
1077 2121 1205 2146 dominio
1224 2121 1323 2146 divino
1343 2119 1486 2152 [absoluto

152 2152 276 2176 secunda
293 2160 377 2178 manu
394 2161 477 2184 supra
494 2153 608 2185 scripto,
621 2155 767 2186 prologus.
907 2164 944 2186 17.
969 2155 1043 2179 Ante
1057 2155 1233 2180 rethoricam
1246 2155 1272 2179 A
1285 2153 1364 2179 addit
1377 2155 1480 2187 quoad.

143 2185 328 2216 facilitatem
342 2185 364 2210 B
376 2185 399 2212 C
411 2186 633 2218 :fallacitatem
645 2187 678 2212 A.
787 2188 825 2212 18.
844 2188 1023 2213 soliditatem
1038 2188 1060 2213 B
1072 2188 1095 2214 C
1108 2195 1114 2213 :
1133 2188 1318 2214 solitudinem
1328 2188 1362 2214 A.

195 2288 225 2318 4,
250 2278 388 2319 August.
405 2279 445 2309 de
462 2279 553 2310 Disc.
572 2279 691 2310 Christ.
710 2280 765 2310 xii.
785 2282 800 2316 §
823 2288 873 2320 13,
891 2281 978 2321 Opp.
996 2280 1024 2311 6.
1044 2281 1105 2321 588
1123 2288 1158 2312 G.

195 2329 225 2361 6.
250 2331 317 2361 Per
342 2334 445 2361 totum
473 2331 642 2362 residuum
672 2332 738 2362 vite
763 2342 837 2371 mee,
866 2334 925 2363 &c.
972 2332 1054 2363 This
1084 2343 1223 2374 passage
1251 2343 1310 2364 can
1342 2333 1484 2373 scarcely

151 2381 192 2411 be
215 2381 311 2412 made
334 2386 369 2412 to
393 2382 469 2413 bear
492 2382 548 2414 the
571 2383 733 2415 inferenee
757 2384 866 2415 which
890 2384 1018 2424 Shirley
1039 2385 1146 2416 draws
1170 2385 1255 2415 from
1279 2385 1315 2419 it,
1340 2384 1482 2424 namely,

152 2432 207 2464 the
225 2433 370 2465 auth0r⁷s
385 2434 566 2468 ‘intention
590 2435 628 2465 os
646 2435 835 2476 dedicating
854 2436 905 2467 his
921 2436 1000 2467 time
1023 2436 1213 2468 heneeforth
1237 2435 1432 2476 exclusively
1448 2442 1483 2469 to

151 2484 308 2525 theology
320 2496 326 2516 :
339 2484 346 2497 ’
371 2485 534 2517 Fasciculi
552 2486 769 2523 Zizaniorum,
787 2488 878 2523 intr„
894 2498 925 2528 p.
943 2489 1061 2526 xxxix„
1083 2489 1175 2528 1858.

196 2545 225 2576 9.
249 2537 302 2566 De
323 2537 429 2568 tribus
452 2538 606 2568 bonorum
627 2539 811 2579 generibus,
833 2540 964 2578 scilicet,
980 2540 1130 2581 fortune,
1155 2544 1286 2577 nature,
1310 2544 1340 2570 et
1359 2540 1481 2580 gracie.

152 2587 234 2617 This
250 2588 278 2618 is
294 2588 349 2618 the
365 2599 518 2620 common
536 2589 784 2627 classification;
809 2591 864 2621 the
881 2592 986 2632 goods
1008 2592 1046 2622 of
1062 2597 1175 2622 nature
1192 2601 1247 2622 are
1263 2591 1357 2621 those
1374 2591 1482 2622 which

152 2649 206 2669 are
222 2639 369 2672 intrinsic
384 2646 419 2671 to
437 2642 492 2671 the
509 2641 598 2682 body
612 2652 620 2679 ;
638 2642 693 2672 the
704 2643 810 2683 goods
827 2643 865 2673 of
877 2644 1006 2673 fortune
1023 2654 1077 2674 are
1093 2642 1237 2673 exte-mal
1254 2648 1365 2673 events
1374 2643 1483 2674 which

151 2689 246 2722 affect
262 2690 288 2721 it
310 2691 342 2721 in
360 2702 423 2732 any
439 2703 531 2732 way;
557 2693 654 2724 while
673 2693 728 2724 the
749 2694 857 2734 goods
874 2695 910 2725 of
928 2705 1023 2735 grace
1041 2705 1094 2726 are
1111 2695 1204 2725 those
1221 2694 1327 2725 which
1345 2705 1483 2726 concern

153 2740 256 2773 man's
281 2742 434 2784 spiritual
460 2748 583 2775 nature.
631 2744 815 2775 Elsewhere
840 2745 991 2785 Wycliffe
1017 2746 1076 2776 has
1102 2757 1120 2776 a
1145 2756 1235 2776 more
1260 2745 1383 2776 minute
1410 2747 1483 2776 sub-

152 2793 293 2824 division
313 2794 523 2836 distributing
546 2796 600 2827 the
624 2797 715 2828 three
741 2796 882 2838 ‘goods'
900 2797 969 2828 into
987 2797 1048 2828 five
1065 2798 1205 2829 classes:
1236 2798 1288 2828 De
1306 2797 1395 2828 civili
1413 2799 1481 2828 Do-

153 2845 254 2875 minio
268 2846 288 2876 i.
310 2854 346 2884 13
364 2857 417 2887 pp.
439 2848 479 2877 88
497 2858 585 2889 seqq.

874 2924 895 2948 B
