2008 3305
132 222 217 263 304

812 219 1015 252 RICARDI
1048 218 1349 254 ARMACHANI'
1821 212 1918 273 [Lm.
1936 228 1964 258 1.

414 322 513 357 enim
532 322 601 357 iste
628 323 889 358 conversiones
917 324 1053 359 fiebant
1079 324 1116 358 in
1143 325 1298 359 instanti
1325 336 1389 360 seu
1416 325 1549 369 subito,
1568 331 1655 360 tunc
1672 337 1746 361 non
1762 331 1837 372 [SA

414 380 568 415 dubium
596 381 683 425 quin
714 381 930 416 immediate
956 394 978 416 a
1004 382 1178 426 potencia
1208 382 1353 417 infinita
1379 383 1541 426 fiebant3
1570 374 1746 428 quoniam

412 439 553 472 nullum
571 450 687 483 agens
707 438 849 473 finitum
867 446 989 484 potest
1007 440 1301 484 complexionem
1315 451 1426 474 unam
1446 440 1481 474 in
1500 441 1611 475 aliam
1626 441 1745 476 subito

412 503 652 531 commutare.
705 497 743 531 Si
760 503 886 532 autern
897 497 966 532 iste
979 497 1240 532 conversiones
1254 504 1316 532 aut
1332 509 1459 532 earum
1473 497 1594 543 alique
1609 498 1746 534 fiebant

412 553 450 587 in
481 560 657 598 tempore,
692 555 792 599 quod
825 554 942 588 videri
977 561 1099 599 potest
1137 555 1338 599 probabile,
1372 567 1416 589 eo
1455 556 1555 600 quod
1588 556 1745 590 malefici
1759 558 1842 588 male
1869 558 1914 589 cz'z'
1932 566 1962 589 B.

414 611 620 646 Pharaonis
647 612 738 646 tales
766 612 1028 647 conversiones
1056 612 1377 647 incantacionibus
1404 612 1479 647 suis
1507 613 1673 648 fecerunt
1693 612 1747 658 (ut
1760 617 1819 648 Ex.
1837 617 1892 648 vii.
1913 625 1962 648 11.

414 669 463 703 ibi
484 669 726 714 exprimitur),
745 676 832 704 tunc
856 669 907 704 ita
933 670 1112 705 debemus
1134 670 1382 714 distinguere:
1411 677 1472 705 aut
1492 671 1706 706 immediate
1725 684 1747 706 a

413 725 587 769 potencia
604 725 729 759 divina
747 726 898 769 fiebant,
917 732 953 760 et
972 731 1059 759 tunc
1077 732 1181 760 actus
1208 726 1258 760 illi
1284 727 1429 760 fuerunt
1447 732 1552 760 actus
1569 738 1636 771 per
1653 738 1692 761 se
1709 733 1746 762 et

413 782 630 817 immediate
664 783 776 817 divini
810 783 984 826 dominii;
1020 790 1082 817 aut
1113 784 1249 818 fiebant
1277 783 1492 819 immediate
1522 784 1569 818 ab
1604 784 1746 829 angelis

413 840 531 884 bonis,
552 847 588 876 et
606 840 692 886 quia
715 841 752 875 id
775 843 973 885 gerebatur
994 842 1212 876 auctoritate
1233 841 1318 885 Dei,
1338 853 1423 876 vere
1446 842 1592 876 fuerunt
1610 854 1676 887 per
1694 854 1744 886 se,
1762 856 1800 877 10

412 899 495 933 licet
515 910 589 933 non
608 899 844 933 immediatus
857 905 962 934 actus
981 899 1095 933 divini
1110 899 1266 934 dominii
1284 912 1292 941 ;
1319 906 1381 934 aut
1394 899 1531 934 fiebant
1543 900 1590 934 ab
1604 900 1745 944 angelis

412 957 520 991 malis
540 957 759 991 auctoritate
779 957 915 1000 divina,
934 964 969 992 et
997 957 1142 992 fuerunt
1163 964 1266 992 actus
1290 968 1357 1002 per
1377 969 1417 992 se
1439 957 1554 992 divini
1577 958 1744 1002 dominii,

413 1014 519 1049 sicuti
540 1015 570 1048 si
595 1014 682 1048 facti
707 1014 863 1049 fuissent
889 1027 955 1059 per
979 1015 1108 1057 bonos,
1134 1027 1208 1060 quo
1232 1015 1345 1049 modo
1370 1016 1457 1050 Saul
1477 1022 1630 1050 vexatus
1648 1022 1704 1051 est
1722 1028 1744 1051 a

413 1072 541 1117 spiritu
568 1084 730 1117 nequam
760 1085 782 1107 a
811 1073 975 1107 Domino
1005 1072 1113 1117 (sicut
1144 1073 1276 1117 legitur
1305 1083 1317 1106 1
1349 1074 1440 1117 Reg.
1467 1074 1537 1108 xvi.
1570 1083 1680 1117 14—23
1707 1080 1743 1108 et

411 1130 508 1164 xviii.
532 1129 601 1175 10),
621 1137 657 1165 et
679 1130 774 1165 forte
797 1131 903 1165 Acab
928 1131 1108 1175 deceptus
1135 1142 1156 1165 a
1183 1131 1350 1165 Sathana
1376 1131 1595 1166 auctoritate
1619 1131 1744 1166 divina
1761 1147 1797 1179 15

412 1188 640 1233 precipiente
665 1195 727 1223 aut
749 1189 895 1223 favente
916 1188 1024 1233 (sicut
1043 1188 1178 1233 legitur
1195 1198 1214 1232 3
1234 1190 1326 1232 Reg.
1346 1188 1382 1222 in
1408 1187 1495 1233 fine)
1514 1201 1522 1232 ;
1550 1195 1612 1223 aut
1632 1189 1744 1224 fiebat

412 1258 478 1291 per
507 1247 659 1291 angelos
689 1247 819 1289 malos,
850 1247 933 1280 Deo
960 1246 1013 1281 eis
1043 1247 1180 1281 nullam
1208 1247 1464 1281 auctoritatem
1492 1248 1681 1292 prebente,
1709 1254 1745 1283 et

411 1305 558 1339 fuerunt
577 1311 681 1339 actus
700 1304 901 1338 demonum
919 1311 954 1339 et
973 1311 1223 1339 creaturarum
1241 1305 1389 1339 abusus.

461 1364 551 1397 IOH.
580 1364 661 1396 Iam
676 1362 766 1397 satis
781 1363 933 1397 attendo
948 1362 1048 1407 quod
1059 1369 1162 1397 actus
1175 1362 1293 1397 eciam
1305 1362 1484 1405 mutandi,
1505 1362 1597 1397 sicut
1611 1363 1743 1397 Domi-

410 1432 481 1455 nus
500 1420 537 1454 in
559 1421 690 1455 Chana
710 1420 853 1455 Galilee
878 1431 1014 1465 aquam
1040 1420 1196 1454 mutavit
1216 1420 1250 1454 in
1268 1420 1407 1463 vinum,
1427 1420 1603 1465 competit
1617 1420 1742 1454 divino
1759 1435 1799 1457 20

411 1478 601 1522 dominio3
634 1478 735 1513 cuius
762 1485 865 1512 actus
895 1478 1015 1513 eciam
1040 1477 1271 1520 exercicium,
1298 1485 1476 1523 tanquam
1499 1478 1744 1513 ministerium

412 1536 566 1581 gerenti,
594 1536 718 1580 Moysi
752 1547 859 1570 servo
893 1548 959 1570 suo
985 1536 1180 1579 commisit,
1215 1536 1366 1581 quando
1399 1547 1515 1581 aquas
1549 1536 1743 1571 fluviorum

412 1595 551 1639 Egypti
575 1594 756 1629 convertit
783 1594 820 1628 in
838 1594 1061 1639 sanguinem
1080 1601 1115 1629 et
1133 1594 1277 1638 virgam
1295 1594 1476 1629 convertit
1496 1594 1532 1629 in
1552 1595 1743 1630 colubrum

410 1660 446 1687 et
459 1653 552 1687 alios
570 1652 641 1686 hiis
658 1652 795 1686 similes
808 1659 913 1687 actus
928 1652 1090 1687 exercuit
1104 1651 1165 1696 (de
1178 1652 1310 1696 quibus
1328 1652 1462 1696 legitur
1480 1653 1548 1686 Ex.
1566 1653 1626 1686 vii.
1645 1653 1743 1698 capi-

410 1711 487 1745 tulo
505 1717 541 1745 et
559 1710 683 1744 multis
701 1709 957 1755 sequentibus)
976 1722 982 1744 :
1011 1716 1047 1744 et
1065 1709 1203 1744 similes
1221 1716 1326 1744 actus
1345 1721 1410 1754 per
1427 1721 1512 1744 suos
1532 1711 1742 1745 sacerdotes
1759 1723 1796 1755 25

412 1774 557 1803 exercet
575 1768 709 1803 cotidie
728 1768 764 1802 in
791 1768 1031 1803 conversione
1058 1768 1164 1813 panis
1192 1768 1227 1801 in
1252 1779 1384 1812 corpus
1410 1779 1517 1802 suurn
1542 1774 1578 1803 et
1604 1768 1679 1802 vini
1706 1769 1742 1803 in

410 1826 641 1871 sanguinem.
694 1827 786 1860 Item
806 1826 925 1861 eciam
943 1826 1033 1860 mihi
1051 1826 1197 1860 videtur
1214 1826 1314 1870 quod
1332 1831 1435 1860 actus
1448 1826 1693 1861 resuscitandi
1706 1832 1741 1861 et

411 1884 531 1919 eciam
549 1884 802 1918 re*formandi
821 1890 1037 1928 competunt
1054 1884 1179 1918 divino
1193 1883 1358 1917 dominio
1376 1895 1383 1918 ε
1412 1894 1567 1927 quorum
1581 1883 1742 1928 primum
1755 1888 1786 1916 B

410 1954 475 1987 per
493 1954 533 1977 se
552 1942 673 1987 ipsum
693 1942 877 1976 Dominus
895 1942 1055 1976 exercuit
1076 1943 1253 1976 Lazarum
1272 1941 1527 1975 resuscitando
1545 1953 1567 1976 a
1588 1940 1742 1975 mortuis

413 2001 465 2045 (ut
492 2000 623 2044 legitur
651 2001 702 2034 Io.
721 1999 780 2034 xii.
803 2000 847 2043 1),
873 2006 909 2034 et
933 2011 999 2044 per
1028 1999 1189 2044 Helyam
1215 2005 1326 2044 atque
1355 1999 1549 2033 Heliseum
1576 1998 1743 2033 similiter
1757 2001 1798 2031 30

412 2058 522 2102 (sicut
548 2064 649 2102 patet
676 2067 696 2101 3
715 2059 806 2101 Reg.
826 2057 911 2092 xvii.
929 2063 965 2092 et
984 2067 1006 2100 4
1025 2058 1117 2101 Reg.
1137 2056 1197 2100 iv.)
1214 2069 1222 2100 3
1252 2057 1457 2091 secundum
1475 2068 1574 2099 vero,
1603 2056 1742 2091 scilicet

409 2115 730 2158 reformacionem,
759 2115 795 2148 in
822 2115 993 2149 faciendo
1020 2114 1093 2148 alia
1118 2114 1295 2148 miracula
1321 2125 1409 2158 sepe
1435 2114 1595 2148 exercuit
1620 2125 1686 2158 per
1704 2125 1742 2148 se

410 2174 531 2218 ipsum
550 2180 585 2208 et
604 2184 669 2218 per
686 2185 772 2207 suos
790 2174 980 2217 apostolos
998 2179 1107 2217 atque
1126 2172 1339 2216 discipulos,
1359 2179 1396 2206 et
1416 2172 1551 2207 cotidie
1564 2183 1629 2217 per
1643 2171 1741 2206 viros

409 2232 606 2266 virtutibus
626 2232 822 2276 insignitos
839 2238 876 2266 et
894 2231 1092 2265 sanctitate
1111 2231 1297 2276 preclaros
1316 2237 1469 2265 exercet.

456 2292 543 2325 RIC.
596 2291 679 2324 Hec
704 2290 830 2325 omnia
863 2290 1060 2334 prudenter
1093 2288 1268 2323 attendis.
1319 2289 1382 2323 Set
1409 2299 1556 2332 semper
1581 2287 1741 2331 intellige
1755 2295 1794 2327 35

409 2349 507 2393 quod
534 2348 703 2382 homines
730 2348 765 2382 in
793 2347 872 2382 istis
899 2347 1072 2392 operibus
1099 2358 1210 2390 supra
1235 2353 1404 2381 naturam
1439 2351 1542 2380 erant
1579 2345 1741 2380 Deitatis

410 2407 642 2441 solummodo
684 2406 939 2448 instrumenta,
980 2415 1053 2439 non
1094 2403 1316 2448 attingencia
1357 2404 1405 2437 ad
1454 2403 1606 2437 effectus
1648 2413 1741 2448 quos

408 2475 593 2507 numeras,
614 2463 762 2506 scilicet,
782 2470 886 2497 actus
912 2463 1010 2507 pleni
1037 2463 1124 2496 iuris
1148 2462 1274 2496 utendi
1301 2462 1337 2495 in
1363 2463 1469 2505 De0;
1498 2467 1553 2495 set
1577 2472 1641 2495 eos
1667 2460 1740 2504 egit

409 2522 621 2556 immediate
649 2521 729 2566 ipsa
755 2521 880 2555 divina
905 2520 1085 2565 potencia,
1121 2531 1250 2554 omnes
1287 2518 1480 2563 (intelligo)
1512 2529 1604 2563 quos
1636 2519 1740 2552 Deus

409 2592 475 2625 per
496 2580 647 2623 angelos
675 2579 887 2612 immediate
907 2590 1097 2612 excercere
1123 2588 1197 2611 non
1221 2577 1353 2621 potuit,
1373 2577 1498 2621 quales
1525 2575 1628 2610 multi
1655 2581 1739 2610 sunt
1753 2579 1795 2609 40

410 2644 513 2672 actus
532 2636 658 2679 divini,
678 2643 715 2670 ut
743 2636 815 2670 iarn
840 2636 1006 2680 superius
1030 2641 1085 2669 est
1111 2641 1312 2669 ostensum.
1366 2633 1636 2668 Conversiones
1654 2644 1739 2667 vero

410 2695 666 2740 corporalium,
686 2706 755 2739 que
779 2701 896 2728 tractu
924 2692 1099 2737 temporis
1127 2692 1202 2726 fieri
1225 2698 1422 2736 potuerunt
1445 2703 1511 2736 per
1533 2691 1738 2725 naturalem

410 2753 629 2798 potenciam,
665 2764 755 2797 quas
790 2752 909 2796 angeli
945 2757 1021 2784 tam
1055 2751 1143 2785 boni
1178 2761 1289 2794 quam
1323 2749 1409 2783 mali
1452 2755 1599 2793 propter
1633 2759 1738 2782 suam

409 2811 670 2854 fortitudinem,
706 2810 923 2854 agilitatem,
956 2815 1066 2853 atque
1102 2807 1298 2842 scienciam
1340 2807 1459 2841 facere
1497 2812 1665 2851 poterant
1701 2805 1737 2838 in
