2008 3305
205 192 290 220 CAP.
307 178 419 236 vm]
684 187 827 219 LIBER
860 186 1057 218 PRIMUS.

89 304 356 347 161³]versalis
378 302 637 340 essencialiter
664 301 737 339 hoc
765 301 967 338 causantis.
1025 299 1139 336 Unde
1164 298 1356 348 singulare
1383 305 1440 336 est
1462 311 1530 347 per

200 373 379 411 accidens
415 378 452 410 et
488 371 721 421 incompleta
765 383 881 408 causa
919 370 1195 418 cuiuscumque
1243 369 1301 405 sui
1343 368 1530 417 suppositi

200 443 417 480 necessario
454 441 644 491 requisita.
700 441 752 478 Et
790 439 1139 489 correspondenter
1176 438 1223 475 de
1258 438 1436 476 dominiis
1474 443 1531 475 est

200 512 417 550 dicendum.
486 511 570 549 Nec
603 517 660 548 est
689 510 903 560 putandum
938 509 1044 559 quod
1083 508 1304 546 dominacio
1341 506 1416 545 Dei
1454 519 1531 556 qua

170 582 477 626 5universalibus
507 581 737 618 dominatur·
755 593 835 618 non
865 580 911 617 sit
941 578 1155 628 singularis,
1188 590 1277 616 cum
1307 578 1393 618 sit†
1422 578 1530 614 illum

200 653 414 690 dominium
427 651 548 689 taliter
560 651 749 688 dominari
763 663 772 696 3
794 650 861 687 sed
882 655 937 687 est
951 648 1173 686 universalis
1190 648 1321 697 quoad
1336 648 1532 685 obiectum

201 728 237 760 et
274 722 475 760 servicium
509 721 748 759 correlatum.
818 720 869 757 Et
903 720 934 757 si
973 719 1137 756 obicitur
1170 718 1276 769 quod
1309 718 1416 755 Deus
1450 730 1532 755 non

200 792 315 829 utitur
333 804 373 829 re
394 791 603 837 communi,
618 803 708 828 cum
723 796 831 828 actus
852 796 939 827 sunt
963 789 1249 839 suppositorum
1270 787 1531 833 solummodo,

200 862 337 899 dicitur
357 861 461 911 quod
481 861 588 899 Deus
611 861 824 898 maximum
844 872 959 898 usum
978 859 1095 897 habet
1115 859 1161 896 de
1181 860 1296 896 rebus
1316 858 1532 896 communi-

150 941 189 964 10
200 933 284 978 bus,
305 944 395 969 cum
415 932 485 969 sibi
505 931 749 969 subserviunt
768 931 817 968 ad
837 930 1078 968 causandum
1099 941 1330 980 quecunque
1351 941 1421 967 sua
1440 940 1531 977 sup-

110 1006 188 1038 17A
199 1002 325 1052 posita
358 1008 395 1039 et
427 1014 497 1050 per
525 1013 770 1051 consequens
799 1000 848 1038 ad
877 999 1119 1038 causandum
1137 999 1155 1018 '¹‘
1187 1000 1320 1037 omnia
1351 1011 1426 1048 que
1462 1010 1532 1035 sua

201 1072 401 1122 supposita
427 1077 698 1109 consecuntur.
758 1070 834 1108 Sed
857 1083 938 1109 non
967 1083 1014 1108 ex
1040 1069 1116 1108 hoc
1142 1069 1312 1118 sequitur
1339 1068 1446 1118 quod
1473 1080 1533 1106 res

202 1142 420 1180 communis
445 1141 573 1188 currit,
596 1141 777 1188 ambulat,
792 1140 851 1178 vel
879 1141 1003 1178 forma
1031 1140 1158 1189 aliqua
1181 1139 1239 1176 sui
1268 1138 1453 1176 individui
1477 1138 1533 1175 in-

202 1211 398 1258 formatur,
421 1217 462 1248 ut
491 1211 598 1249 Deus
627 1218 760 1249 causat
788 1217 950 1256 motum,
975 1209 1283 1260 generacionem,
1306 1215 1343 1247 et
1371 1208 1534 1246 breviter

152 1293 188 1325 15
204 1283 415 1332 quamlibet
442 1282 605 1320 formam
636 1287 831 1328 creatam3
877 1281 974 1319 sicut
1002 1287 1039 1318 et
1069 1280 1280 1329 quamlibet
1308 1285 1534 1325 creaturam,

202 1354 289 1391 licet
308 1366 389 1391 non
409 1353 623 1391 secundum
643 1352 787 1390 formas
805 1351 1024 1389 huiusmodi
1044 1350 1281 1388 informetur.
1316 1349 1409 1388 Non
1429 1349 1534 1387 enim

202 1430 259 1461 est
278 1423 425 1473 precise
446 1423 548 1460 idem
568 1430 727 1461 currere·
739 1429 776 1460 et
796 1427 952 1460 cursum
973 1421 1134 1466 causari,
1152 1421 1242 1469 quia
1260 1427 1352 1458 tunc
1367 1426 1534 1458 curreret

202 1494 411 1540 obiectum,
443 1493 583 1539 anima,
612 1499 649 1530 et
678 1492 862 1542 quidlibet
890 1492 1024 1529 iuvans
1053 1490 1196 1528 animal
1218 1490 1268 1527 ad
1294 1489 1537 1528 currendum.

202 1563 446 1601 Universalia
475 1575 581 1612 ergo,
622 1575 712 1601 cum
749 1562 892 1600 faciunt
929 1561 1142 1606 utilissime,
1182 1560 1460 1605 efficacissime,
1501 1566 1538 1597 et

152 1648 192 1669 20
203 1634 484 1683 regulatissime
514 1633 607 1670 illud
627 1633 731 1682 quod
752 1632 904 1678 debent,
925 1631 1234 1669 indefectibiliter
1265 1631 1433 1668 serviunt
1453 1630 1540 1668 Deo

205 1717 296 1742 suo:
326 1711 362 1742 et
390 1716 458 1753 per
483 1715 727 1753 consequens
746 1702 854 1741 Deus
877 1703 924 1741 de
945 1702 1000 1740 eis
1019 1701 1135 1739 habet
1158 1713 1273 1738 usum
1293 1701 1539 1745 uberrimum,

204 1775 299 1813 sicut
316 1774 498 1824 superius,
512 1773 771 1820 constancius‚
787 1779 825 1810 et
842 1772 913 1810 sibi
926 1772 1084 1810 similius
1096 1772 1179 1821 ipsa
1192 1777 1389 1816 sustentat,
1401 1770 1538 1820 dirigit,

204 1852 241 1884 et
260 1846 457 1895 gubernat.
513 1843 738 1882 Universale
759 1855 930 1893 namque
958 1850 1015 1881 est
1035 1843 1075 1879 in
1095 1842 1269 1891 pluribus
1289 1841 1383 1879 locis
1413 1841 1537 1887 simul,

203 1928 296 1967 ymo
324 1915 534 1953 universale
564 1914 791 1961 substancie,
812 1913 957 1963 puncti,
978 1919 1016 1950 et
1043 1913 1228 1962 corporis,
1239 1919 1276 1950 et
1302 1912 1536 1958 huiusmodi,

153 1999 191 2031 25
206 1998 370 2036 quorum
398 1985 604 2034 singularia
632 1991 722 2023 sunt
754 1984 910 2034 insuper
937 1983 1174 2030 universalia,
1195 1982 1480 2031 ingenerabilia,
1501 1988 1537 2019 et

207 2056 521 2105 incorruptibilia,
542 2062 580 2093 et
598 2067 666 2104 per
690 2066 933 2104 consequens
962 2054 1307 2091 intransmutabilia
1330 2059 1367 2090 et
1391 2059 1534 2100 eterna,

207 2134 244 2165 et
265 2127 319 2164 sic
339 2126 388 2164 de
408 2126 537 2164 multis
564 2125 857 2164 condicionibus
877 2124 1131 2162 laudabilibus
1152 2124 1295 2173 quibus
1315 2123 1402 2161 Deo
1423 2134 1539 2172 supra

206 2197 405 2246 supposita
437 2196 685 2242 simulantur;
716 2202 850 2244 utputa
876 2195 983 2244 quod
1009 2194 1153 2232 habent
1182 2194 1311 2232 minus
1340 2193 1538 2231 racionem

207 2267 433 2313 substancie‚
456 2266 561 2317 quod
580 2273 668 2304 sunt
688 2266 810 2315 magis
832 2265 1028 2314 simplicia,
1050 2271 1087 2302 et
1107 2277 1175 2314 per
1190 2276 1432 2314 consequens
1452 2264 1538 2313 plus

154 2354 195 2385 50
207 2337 439 2386 attingencia
466 2337 664 2382 unitatem,
687 2335 793 2385 quod
812 2335 940 2372 minus
969 2335 1112 2372 habent
1133 2335 1180 2372 de
1201 2333 1478 2380 causabilitate,
1500 2340 1538 2372 et

207 2408 261 2445 sic
282 2407 330 2445 de
345 2407 474 2445 multis
495 2406 791 2444 condicionibus
812 2417 907 2455 quas
927 2418 1008 2444 non
1031 2405 1188 2455 expedit
1208 2405 1268 2444 hic
1289 2417 1451 2444 narrare.

260 2478 320 2515 Ex
341 2478 480 2527 quibus
510 2477 680 2527 sequitur
700 2476 806 2526 quod
836 2476 939 2514 solus
968 2475 1074 2514 Deus
1102 2475 1217 2513 habet
1246 2488 1361 2525 super
1384 2476 1535 2513 univer-

207 2548 302 2603 salia
327 2548 485 2598 plenum
505 2547 731 2586 dominium.
789 2546 974 2585 Creatura
1002 2558 1171 2596 namque
1192 2558 1273 2584 non
1293 2553 1420 2596 potest
1449 2559 1534 2597 per-

207 2618 346 2657 fectam
367 2618 534 2668 speciem
557 2630 750 2667 generare,
773 2629 1026 2667 corrumpere,
1046 2616 1105 2654 vel
1134 2616 1243 2654 aliter
1262 2616 1466 2654 immutare
1486 2617 1536 2654 ad

326 2712 365 2729 12.
382 2711 420 2729 ex
431 2703 481 2729 hoc
493 2702 568 2729 AC:
588 2702 693 2729 exhinc
706 2701 739 2729 B.
853 2711 890 2735 13.
911 2701 1116 2734 informatur:
1133 2701 1215 2728 codd.
1233 2701 1421 2734 infirmetur.

573 2787 620 2809 10.
646 2777 696 2809 Cf.
714 2778 754 2809 de
770 2777 830 2809 civ.
847 2778 949 2810 Dom.
965 2777 985 2808 i.
1007 2786 1046 2817 14
1061 2787 1093 2818 p.
1111 2783 1163 2819 97.

777 2851 800 2876 E
823 2851 841 2874 2

1549 2488 1572 2504 2.
1595 2477 1658 2504 God
1671 2477 1753 2504 alone

1548 2513 1600 2538 has
1612 2512 1662 2537 full
1675 2510 1801 2544 lordship

1548 2554 1614 2571 over
1627 2545 1675 2571 the
1688 2544 1747 2571 uni-

1547 2575 1647 2605 versal.
