2008 3305
222 230 308 260 CAP.
331 217 388 275 πα]
681 228 826 261 LIBER
859 228 1084 262 TERTIUS.
1748 227 1828 274 235

109 351 207 393 8113]
223 344 422 394 supposito
457 344 716 382 reconciliavit
749 357 816 394 per
849 344 867 364 ’¹‘
899 345 1060 383 modum
1091 344 1221 383 arralis
1252 344 1430 382 comercii
1460 344 1550 382 Tri-

222 415 340 452 nitati.

277 485 419 524 Tercio
440 486 588 524 videtur
608 485 852 535 probabiliter
873 497 988 535 posse
1005 485 1078 523 dici
1093 484 1199 534 quod
1219 485 1378 534 quilibet
1399 485 1551 534 spiritus
1563 500 1584 518 c·
1603 491 1664 517 Itis
1677 490 1812 524 probable

1563 526 1624 551 that
1638 534 1702 550 man
1715 525 1738 550 is

222 555 415 593 humanus
432 557 524 594 citra
540 555 736 594 Christum
752 556 868 593 habet
879 568 1001 593 unum
1022 562 1265 593 momentum
1282 562 1370 593 ante
1384 562 1549 593 mortem
1562 559 1729 618 tggffsglessoffn
1743 558 1783 583 in-

189 632 207 665 5
221 626 260 663 in
280 638 358 676 quo
379 626 539 664 finaliter
559 627 697 664 mereri
717 627 855 675 poterit
877 626 935 663 vel
956 626 1151 663 demereri.
1209 625 1313 663 Nam
1344 626 1448 663 iuxta
1467 638 1550 675 pre·
1563 624 1812 691 ssgssssssgssssgbssffisse

222 697 323 734 dicta
355 709 473 734 nemo
503 703 629 746 potest
663 697 870 734 beatificari
899 697 970 734 nisi
1001 696 1128 745 previe
1152 702 1366 733 mereatur:
1397 696 1465 733 sed
1493 696 1550 732 in·
1563 692 1658 719 death·

221 766 344 804 fantes
373 779 444 817 pro
475 767 629 805 Christo
658 767 787 813 occisi,
821 768 915 804 sicut
950 767 1012 803 alii
1046 767 1174 804 statim
1201 773 1290 815 post
1315 767 1551 815 baptismum

221 837 373 883 mortui,
414 843 504 874 sunt
541 837 666 883 beati;
698 848 791 886 ergo
824 843 976 886 oportet
1009 825 1114 887 quod
1148 837 1274 885 previe
1307 843 1548 875 mereantur:

221 919 313 956 ergo
333 907 554 957 relinquitur
574 907 645 945 illis
664 919 743 944 una
762 907 913 944 morula
934 907 983 944 ad
1003 907 1241 944 merendum.
1301 906 1378 944 Sed
1393 906 1551 956 quando

165 987 210 1009 v10
222 978 318 1015 foret
355 978 429 1016 hoc
469 978 728 1027 pertinencius
767 990 885 1026 quam
917 977 1074 1026 quando
1110 978 1288 1027 potencie
1320 977 1447 1015 anime
1470 990 1551 1015 non

222 1055 311 1086 sunt
341 1048 443 1085 mole
478 1048 650 1097 corporis
685 1060 756 1085 nec
785 1048 910 1085 officio
940 1060 1010 1085 suo
1038 1048 1234 1098 regiminis
1268 1055 1467 1098 occupate,
1499 1055 1550 1094 ut,

221 1119 388 1168 exempli
426 1119 567 1168 gracia,
612 1131 680 1168 per
716 1119 794 1156 duo
826 1119 885 1156 vel
916 1119 985 1156 tria
1015 1119 1203 1156 instancia
1235 1125 1323 1156 ante
1357 1120 1551 1157 mortem?

221 1188 500 1226 Verumtamen
520 1201 636 1226 nemo
657 1195 783 1238 potest
804 1189 938 1226 salvari
959 1189 1032 1225 nisi
1059 1189 1108 1226 ad
1128 1189 1331 1226 minimum
1356 1190 1550 1239 baptismo

221 1258 405 1296 Flaminis
435 1260 655 1308 baptisetur.
712 1259 763 1296 Et
789 1259 989 1308 requiritur
1012 1259 1052 1296 in
1080 1259 1196 1297 Novo
1224 1259 1477 1297 Testamento
1506 1272 1551 1298 ac

170 1338 207 1371 15
222 1329 363 1366 Vetere
384 1329 488 1379 quod
507 1329 634 1367 omnis
655 1329 820 1367 salvatus
841 1330 1052 1379 baptisetur
1071 1330 1275 1367 efficaciter
1304 1342 1405 1379 aqua
1425 1330 1550 1368 lateris

223 1399 365 1437 Christi
385 1406 422 1437 et
441 1400 570 1448 gracia
592 1399 754 1449 Spiritus
776 1400 906 1437 sancti.
963 1400 1010 1436 In
1027 1399 1139 1438 Novo
1155 1402 1279 1438 eciam
1295 1401 1549 1439 Testamento

221 1471 377 1519 requirit
399 1469 506 1507 Deus
526 1482 597 1519 pro
625 1470 747 1520 figura
770 1470 877 1519 quod
906 1471 986 1507 nati
1010 1471 1080 1508 sibi
1107 1472 1358 1520 spiritualiter,
1385 1473 1449 1521 qui
1470 1484 1551 1509 non

221 1541 459 1590 baptisantur
471 1542 662 1590 baptismo
679 1542 886 1590 sanguinis,
900 1542 1093 1590 baptismo
1107 1542 1289 1580 Flaminis
1303 1543 1550 1592 baptisentur.

220 1611 323 1657 Quia
342 1618 471 1649 tamen
492 1612 561 1649 ista
588 1613 785 1650 sentencia
812 1624 892 1649 non
919 1618 1092 1661 patenter
1118 1614 1299 1651 omnibus
1319 1620 1444 1663 potest
1465 1613 1547 1651 elici

168 1698 208 1720 20
220 1694 267 1720 ex
291 1681 496 1731 Scriptura,
520 1682 608 1720 ideo
638 1695 717 1720 non
747 1695 928 1732 presumo
957 1683 1028 1721 nisi
1058 1695 1147 1721 cum
1177 1684 1328 1722 decenti
1357 1684 1549 1723 modestia

218 1753 321 1791 illam
340 1765 519 1791 asserere.

680 1898 1008 1937 CAPITULUM
1038 1899 1085 1938 V.

273 2013 335 2051 Ex
354 2013 433 2052 istis
454 2013 643 2063 colligitur
663 2014 769 2064 quod
789 2014 898 2052 Deus
918 2016 1072 2065 proprie
1093 2016 1322 2054 accomodat
1343 2017 1446 2055 dona
1467 2030 1546 2064 sua,
1561 2034 1605 2061 oF
1624 2034 1735 2061 omen.

124 2095 208 2124 82A
221 2084 309 2133 quia
332 2083 350 2103 *
378 2085 432 2121 ad
453 2086 675 2122 commodum
704 2086 778 2131 dat,
810 2085 976 2123 limitans
1010 2099 1124 2124 usum
1155 2088 1301 2125 licitum
1335 2089 1547 2126 secundum

167 2167 206 2199 25
221 2161 372 2203 tempus
399 2167 444 2192 ac
473 2156 695 2204 potenciam
723 2156 934 2205 repetendi,
956 2158 1146 2195 servando
1174 2158 1288 2207 plene
1319 2160 1389 2197 sibi
1420 2160 1545 2197 domi-

218 2226 347 2262 nium:
376 2232 528 2275 tempus
549 2226 716 2275 quidem,
737 2226 841 2263 iuxta
864 2226 954 2264 illud
975 2227 1048 2265 Iob
1068 2228 1141 2266 xiv.
1164 2238 1199 2276 5,
1224 2229 1462 2267 Conslz‘luzktz‘
1475 2235 1546 2267 ter-

218 2298 335 2333 minos
366 2298 454 2343 ez'us,
485 2298 554 2346 qui
566 2298 750 2346 preteriri
774 2310 845 2334 non
866 2303 1051 2346 poterant.
1110 2298 1185 2336 Sed
1219 2312 1291 2338 nec
1317 2300 1420 2338 idem
1444 2308 1544 2339 tacet

220 2366 411 2416 Scriptura
431 2375 582 2414 nostra;
612 2380 701 2405 cum
722 2367 816 2405 Luc.
837 2369 886 2405 xi.
910 2371 999 2416 5—8,
1022 2376 1227 2419 postquam
1241 2371 1392 2409 Veritas
1414 2373 1546 2410 docuit

218 2437 428 2486 discipulos
448 2450 618 2484 exorare,
640 2451 680 2476 se
710 2450 794 2476 esse
824 2439 948 2476 innuit
977 2440 1156 2486 amicum,
1188 2442 1253 2490 qui
1282 2443 1389 2479 omni
1419 2443 1546 2481 debite

165 2528 208 2559 30
220 2509 373 2557 petenti,
405 2509 588 2558 querenti,
615 2516 650 2546 et
677 2509 845 2558 pulsanti
873 2511 1103 2548 accomodat
1134 2515 1207 2548 tres
1228 2519 1358 2561 panes,
1395 2514 1545 2561 scilicet,

219 2579 366 2615 bonum
386 2579 549 2625 fortune,
572 2586 718 2626 nature,
747 2585 784 2616 et
811 2580 948 2628 gracie.
1007 2580 1082 2618 Sed
1106 2593 1177 2619 nec
1202 2582 1276 2620 hoe
1302 2584 1392 2620 verti
1419 2592 1546 2633 potest

218 2648 258 2685 in
278 2648 449 2695 dubium,
471 2661 560 2686 cum
584 2649 701 2695 Deus,
727 2649 757 2686 si
782 2650 845 2686 dat
871 2650 1016 2699 aliquid
1045 2658 1228 2699 creature,
1250 2659 1341 2690 tunc
1365 2654 1483 2692 donat
1510 2661 1547 2693 et

219 2725 362 2767 prestat
388 2719 502 2765 idem,
526 2719 660 2756 ablatis
686 2720 986 2757 circumstanciis
1015 2723 1209 2770 prestandi
1240 2736 1314 2773 que
1344 2724 1547 2774 imperfec-

289 2835 326 2858 18.
340 2834 497 2865 flaminis:
519 2834 599 2860 codd.
611 2833 763 2866 fluminis.
1093 2846 1133 2869 24.
1152 2839 1161 2866 ΙΙ
1175 2838 1308 2864 limitans
1324 2839 1345 2865 B
1360 2840 1374 2865 f.
1393 2841 1440 2872 248
1451 2849 1476 2865 D.
