2008 3305
187 247 273 275 cAP.
292 231 406 289 xm]
661 242 804 272 LIBER
838 235 1034 274 PRIMUS.
1710 240 1728 266 1
1741 239 1786 267 Π

73 360 174 403 3610]
188 364 307 396 totam
341 369 450 395 suam
480 356 722 406 genelogiam
750 369 819 405 per
849 356 1023 394 ordinem
1052 355 1227 394 texuisse.
1287 353 1391 392 Sicut
1420 364 1512 402 ergo

186 429 288 466 idem
317 429 463 465 instans
493 427 665 465 subiecto
696 427 909 464 secundum
939 426 1197 471 Aristotelem,
1227 431 1363 475 quarto
1392 424 1514 461 Phisi-

184 510 330 544 corum,
364 498 445 542 civ.,
481 503 537 534 est
575 508 692 534 omne
726 497 872 534 instans
902 502 940 533 et
970 509 1038 545 per
1073 507 1314 545 consequens
1347 495 1514 544 primum

185 569 340 613 instans,
366 568 418 604 sic
441 573 497 604 est
525 567 572 604 de
596 566 702 603 omni
728 579 867 615 genere
889 566 946 603 vel
971 566 1103 603 ordine
1134 565 1383 603 senciendum
1410 564 1515 614 quod

154 639 234 677 Ssit
265 650 384 674 unum
411 638 578 686 primum
608 637 704 674 illius
734 636 897 685 generis,
933 642 1099 674 metrum
1132 636 1307 673 omnium
1342 635 1515 672 aliorum.

186 708 284 745 Vide
308 737 314 745 .
337 736 346 746 .
370 737 376 745 .

240 778 350 824 Item,
372 778 402 815 si
422 776 589 814 mundus
614 777 827 815 eternaliter
848 783 1002 815 emanat
1022 789 1044 814 a
1064 776 1163 822 Deo,
1192 777 1290 814 sieut
1317 781 1518 814 senserunt
1531 775 1762 836 ῗὴὲξῐῖῗιξοῑὲτιῗέ

187 848 279 885 dicti
298 847 532 897 philosophi,
554 853 645 884 tunc
666 854 723 884 est
743 847 915 885 absolute
937 847 1197 885 necessarium
1218 847 1345 895 ipsum
1366 858 1460 890 esse,
1481 852 1517 882 et
1530 843 1775 903 ssssmafngssffggssrom

187 931 254 967 per
279 918 383 955 idern
409 917 621 966 quamlibet
649 923 797 966 partem
827 918 935 964 eius;
966 924 1002 954 et
1031 929 1099 966 per
1129 928 1371 965 consequens
1401 916 1517 954 nichil
1530 909 1779 970 ssossgvgssssffrssiffd

136 999 176 1021 10
188 995 245 1026 est
264 988 517 1037 contingens:
547 994 585 1025 et
606 993 789 1036 pereunte
811 987 1084 1036 contingencia
1104 987 1153 1024 ad
1182 987 1402 1024 utrumlibet
1430 999 1515 1036 per·
1531 977 1591 1004 5⁰¹¹
1604 977 1635 1003 Os
1645 977 1703 1002 “ee
1716 975 1772 1001 ΨΜ

187 1061 257 1096 iret
276 1058 315 1095 in
335 1057 422 1095 Deo
443 1064 480 1095 et
507 1069 577 1106 per
597 1069 843 1107 consequens
873 1057 913 1094 in
943 1058 1111 1106 qualibet
1141 1064 1314 1095 creatura
1333 1057 1518 1094 racionali

188 1130 340 1166 libertas
363 1127 714 1174 contradiccionis;
745 1135 782 1165 et
812 1128 865 1165 sic
896 1128 1113 1165 tollerentur
1133 1128 1309 1164 meritum
1333 1133 1370 1165 et
1390 1127 1519 1164 deme-

188 1200 312 1244 ritum,
346 1198 442 1235 vicia
468 1204 505 1235 et
536 1198 702 1243 virtutes,
728 1198 833 1255 quod
864 1204 922 1236 est
951 1204 1029 1235 tam
1064 1204 1198 1236 contra
1231 1197 1520 1247 philosophiam

190 1269 377 1306 moralem
408 1280 525 1317 quam
557 1280 685 1306 saeros
720 1280 902 1306 canones.
960 1268 1035 1305 Pro
1074 1269 1199 1317 prima
1238 1268 1521 1318 consequencia
1536 1285 1564 1302 a.
1585 1274 1612 1301 in
1626 1274 1699 1305 God.

139 1354 176 1386 15
191 1340 403 1378 notandum
437 1339 652 1377 secundum
682 1339 939 1385 Aristotelem,
972 1339 1097 1388 primo
1129 1338 1177 1376 de
1217 1338 1323 1385 Celo,
1356 1338 1524 1388 capitulo

190 1411 336 1452 ultimo,
376 1410 483 1459 quod
521 1410 735 1458 ingenitum
773 1416 811 1447 et
849 1409 1110 1458 ingenerabile
1149 1415 1434 1453 convertuntur,
1469 1408 1522 1445 sic
1537 1418 1601 1478 3120
1614 1417 1787 1476 woulssthen

192 1480 306 1530 quod,
346 1481 375 1517 si
415 1480 561 1529 aliquid
601 1480 646 1517 sit
684 1480 911 1529 ingenitum,
943 1480 1070 1529 ipsum
1104 1485 1160 1517 est
1198 1479 1454 1529 ingenerabile
1487 1485 1524 1516 et
1538 1460 1803 1545 εὲἔὲἐῖιέἑῖἓὲἳῗοη

99 1556 376 1596 37Aecontra;
420 1550 440 1573 *
472 1550 537 1595 sic,
572 1550 756 1596 videlicet,
799 1550 904 1599 quod
943 1550 990 1587 de
1029 1550 1131 1587 nulla
1170 1550 1352 1599 potencia
1385 1528 1553 1599 poterit⁰
1735 1537 1741 1548 ’

192 1621 375 1669 generari.
433 1619 517 1657 Nee
538 1619 613 1657 hoc
638 1620 802 1657 multum
830 1621 941 1657 distat
961 1633 984 1657 a
1003 1621 1156 1658 veritate
1181 1620 1412 1669 theologica,
1434 1632 1524 1657 cum

142 1691 232 1728 zoin
254 1690 391 1727 talibus
411 1691 549 1727 eternis
580 1691 751 1728 absolute
773 1691 997 1728 necessariis
1026 1703 1106 1728 non
1137 1691 1378 1739 distinguitur
1398 1702 1481 1727 esse
1502 1703 1524 1727 a

192 1773 307 1810 posse
324 1774 333 1807 ;
364 1767 405 1798 ut
425 1761 526 1799 idem
547 1767 605 1798 est
617 1762 773 1798 verbum
788 1767 893 1809 posse
904 1762 1070 1810 produci
1086 1768 1123 1799 et
1143 1762 1340 1798 actualiter
1351 1762 1521 1809 produci,

192 1839 230 1869 et
263 1832 294 1869 si
328 1831 496 1869 mundus
528 1838 584 1869 est
619 1832 859 1881 generabilis,
892 1838 983 1869 tunc
1016 1838 1073 1868 est
1104 1832 1255 1880 genitus
1287 1838 1322 1869 et
1356 1838 1524 1869 econtra.

193 1902 473 1940 Verumtamen
506 1902 683 1940 catholici
718 1903 778 1952 pie
813 1902 975 1940 credunt
1010 1902 1115 1951 quod
1145 1902 1253 1940 Deus
1282 1908 1407 1951 potest
1436 1914 1524 1951 pro-

195 1973 333 2010 ducere
367 1972 556 2009 mundum
591 1973 809 2010 sensibilem
844 1973 914 2010 etsi
948 1973 1076 2021 ipsum
1118 1985 1198 2010 non
1237 1972 1457 2021 produxerit
1487 1973 1525 2008 in

144 2057 181 2088 25
196 2042 344 2081 effectu.
404 2042 480 2080 Sed
500 2049 658 2080 econtra
684 2049 833 2092 oportet
853 2055 1136 2092 quemcumque
1163 2042 1436 2092 philosophum
1457 2055 1527 2091 po-

197 2120 352 2150 nentem
383 2113 572 2150 mundum
606 2125 690 2151 esse
722 2114 935 2162 ingenitum
975 2114 1152 2162 opinari;
1198 2113 1299 2162 quia,
1335 2113 1366 2149 si
1400 2113 1527 2161 potuit

195 2183 311 2221 fuisse
327 2189 489 2229 creatus,
506 2195 594 2220 cum
611 2195 746 2221 omnes
764 2184 914 2221 illorum
932 2184 1095 2233 argucie,
1114 2185 1143 2220 si
1165 2183 1413 2228 concludunt,
1429 2193 1528 2231 eque

198 2253 404 2291 efficaciter
436 2253 671 2291 concludunt
701 2253 807 2302 quod
840 2266 921 2291 non
952 2260 1079 2303 potest
1113 2254 1241 2291 stricte
1272 2253 1400 2298 creari,
1432 2253 1529 2289 sicut

198 2324 304 2373 quod
333 2335 413 2361 non
443 2330 592 2361 creatur
623 2323 669 2360 de
698 2323 811 2369 facto,
835 2336 915 2361 non
943 2323 1128 2361 haberent
1157 2323 1396 2361 evidenciam
1426 2322 1528 2358 unde

147 2413 188 2443 30
202 2393 388 2430 mundum
416 2393 612 2430 crederent
640 2394 793 2442 proprie
824 2406 904 2431 non
934 2400 1115 2430 creatum.
1175 2393 1270 2430 Ideo
1302 2399 1448 2430 certum
1473 2398 1529 2428 est

200 2463 304 2511 quod
324 2463 394 2511 ipsi
413 2469 693 2512 consequenter
713 2469 898 2511 negarent
917 2475 965 2500 ex
987 2464 1064 2500 suis
1093 2463 1292 2512 principiis
1322 2461 1430 2511 quod
1460 2461 1528 2498 fuit

200 2533 337 2570 mundi
375 2533 553 2581 potencia
587 2539 675 2570 ante
708 2540 848 2578 actum,
889 2533 954 2578 sic,
988 2533 1174 2578 videlicet,
1214 2533 1320 2582 quod
1360 2531 1529 2569 mundus

235 2656 257 2672 2.
279 2646 400 2672 subiecto
420 2647 459 2672 B:
479 2647 571 2672 subito
592 2646 659 2673 AC.
857 2649 879 2672 ὁ.
904 2647 970 2673 Post
995 2647 1067 2673 Vide
1086 2646 1114 2672 in
1136 2646 1197 2673 AC
1219 2646 1342 2679 spatium
1364 2644 1533 2678 relinquitur

201 2688 330 2710 vacuum,
345 2679 372 2705 in
388 2680 411 2705 B
424 2680 540 2706 nullum.
692 2689 731 2706 11.
753 2681 762 2709 ll
776 2681 924 2706 racionalz'
936 2681 958 2705 B
971 2680 988 2705 f.
1005 2682 1053 2705 228
1063 2688 1090 2705 D.
1241 2689 1279 2705 12.
1300 2680 1477 2706 tollerentur
1489 2679 1511 2704 B
1524 2685 1530 2704 Ζ

203 2714 332 2739 tollerem
345 2714 369 2739 A
379 2713 410 2739 C.

405 2784 432 2805 2.
458 2774 558 2806 Arist.
575 2775 672 2815 Phys.
691 2775 734 2806 iv.
756 2783 829 2815 104,
849 2783 886 2814 13
904 2785 936 2816 p.
956 2784 1014 2805 222
1035 2775 1138 2816 (Opp.
1158 2785 1178 2815 4
1194 2774 1214 2805 f.
1233 2775 1276 2815 84
1286 2775 1332 2813 C).

380 2834 427 2865 15.
453 2826 567 2857 Eiusd.
586 2826 626 2857 de
643 2826 748 2857 Coelo
765 2827 785 2857 i.
808 2835 842 2856 12
863 2837 896 2867 p.
916 2827 976 2865 283
991 2826 1007 2856 b
1025 2825 1129 2867 (opp.
1152 2835 1168 2865 5
1184 2825 1203 2857 f.
1223 2836 1264 2865 44
1276 2826 1329 2865 D).
