2008 3305
231 238 317 266 CAP.
340 223 444 282 xvi]
708 236 854 268 LIBER
886 236 1084 269 PRIMUS.

1752 234 1833 277 139

111 353 215 395 46B]
279 350 328 387 Et
349 351 379 387 si
403 350 566 388 obicitur
586 350 632 388 de
659 351 725 389 illo
747 351 862 398 Ozee,
883 352 1009 401 primo
1031 350 1209 400 capitulo,
1241 349 1346 396 Vade,
1368 361 1467 386 sume
1485 347 1833 385 lz‘bz'b-Objectionfrom

1567 384 1614 409 the
1627 384 1783 410 command
1794 387 1822 409 to

226 433 380 458 uxorem
385 421 662 469 fornicariam,
687 423 807 472 effac
822 423 1256 472 filzbsfornz'cacz'onum,
1278 420 1416 458 dicitur
1445 430 1552 457 com·
1567 418 1671 444 Ηθδεα-

225 491 391 528 muniter
411 491 517 540 quod
537 504 616 529 non
636 493 874 541 preceptorie
899 492 967 530 sed
986 492 1146 541 yronice
1165 490 1234 527 fuit
1255 490 1425 535 dictum3
1457 489 1555 526 sicut

224 561 316 599 illud
333 561 432 598 Gen.
448 562 496 598 iii.
518 574 562 599 22
587 574 609 598 a
628 561 715 599 Deo
735 562 878 599 dictum
900 567 957 600 est
977 561 1136 610 angelis,
1153 560 1261 606 Ecce,
1284 560 1410 596 Adam
1414 561 1555 608 factus

198 638 215 670 5
226 636 278 668 est
296 632 406 679 quasi
422 644 517 668 unus
536 644 586 669 ex
605 632 706 669 nobis
720 633 835 669 sciens
855 633 985 669 bonum
1001 636 1034 669 et
1046 632 1199 677 malum,
1215 643 1303 668 curn
1319 636 1450 667 tamen
1463 641 1554 678 pec-

226 708 312 739 cato
324 701 393 738 fuit
408 702 532 739 factus
547 702 743 752 insipiens.
777 702 853 740 Sed
868 715 937 752 per
951 703 1057 739 illam
1071 701 1249 751 yroniam
1265 707 1394 750 posset
1406 712 1554 749 cogno-

226 784 329 810 scere
358 778 551 821 temptans
581 773 827 810 mendacium
856 773 1027 819 deorum,
1050 771 1258 810 scienciam
1287 783 1333 808 ex
1359 771 1554 819 paricione

226 854 296 880 suo
325 843 509 880 mandato
538 843 697 880 subdole
724 843 994 892 promittentis,
1016 848 1053 880 et
1076 842 1213 880 talibus
1244 841 1554 890 suggestionibus

225 918 359 950 contra
378 913 606 950 mandatum
627 913 805 962 obligans
826 913 991 962 amplius
1012 925 1093 950 non
1113 924 1257 961 parere.
1315 911 1424 948 Talis
1450 910 1555 948 enim

176 982 375 1020 1olocueio
405 989 462 1020 est
492 983 661 1021 crebrior
695 984 735 1021 in
763 984 983 1033 Scriptura:
1015 990 1056 1021 ut
1085 983 1157 1020 Iob
1188 983 1224 1020 ii.
1258 996 1292 1030 9,
1325 982 1416 1020 dicit
1444 993 1554 1026 uxor,

223 1053 382 1089 Benedz‘c
409 1052 487 1089 Deo
515 1057 549 1090 et
576 1066 732 1100 morere;
774 1066 844 1103 per
881 1054 1201 1091 benediccionem
1235 1052 1555 1090 malediccionem

223 1123 355 1161 volens
382 1124 539 1172 yronice
566 1124 789 1173 intelligere,
824 1137 942 1174 quam
971 1137 1051 1162 non
1081 1124 1247 1161 audebat
1275 1129 1434 1172 propter
1466 1122 1554 1159 hor-

223 1206 349 1231 rorem
369 1194 607 1243 blasphemie
627 1196 845 1244 expressius
866 1195 1079 1232 nominare.
1139 1194 1216 1232 Sed
1236 1194 1384 1231 videtur
1412 1193 1552 1242 proba·
1566 1197 1774 1229 Explanation
1787 1195 1825 1227 of

223 1264 346 1301 biliter
374 1277 487 1314 posse
517 1265 590 1303 dici
622 1265 726 1315 quod
755 1271 980 1314 preceptum
1010 1265 1057 1303 sit
1088 1265 1193 1303 Osee
1228 1264 1278 1301 ad
1306 1264 1470 1301 litteram
1500 1263 1554 1301 sic

187 1336 368 1372 Gnubere
398 1342 435 1372 et
463 1336 561 1373 filios
589 1348 803 1385 procreare,
829 1335 847 1355 *
864 1348 952 1373 cum
974 1342 1047 1374 stat
1068 1336 1280 1385 specialiter
1300 1348 1348 1373 ex
1369 1334 1555 1372 mandato

225 1405 315 1442 dato
348 1405 420 1442 Dei
449 1406 730 1454 quantumlibet
760 1413 937 1444 sanctum
974 1407 1067 1444 ritus
1098 1406 1245 1443 Iudaici
1275 1406 1426 1442 mulieri
1457 1411 1555 1442 tem-

224 1487 319 1524 pore
349 1488 418 1514 suo
447 1476 632 1526 ydolatre,
654 1484 691 1514 et
721 1477 772 1515 sic
802 1477 1043 1526 spiritualiter
1072 1476 1286 1522 fornicarie,
1316 1476 1556 1514 matrimoni-

224 1546 332 1583 aliter
359 1547 551 1584 meritorie
579 1547 761 1596 copulari,
783 1554 819 1585 et
846 1547 943 1584 filios
973 1548 1039 1597 qui
1066 1553 1154 1596 post
1175 1559 1244 1584 suo
1265 1553 1440 1596 tempore
1469 1552 1557 1583 sunt

223 1615 395 1664 ydolatre
415 1629 626 1665 procreare.
686 1617 748 1655 Sic
769 1618 872 1655 enirn
892 1617 1039 1655 videtur
1059 1617 1164 1666 quod
1186 1616 1294 1654 Deus
1314 1617 1432 1654 voluit
1452 1616 1556 1654 hunc

174 1699 214 1721 20
229 1687 468 1736 prophetam,
510 1688 606 1725 sicut
645 1688 819 1733 Iesaiam,
854 1688 1070 1733 Ieremiam,
1110 1694 1146 1725 et
1184 1688 1429 1725 Ezechielem
1476 1699 1557 1724 non

228 1758 352 1795 solum
371 1759 495 1796 verbis
525 1759 592 1796 sed
621 1760 800 1808 operibus
829 1759 1073 1809 prophetare,
1094 1759 1200 1809 quod
1230 1756 1403 1809 (scilicet)
1435 1759 1558 1795 sancti

226 1827 436 1876 patriarche
457 1829 495 1865 in
517 1841 717 1879 synagoga
737 1830 952 1878 germinant
971 1829 1164 1879 ydolatras
1185 1829 1321 1878 quibus
1342 1828 1412 1865 fuit
1433 1828 1554 1877 possi-

227 1898 352 1935 bilitas
372 1898 446 1936 alio
467 1906 641 1948 tempore
662 1899 742 1937 fore
764 1906 931 1937 sanctos.
989 1899 1039 1936 Et
1065 1898 1314 1936 conformiter
1341 1898 1478 1935 dicitur
1504 1898 1556 1935 ad

228 1969 318 2006 illud
340 1976 568 2019 preceptum
588 1969 782 2016 Veritatis,
811 1969 932 2008 Marc.
954 1970 975 2006 i.
1000 1979 1047 2017 25
1070 1977 1106 2007 et
1127 1969 1222 2007 Luc.
1243 1970 1289 2007 iv.
1313 1980 1374 2018 35,
1396 1968 1553 2019 quando

175 2024 213 2086 25
229 2040 425 2088 imperavit
454 2040 686 2078 demonibus
715 2047 755 2077 ut
783 2046 965 2086 tacerent,
988 2040 1133 2078 docens
1156 2052 1225 2089 per
1253 2040 1328 2077 hoc
1358 2040 1555 2077 neminem

228 2109 367 2148 debere
400 2111 640 2148 inardescere
672 2110 775 2148 laudi
804 2111 959 2160 proprie
988 2118 1025 2148 et
1055 2111 1266 2160 specialiter
1296 2111 1345 2148 ab
1374 2110 1554 2159 indignis.

227 2179 277 2216 Et
310 2186 603 2229 consequenter,
639 2181 737 2218 sicut
775 2181 961 2219 demones
1000 2181 1272 2218 demeruerant
1311 2180 1555 2218 ostendendo

226 2250 501 2288 excellenciam
521 2251 713 2297 Veritatis,
735 2251 788 2289 sic
818 2258 950 2300 posset
971 2252 1046 2289 dici
1067 2251 1114 2289 de
1134 2251 1288 2297 sanatis,
1314 2250 1410 2288 Mat.
1431 2251 1479 2288 ix.
1504 2263 1555 2299 30

229 2326 266 2357 et
278 2319 375 2357 Mar.
388 2321 411 2357 i.
429 2333 491 2367 44,
505 2322 642 2371 quibus
658 2322 865 2371 precipitur
885 2334 933 2359 ne
949 2322 1009 2359 cui
1023 2322 1203 2367 dicerent,
1220 2327 1257 2359 et
1273 2328 1403 2359 tamen
1419 2328 1555 2370 postea

175 2404 216 2435 30
229 2390 488 2428 diffamarunt.
545 2391 618 2428 Vel
638 2391 746 2429 aliter
766 2391 949 2429 docemur
969 2391 1100 2441 fugere
1120 2392 1275 2429 inanem
1301 2391 1555 2429 insolenciam

228 2467 355 2498 nostre
375 2461 496 2499 laudis
517 2474 588 2499 nec
609 2461 771 2499 aliorum
794 2462 1129 2511 magnificenciam
1156 2462 1203 2499 de
1230 2462 1344 2499 nobis
1374 2462 1556 2499 extollere

228 2530 277 2567 ad
296 2532 558 2569 ostensionem
579 2532 731 2581 proprie
754 2532 958 2581 dignitatis.
1016 2532 1067 2569 Et
1087 2533 1161 2570 hoc
1177 2532 1323 2569 videtur
1343 2532 1556 2581 optativum

228 2601 400 2648 modum,
418 2614 498 2640 non
519 2603 798 2652 imperativum,
819 2602 1025 2641 Salvatoris
1045 2603 1261 2652 exprimere
1273 2615 1283 2649 ,·
1305 2608 1341 2640 et
1361 2603 1412 2640 ita
1432 2609 1559 2651 potest

263 2704 284 2728 6.
300 2703 405 2734 factus
419 2704 457 2729 B:
479 2713 532 2730 om.
545 2704 611 2730 AC.
681 2713 706 2738 9.
725 2704 803 2730 enim
816 2705 841 2730 A
851 2704 891 2730 C:
912 2704 1029 2736 quidem
1044 2704 1075 2730 B.
1147 2714 1185 2737 17.
1202 2705 1339 2737 ydolatre
1352 2705 1390 2730 A2
1403 2703 1430 2730 in
1445 2713 1500 2737 mg.
1518 2704 1556 2730 B:

223 2738 362 2768 ydolante
375 2738 427 2764 Al:
443 2738 598 2769 ydolatria
612 2738 642 2765 C.
744 2748 783 2764 21.
806 2738 1000 2770 ltproplzetare
1014 2738 1036 2764 B
1051 2738 1069 2764 f.
1085 2747 1132 2771 233
1144 2747 1167 2765 B.

783 2831 809 2853 1.
834 2821 919 2855 Hos.
938 2822 958 2852 i.
979 2831 1006 2853 2.

1565 1231 1635 1258 such
1647 1230 1826 1261 commands,
