2095 3278
204 195 291 249 318
883 205 1089 239 RICARDI
1122 206 1426 239 ARMACHANI
1885 197 1986 256 [LIB.
2009 212 2038 240 1.

484 315 676 353 repetere3
702 316 738 344 et
767 320 833 354 per
861 321 1091 356 consequens
1120 310 1180 345 isti
1209 317 1314 346 actus
1342 322 1416 345 non
1452 317 1537 346 sunt
1570 317 1676 346 actus
1709 311 1824 346 divini
1840 316 1927 358 [ΠΒ

488 366 653 401 dominii.

204 424 367 457 Popejohn
378 426 472 452 XXII
536 425 629 459 RIC.
672 425 740 459 Illa
764 436 835 470 que
861 425 908 460 de
934 426 1126 470 evangelio
1151 425 1269 461 adicis
1300 426 1472 462 dominus
1505 426 1692 461 Iohannes
1724 437 1823 472 papa
1834 426 1938 457 adicis
1953 437 1998 457 se-

203 458 347 552 Ξῑηῖξέτὲιιξέ
358 460 464 552 ἦῗςῗιιγ
486 481 522 516 in
548 482 672 517 libello
699 495 765 518 suo
791 484 980 529 Quoniam
1005 485 1073 518 vir
1099 485 1285 529 reprobus,
1312 496 1472 530 sequens
1501 485 1652 520 beatum
1677 486 1821 530 Augus·
1833 470 2011 555 2,ῗῖξῖῖὲἰῇῐὲ

283 535 319 551 2.ss
349 536 433 552 calm

204 559 292 590 them,
486 540 614 584 tinum,
633 541 794 576 affirmat
816 548 852 576 et
873 542 1005 586 probat
1025 553 1099 576 non
1121 542 1235 577 fuisse
1259 548 1434 587 precepta
1457 543 1635 587 apostolis
1655 542 1692 577 in
1710 554 1820 588 opere
1825 559 1951 596 papam
1961 566 1972 588 ‚-

201 602 466 664 {pgmwffigssgirffign
488 609 634 643 semper
658 599 865 634 servanda:
894 599 997 634 cuius
1015 600 1129 634 verba
1151 606 1237 635 sunt
1264 601 1344 642 hec,
1362 601 1450 634 Non
1471 603 1616 645 semper
1633 601 1821 635 servanda
1832 599 1928 630 codd-

202 670 300 707 on'the
315 671 418 697 Mount
487 661 579 691 sunt
605 658 646 691 in
671 659 882 692 execucione
917 659 1050 703 operis,
1083 662 1139 692 set
1169 660 1315 703 semper
1336 659 1378 692 in
1402 659 1674 703 preparacz'one
1700 660 1824 693 animi

202 703 426 769 gssffgctcssffffls
440 706 473 732 of
487 719 579 749 sunt
597 715 775 759 habenda,
794 720 839 750 ut
856 715 1021 761 (scilicet)
1040 717 1160 750 simus
1184 717 1250 751 [τοί
1262 716 1391 760 facere
1413 720 1450 750 et
1472 717 1656 750 sustinere
1672 718 1818 761 parati,
1831 720 1953 750 scimus
1970 728 2000 751 Β.

485 774 635 817 quando
659 775 800 809 caritas
824 775 890 811 hoc
912 775 1100 819 requirit:
1123 780 1159 809 et
1183 774 1332 819 ponitur
1357 773 1394 808 in
1421 775 1584 809 Decreto
1612 774 1708 809 xxiii.
1731 786 1765 820 q.
1785 774 1819 819 i.,

484 831 647 876 capitulo
678 833 878 867 Paratus:
912 839 949 867 et
978 838 1248 877 consequenter
1284 832 1417 867 eodem
1451 832 1612 877 capitulo
1645 832 1819 867 dominus
1834 846 1875 868 10

485 890 673 924 Iohannes
700 902 801 936 papa
830 891 963 936 probat
993 891 1092 936 quod
1122 890 1300 936 apostolis
1330 897 1366 925 et
1395 890 1587 935 discipulis
1616 890 1717 925 licuit
1745 890 1818 925 liti-
1831 902 1907 939 post
1916 903 2007 940 papa

481 948 605 992 gando
631 949 730 983 bona
757 948 968 983 communia
990 955 1167 993 repetere.
1219 950 1326 991 Item,
1356 955 1438 983 esto
1463 948 1562 993 quod
1592 948 1717 983 omnia
1746 942 2036 993 que323⁹habet‚

481 1006 619 1050 allegas
645 1013 681 1041 et
707 1007 843 1050 accipis
869 1018 956 1042 vera
980 1007 1187 1049 existerent,
1207 1006 1377 1041 ultimum
1402 1013 1527 1041 tamen
1551 1006 1649 1051 quod
1671 1006 1817 1042 conaris
1829 985 2021 1059 ᾒὲῗχέῃῃω

482 1063 614 1099 inferre
655 1076 730 1099 non
773 1065 948 1110 sequitur,
990 1065 1141 1108 scilicet,
1184 1065 1284 1109 quod
1327 1065 1431 1099 Deus
1473 1076 1548 1098 non
1589 1065 1699 1100 debet
1748 1076 1815 1100 sua
1828 1071 1932 1102 sticho
1949 1082 2001 1103 su-

479 1119 578 1154 bona
611 1119 810 1155 defendere
843 1132 961 1165 neque
995 1126 1181 1165 repetere3
1217 1119 1393 1165 quoniam
1428 1121 1531 1154 Deus
1565 1119 1812 1164 omnipotens,
1826 1115 1943 1165 periori

480 1177 743 1223 omnisapiens,
770 1179 1005 1221 omnibonus,
1033 1184 1095 1214 aut
1124 1177 1178 1222 (ut
1208 1177 1332 1213 verbis
1361 1177 1479 1212 sancti
1515 1177 1686 1222 Dyonisii
1715 1177 1811 1223 utar)
1825 1158 1963 1233 ἓξὲξ

479 1236 752 1281 supersapiens,
787 1237 1029 1281 superbonus,
1063 1236 1213 1281 plenam
1246 1237 1294 1271 ob
1327 1236 1399 1270 hoc
1433 1247 1560 1270 curam
1594 1242 1630 1271 et
1663 1247 1813 1271 omnem
1828 1225 2021 1301 Dionys..de

478 1293 740 1329 auctoritatem
767 1295 911 1330 habens
938 1305 1050 1339 super
1075 1300 1209 1329 cuncta
1236 1295 1283 1329 ab
1312 1305 1358 1329 eo
1388 1300 1524 1337 creata,
1550 1293 1621 1339 legi
1648 1301 1815 1329 creature
1828 1304 1893 1336 div,
1910 1304 2024 1344 Nom„

479 1351 597 1389 sub-ici
624 1364 699 1387 non
727 1353 836 1387 debet
862 1364 932 1387 nec
954 1358 1101 1398 potest:
1130 1353 1242 1393 unde,
1260 1351 1431 1397 quamvis
1453 1351 1554 1387 illam
1572 1353 1692 1397 legem
1710 1353 1813 1388 dedit
1827 1347 2033 1396 tulos-cot„

478 1410 702 1456 quibusdam
727 1410 939 1446 hominibus
962 1422 1054 1456 quos
1078 1411 1113 1445 in
1138 1422 1205 1445 suo
1228 1410 1357 1445 ordine
1374 1411 1487 1445 voluit
1513 1422 1594 1446 esse
1619 1411 1814 1456 perfectos,
1826 1401 1894 1464 {nzlz'
1909 1391 2023 1474 {¹533

477 1479 553 1503 non
580 1475 731 1513 propter
759 1469 830 1503 hoc
860 1469 1065 1503 secundum
1095 1479 1202 1503 suam
1229 1475 1530 1513 superpotentem
1556 1469 1723 1504 divinam
1748 1481 1814 1505 na·
1827 1458 2012 1529 mc'potest'

477 1532 600 1561 turam
626 1526 752 1561 debuit
780 1527 831 1561 illi
857 1526 927 1572 legi
946 1533 1009 1562 aut
1033 1526 1154 1572 potuit
1179 1527 1371 1562 subiacere
1385 1539 1394 1569 ;
1430 1527 1606 1572 quoniam
1640 1527 1751 1563 debet
1777 1534 1876 1563 etM:
1901 1542 1968 1563 non

478 1585 605 1620 debuit
629 1591 762 1620 cuncta
786 1592 907 1621 errata
933 1597 1079 1630 semper
1105 1585 1297 1629 corrigere,
1316 1591 1352 1620 et
1375 1585 1429 1620 sic
1453 1596 1520 1620 sua
1543 1585 1643 1620 bona
1665 1597 1687 1620 a
1704 1579 1926 1621 malisp‘n‘ffi‘
1942 1583 1973 1606 Β·

477 1652 567 1685 sepe
597 1647 775 1686 repetere,
803 1641 978 1686 quoniam
1007 1640 1062 1675 sic
1088 1652 1197 1685 agere
1227 1641 1480 1684 congruebat:
1520 1646 1576 1675 set
1605 1641 1812 1676 secundum

475 1711 583 1734 suam
615 1706 787 1734 naturam
820 1700 1035 1742 humanam,
1073 1699 1231 1744 Quando
1262 1700 1369 1733 venit
1391 1699 1592 1743 plenitudo
1624 1700 1811 1744 temporis,
1826 1708 2031 1751 Gal‚1v,4‚5‚

465 1758 598 1802 factus
614 1758 681 1793 sub
698 1758 786 1803 lege,
804 1761 918 1792 natus
933 1758 977 1792 de
1002 1758 1168 1800 muliere,
1192 1761 1236 1792 ut
1257 1768 1316 1792 eos
1339 1757 1410 1801 qui
1430 1757 1497 1791 sub
1521 1757 1601 1803 lege
1624 1762 1736 1792 erant
1758 1770 1812 1792 re-

475 1817 642 1860 dimeret,
668 1823 819 1861 propter
844 1828 908 1851 eos
934 1816 1005 1860 legi
1032 1815 1159 1851 debuit
1190 1815 1437 1851 conformari:
1473 1816 1573 1850 unde
1602 1822 1691 1851 tunc
1719 1818 1817 1862 cepit

475 1874 582 1909 Iesus
586 1875 716 1920 facere
732 1879 768 1909 et
783 1874 917 1919 docere,
935 1875 1016 1909 Act.
1037 1873 1058 1909 i.
1081 1884 1095 1909 1
1115 1886 1123 1916 3
1150 1880 1186 1909 et
1206 1874 1281 1909 suis
1301 1873 1460 1918 dicebat,
1478 1874 1711 1920 Exemplum
1727 1875 1816 1909 dedi

475 1932 590 1976 vobis,
617 1936 663 1967 ut
682 1932 994 1977 quemadmodum
1019 1943 1084 1978 ego
1099 1932 1189 1977 feci,
1207 1936 1243 1967 et
1266 1943 1333 1966 vos
1345 1933 1518 1977 faciatis,
1540 1933 1593 1967 Io.
1617 1931 1653 1967 ii.
1704 1933 1811 1976 Item,
1825 1939 1873 1970 Io.
1890 1939 1958 1971 xiii.
1973 1948 2023 1980 15.

473 1997 556 2025 esto
583 1990 684 2036 quod
717 1991 772 2025 sui
798 1992 933 2026 saltem
960 1989 1113 2035 perfecti
1140 2000 1216 2024 non
1247 1991 1382 2025 debent
1411 2002 1478 2025 sua
1510 1989 1710 2025 defendere
1742 2002 1812 2025 nec
1823 1993 1937 2024 debent
1953 2004 2016 2025 sua

474 2048 524 2083 ab
551 2048 604 2084 eis
631 2049 777 2084 sublata
801 2055 967 2094 repetere
992 2047 1119 2093 (super
1144 2059 1216 2093 quo
1242 2048 1279 2082 in
1304 2054 1410 2083 sexto
1435 2047 1544 2082 huius
1565 2037 1906 2093 tractabitur),Bbis
1918 2038 2029 2069 habet·
2089 2074 2092 2079 .

475 2118 550 2141 non
576 2113 728 2152 propter
753 2107 825 2141 hoc
850 2113 949 2142 recte
974 2112 1096 2151 potest
1123 2106 1248 2141 inferri
1275 2106 1375 2151 quod
1401 2105 1452 2140 hii
1481 2112 1587 2141 actus
1617 2117 1692 2141 non
1724 2113 1810 2142 sunt

473 2172 580 2200 actus
621 2164 787 2208 dominii,
822 2165 910 2210 quin
949 2164 1078 2210 pocius
1110 2176 1131 2200 e
1165 2164 1347 2199 contrario
1382 2171 1509 2209 aperte
1544 2165 1808 2210 consequitur3

474 2223 627 2267 scilicet,
665 2235 710 2258 ex
739 2235 811 2268 quo
838 2229 987 2268 propter
1012 2228 1227 2268 preceptum
1258 2223 1313 2258 sui
1340 2222 1505 2267 magistri
1532 2234 1608 2257 non
1633 2223 1810 2258 deberent

476 2281 613 2317 Christi
634 2281 804 2326 discipuli
822 2288 959 2316 statum
978 2281 1220 2326 perfeccionis
1243 2281 1424 2316 habentes
1442 2280 1579 2316 volenti
1598 2292 1666 2315 sua
1682 2281 1809 2316 tollere
1823 2295 1861 2327 35

472 2352 520 2376 ea
561 2341 767 2383 defendere,
801 2351 870 2375 nec
903 2341 950 2374 ab
989 2340 1042 2374 eis
1085 2339 1230 2374 sublata
1270 2345 1446 2383 repetere,
1481 2339 1593 2384 quod,
1627 2345 1807 2374 evacuato

475 2406 649 2444 precepto
674 2411 740 2445 per
764 2399 910 2434 titulum
931 2410 1041 2443 quem
1065 2398 1102 2432 in
1121 2397 1192 2432 illis
1211 2397 1365 2432 sublatis
1384 2398 1575 2440 haberent,
1594 2402 1745 2442 possent
1763 2408 1808 2432 ea

473 2470 521 2493 ne
538 2459 752 2493 tollerentur
770 2457 982 2500 defendere,
1001 2462 1036 2491 et
1054 2468 1098 2491 ea
1116 2455 1261 2490 sublata
1278 2461 1444 2500 repetere
1461 2466 1469 2489 :
1497 2454 1659 2500 alioquin
1673 2455 1809 2490 frustra

475 2516 523 2551 ad
547 2516 820 2560 perfeccionem
840 2515 857 2534 ’¹‘
878 2515 1108 2560 sequendam
1132 2514 1232 2548 illam
1254 2513 1463 2548 doctrinam
1487 2518 1679 2548 tenerent:
1707 2512 1806 2548 unde
1820 2525 1847 2554 c

473 2574 566 2609 satis
584 2580 639 2609 est
657 2575 804 2608 firmum
823 2573 922 2618 quod
940 2584 1069 2608 omnes
1087 2572 1137 2606 hii
1156 2578 1260 2607 actus
1278 2577 1364 2606 sunt
1382 2577 1487 2606 actus
1506 2570 1620 2605 divini
1639 2571 1805 2605 dominii.
1821 2586 1864 2617 40

525 2634 617 2668 IOH.
643 2632 688 2667 Ei
701 2632 803 2667 cuius
822 2631 999 2666 naturalis
1013 2636 1111 2666 extat
1126 2629 1295 2665 condicio
1308 2629 1395 2665 dare
1413 2628 1585 2664 omnibus
1603 2628 1806 2673 affluenter,
1820 2637 1888 2669 Iac,
1905 2638 1926 2669 i,
1941 2646 1972 2678 5,

470 2692 544 2736 qui
557 2691 668 2725 solem
686 2701 797 2724 suum
811 2690 915 2735 facit
930 2690 1031 2724 orz‘rz'
1044 2691 1159 2733 super
1174 2688 1282 2723 bonos
1307 2691 1343 2722 et
1366 2688 1495 2730 malos,
1513 2691 1550 2722 et
1565 2687 1674 2732 pluit
1695 2688 1810 2731 super
1819 2694 1918 2728 Matt,
1929 2706 1957 2728 v,
1972 2701 2024 2737 45,

519 2784 549 2815 4.
575 2773 694 2805 Libell.
711 2774 800 2813 Quia
815 2774 873 2804 vir
888 2772 1051 2814 reprobus,
1068 2773 1100 2803 in
1118 2771 1281 2812 Raynald.
1300 2781 1373 2803 ann.
1396 2779 1488 2812 1329.
1505 2769 1582 2810 lxv„
1598 2769 1665 2802 vol.
1683 2777 1713 2810 5.
1730 2774 1805 2811 447.

475 2818 528 2849 Cf.
542 2818 681 2859 August.
695 2827 746 2858 ep.
765 2817 916 2849 cxxxviii.
933 2826 960 2849 2.
978 2819 993 2854 ξ
1012 2824 1060 2855 13,
1075 2816 1163 2857 Opp.
1178 2825 1205 2846 2.
1220 2824 1296 2855 415.
