2008 3305
221 210 308 239 off.
332 196 409 255 XL]
702 207 847 239 LIBER
880 206 1076 240 PRIMUS.
1777 195 1825 235 81

105 323 203 366 27A]
207 321 403 371 profunda
427 319 642 358 Christiane
651 320 751 369 fidei
765 321 968 366 credamus,
982 321 1207 368 priusquam
1232 331 1273 356 ea
1290 326 1550 368 presumamus

217 392 363 431 racione
407 391 592 436 discutere,
623 391 675 427 ita
713 391 939 439 negligencia
977 390 1073 427 mihi
1109 390 1253 426 videtur
1292 391 1331 426 si
1353 394 1550 438 postquam

215 461 430 509 confirmati
443 473 569 498 sumus
588 461 627 497 in
636 460 717 510 fide
736 473 807 497 non
826 461 1010 497 studemus
1025 460 1123 508 quod
1137 460 1318 496 credimus
1340 460 1549 507 intelligere,

215 531 331 569 Unde
362 531 633 580 Monologion,
664 532 791 581 primo
819 531 996 580 capitulo,
1018 530 1254 568 Anshelmus
1283 530 1480 579 profitetur
1510 541 1550 567 se

170 601 309 638 Bvelle
347 601 455 638 inniti
488 602 593 650 puris
627 601 844 639 racionibus
882 600 1169 650 philosophicis,
1201 600 1250 637 ad
1281 598 1299 619 '¹²
1330 600 1552 649 exemplum

216 671 316 709 beati
353 671 572 720 Augustini,
614 672 654 709 in
701 671 904 722 probando
946 672 1155 709 trinitatem
1189 671 1314 708 divine
1353 671 1550 716 essencie;

215 742 320 791 quod
345 748 382 779 et
403 741 515 779 facit:
546 741 596 779 Si
611 743 704 791 quis,
726 742 859 791 inquit,
880 744 1035 791 ignorat
1050 755 1091 778 ea
1111 754 1178 790 que
1197 743 1239 778 de
1258 741 1337 778 Deo
1357 742 1549 787 credimus,

207 817 298 861 puto
317 813 356 850 si
369 814 420 850 sit
437 813 495 850 vel
511 813 702 850 mediocris
721 814 867 861 ingenii
877 817 999 862 potest
1018 813 1094 849 sibi
1108 813 1187 850 sola
1207 813 1354 850 racione
1372 813 1551 849 articulos

214 884 376 921 suadere.

162 964 204 987 10
271 952 449 992 Secundo
480 953 617 992 dicitur
636 953 741 1003 quod
770 953 897 991 omnis
927 953 1108 991 articulus
1137 952 1352 992 Christiane
1382 953 1470 992 fidei
1491 960 1548 991 est
1560 970 1583 986 2-
1605 961 1700 993 Every
1712 961 1810 987 article

214 1024 525 1064 demonstrabilis
554 1024 675 1062 modo
703 1036 795 1071 suo3
834 1031 972 1073 utputa
991 1024 1049 1062 vel
1076 1037 1143 1074 per
1172 1024 1369 1062 deducens
1399 1025 1448 1062 ad
1478 994 1830 1061 imffgffggssgssfiggfflg

213 1095 395 1144 possibile
416 1094 475 1132 vel
492 1095 703 1144 aliqualiter
718 1095 922 1132 ostensive.
979 1095 1207 1144 Aliqualiter
1227 1095 1324 1140 dico,
1347 1095 1437 1144 quia
1457 1107 1546 1144 que-
1560 1061 1830 1121 &affffierrfmthod

214 1166 304 1203 dam
333 1166 469 1203 veritas
498 1172 556 1204 est
585 1166 712 1204 solum
745 1166 1093 1213 demonstracione,
1117 1166 1206 1215 quia
1240 1166 1550 1203 demonstrabilis

214 1236 263 1276 ab
292 1236 430 1274 effectu
445 1248 454 1282 ;
502 1243 545 1274 ut
573 1236 831 1285 philosophus
860 1238 999 1285 probat
1028 1248 1076 1273 ex
1111 1243 1221 1274 motu
1250 1236 1366 1285 primi
1395 1236 1553 1274 mobilis

162 1315 199 1346 15
215 1306 343 1344 Deum
364 1318 471 1344 esse:
502 1306 668 1357 quedam
688 1319 779 1344 vero
799 1313 857 1344 est
877 1306 1188 1344 demonstrabilis
1209 1306 1548 1344 demonstracione

214 1377 414 1425 potissima
444 1389 467 1414 a
495 1377 620 1426 priori,
650 1377 747 1414 sicut
776 1376 1073 1414 mathematicus
1102 1377 1342 1414 demonstrat
1371 1378 1548 1415 veritates

214 1459 280 1485 sue
297 1447 471 1485 sciencie.
503 1447 612 1485 Patet
632 1447 685 1485 sic
703 1459 711 1485 :
734 1447 874 1485 Omnis
890 1447 1070 1484 articulus
1087 1446 1175 1484 fidei
1195 1453 1252 1485 est
1271 1447 1394 1496 prima
1410 1448 1546 1485 veritas
1559 1460 1762 1499 Prqofoftlae

212 1518 271 1555 vel
310 1517 505 1564 secunda;
548 1518 676 1555 omnis
718 1517 888 1555 secunda
921 1518 1058 1555 veritas
1092 1523 1150 1555 est
1181 1517 1488 1555 demonstrabilis
1522 1494 1729 1586 3ξὲἷῖιῖἴῖῗὲ

213 1588 352 1637 priori3
383 1600 476 1637 ergo
506 1588 715 1626 conclusio.
793 1587 928 1625 Minor
957 1588 1144 1637 probatur
1174 1587 1278 1624 fideli
1308 1588 1415 1625 danti
1439 1560 1763 1637 quodfmmnaure'

161 1677 202 1699 20
216 1670 295 1696 non
314 1665 371 1696 est
392 1659 438 1696 de
452 1658 540 1696 Deo
561 1658 861 1696 demonstrabile
883 1657 989 1708 quod
1004 1658 1051 1695 sit
1071 1658 1204 1695 trinus.
1265 1658 1433 1696 Contra:
1457 1670 1548 1708 pos-

214 1728 321 1766 sibile
349 1735 406 1766 est
429 1728 582 1766 fidelem
610 1735 698 1777 post
729 1728 979 1766 adhesionem
1009 1728 1110 1766 dicto
1140 1729 1300 1766 articulo
1332 1741 1429 1778 pura
1461 1729 1549 1775 fide,

213 1798 319 1848 quod
339 1799 512 1848 acquirat
531 1799 752 1837 ulteriorem
772 1799 956 1836 noticiam
976 1798 1023 1836 de
1044 1798 1209 1836 trinitate
1229 1799 1369 1842 anime,
1386 1799 1433 1836 de
1450 1800 1549 1838 trina

213 1869 309 1907 entis
342 1870 534 1919 passione,
555 1870 613 1907 vel
644 1870 783 1907 effectu
814 1870 979 1907 naturali
1003 1870 1205 1907 consimili.
1264 1870 1423 1908 Formet
1453 1882 1549 1919 ergo

214 1939 348 1977 doctor
367 1939 578 1977 catholicus
608 1939 723 1977 talem
753 1939 992 1977 discursum:
1032 1940 1176 1978 Omnis
1205 1940 1366 1977 effectus
1396 1947 1548 1978 creatus

158 2022 198 2053 25
213 2016 270 2047 est
295 2010 509 2048 secundum
529 2009 815 2047 similitudinem
840 2009 1049 2058 analogam
1070 2022 1092 2047 a
1111 2010 1236 2059 primo
1265 2010 1455 2060 principio
1481 2023 1551 2048 ex-

214 2081 414 2131 emplatus,
440 2081 507 2119 sed
533 2081 680 2119 trinitas
710 2081 838 2118 anime
864 2081 1091 2118 intellective
1118 2087 1175 2119 est
1194 2081 1355 2119 effectus
1382 2087 1553 2128 creatus,-

213 2163 305 2200 ergo
326 2158 382 2189 est
402 2164 424 2188 a
444 2152 569 2200 primo
590 2151 781 2200 principio
799 2151 1014 2188 secundum
1035 2151 1321 2188 similitudinem
1338 2152 1548 2201 analogam

213 2221 454 2270 exemplata3
485 2221 551 2259 sed
580 2221 685 2258 nulla
715 2221 922 2259 similitudo
952 2221 1119 2270 analoga
1149 2228 1206 2259 est
1236 2221 1441 2270 completa,
1472 2222 1546 2259 nisi

173 2291 361 2332 ctrinitas
393 2291 513 2340 prime
546 2303 688 2336 cause;
730 2303 824 2339 ergo
862 2291 925 2329 illa
960 2290 978 2311 *
1012 2298 1070 2329 est
1101 2291 1296 2341 ponenda.
1354 2291 1555 2341 Supponov

160 2379 201 2410 30
215 2362 475 2410 Augustinum
514 2362 667 2399 fidelem
705 2361 872 2399 formare
904 2362 1018 2399 istam
1053 2362 1261 2407 racionem,
1290 2362 1547 2400 assenciendo

213 2431 456 2469 antecedenti
504 2438 541 2469 et
580 2438 860 2481 consequenter
899 2431 1083 2469 adherere
1123 2431 1364 2469 conclusioni
1403 2433 1546 2470 noticia

213 2513 329 2549 supra
348 2501 465 2538 fidem
481 2502 697 2551 simplicem
718 2514 766 2539 ex
787 2501 932 2539 auditu.
968 2501 1069 2538 Curn
1090 2513 1184 2550 ergo
1200 2501 1328 2538 omnis
1351 2501 1545 2539 discursus

213 2560 471 2620 sillogisticus,
503 2572 719 2621 procedens
748 2584 796 2609 ex
826 2572 1026 2609 effectibus
1054 2571 1278 2609 necessariis
1307 2572 1559 2610 concluden-⁴

242 2680 425 2748 Ξρωἐποκοθῃ
446 2681 468 2708 Β
483 2682 501 2710 f.
521 2691 569 2714 224
580 2690 603 2714 Β.
784 2691 806 2714 5.
828 2681 871 2707 ad
888 2681 928 2707 B:
949 2690 1002 2707 om.
1016 2681 1081 2708 AC.
1269 2691 1309 2715 29.
1331 2684 1455 2715 suppono
1467 2683 1527 2710 AC

211 2723 245 2740 su
332 2734 338 2741 .

596 2800 626 2829 4.
652 2789 797 2822 Anselm.
816 2789 989 2830 Monolog.
1008 2789 1028 2820 i.
1046 2800 1077 2831 p.
1097 2799 1118 2831 4
1135 2800 1164 2822 a.

847 2857 871 2883 G
