2008 3305
133 2384 156 2409 b.
173 2383 272 2416 Oftlze
284 2391 332 2408 ens
345 2390 401 2408 cre-

134 2423 211 2443 atum
224 2417 384 2450 analogum.

805 215 871 246 DE
904 214 1119 246 DOMINIO
1152 214 1327 247 DIVINo
1544 202 1729 261 [CAP.1X.

401 329 541 366 divisa:
583 329 649 367 sed
682 330 721 366 in
755 330 922 379 qualibet
956 329 1099 367 fabrica
1131 329 1322 367 Creatoris
1355 328 1525 366 relucent
1559 329 1736 366 raciones
1754 331 1847 373 [1913

401 400 621 437 beatissime
638 400 850 437 Trinitatis.-
904 399 988 437 Nec
1009 399 1222 449 putandum
1244 406 1301 437 est
1320 399 1411 437 istas
1431 410 1514 436 esse
1535 398 1736 447 passiones

401 469 511 516 entis,
532 481 622 507 cum
648 470 775 507 omnis
804 470 935 519 passio
962 470 1217 519 presupponit
1244 469 1479 519 quiditatem,
1500 468 1736 518 prioritatem

403 545 550 585 nature,
589 546 626 577 et
663 552 730 589 per
768 551 1011 589 consequens
1055 539 1398 589 intelligibilitatem
1437 538 1608 585 subiecti,
1647 549 1737 576 cum

404 610 627 659 ignorancia
643 610 844 660 passionis,
862 622 936 659 que
959 610 1050 648 dicit
1070 622 1202 656 unum,
1220 610 1475 647 extrinsecum
1498 621 1520 647 a
1541 609 1713 647 subiecto
1727 621 1737 655 3
1751 613 1769 645 5

405 692 479 730 que
501 681 633 718 omnia
657 687 746 718 sunt
770 680 893 718 aliena
913 682 962 718 ab
983 687 1080 726 ente,
1103 681 1210 729 quod
1231 680 1321 717 dicit
1341 680 1484 722 onmia,
1505 685 1546 716 ut
1567 691 1635 716 ens
1657 691 1738 716 non

405 757 462 788 est
489 751 642 800 aliquid,
670 757 734 789 aut
762 763 894 796 unum,
917 763 1060 797 verum,
1092 757 1156 788 aut
1185 751 1354 788 bonum:
1385 750 1437 787 ita
1467 749 1573 799 quod
1603 750 1739 787 entitas

406 821 453 859 sit
482 821 646 870 quiditas
680 833 844 859 causans
877 821 1075 867 unitatem,
1105 821 1312 868 veritatem,
1344 827 1382 858 et
1410 820 1633 865 bonitatem,
1664 825 1740 857 tres

405 893 607 941 passiones
635 892 773 942 quibus
802 892 1015 929 subiectum
1046 892 1092 929 sit
1118 904 1186 941 per
1213 904 1253 929 se
1284 891 1499 929 secundum
1528 891 1640 940 quale
1655 903 1664 937 3
1700 896 1740 928 ut

407 962 537 1008 homo,
573 963 611 999 in
644 969 832 1012 quantum
867 962 998 1009 homo,
1031 969 1088 1000 est
1121 962 1282 1008 risibilis,
1318 974 1398 999 non
1432 968 1611 1000 econtra:
1654 961 1740 999 ideo
1758 972 1796 995 10

407 1033 625 1070 humanitas
646 1045 727 1070 non
748 1039 804 1070 est
824 1033 1015 1071 risibilitas
1031 1040 1067 1070 et
1083 1032 1248 1082 quiditas
1263 1038 1300 1070 et
1316 1032 1506 1082 passionis
1522 1044 1648 1069 causa.
1693 1031 1740 1068 In

407 1104 701 1141 transcendente
731 1116 819 1141 vero
847 1104 985 1149 unitas,
1017 1104 1162 1149 veritas,
1195 1109 1230 1140 et
1259 1103 1410 1141 bonitas
1439 1108 1497 1140 est
1526 1103 1673 1148 entitas,
1704 1107 1742 1138 et

408 1181 588 1212 econtra:
619 1174 763 1212 habent
783 1181 913 1211 tamen
935 1174 1220 1211 similitudinem
1248 1174 1486 1223 passionum,
1507 1185 1596 1211 cum
1616 1185 1676 1210 res
1696 1173 1743 1210 sit

407 1257 499 1291 ens3
534 1252 574 1282 ut
607 1251 777 1282 creatura
810 1244 868 1282 vel
902 1244 1059 1282 effectus
1092 1256 1114 1281 a
1145 1243 1334 1281 Trinitate
1361 1244 1419 1281 vel
1453 1250 1589 1281 natura
1617 1243 1743 1280 divina

409 1315 565 1353 adextra
593 1315 804 1365 productus
829 1321 886 1352 est
915 1327 1050 1361 unum,
1072 1321 1112 1351 ut
1138 1320 1310 1352 creatura
1331 1326 1352 1351 a
1373 1321 1525 1352 creante
1552 1314 1740 1359 distincta,
1761 1326 1797 1359 15

408 1397 496 1424 cum
518 1398 652 1423 creans
671 1385 786 1424 habet
813 1385 1033 1435 potenciam
1055 1392 1184 1422 actum
1212 1384 1431 1422 nullatenus
1460 1383 1742 1433 precedentem.

409 1456 543 1494 Unum
559 1463 687 1494 autem
703 1462 873 1494 creatum
893 1456 1008 1493 habet
1023 1456 1243 1505 potenciam
1258 1461 1345 1493 ante
1366 1461 1494 1492 actum
1508 1467 1517 1501 3
1548 1460 1585 1492 et
1599 1465 1744 1499 verum,

408 1534 450 1565 ut
470 1533 643 1565 creatura
664 1527 790 1577 primo
812 1526 1018 1564 intellectui
1040 1526 1251 1576 adequata;
1282 1532 1319 1564 et
1349 1527 1507 1571 bonum,
1532 1524 1550 1544 *
1573 1532 1615 1563 ut
1641 1536 1744 1563 crea·
1759 1534 1786 1565 G

409 1605 492 1636 tura
521 1610 543 1635 a
572 1598 697 1647 prima
725 1597 999 1635 benevolencia
1025 1597 1214 1646 appetita:
1256 1603 1292 1634 et
1322 1597 1387 1642 sic,
1415 1597 1526 1646 quasi
1554 1602 1630 1633 tres
1658 1607 1744 1645 pas-

410 1669 539 1707 siones
574 1668 744 1706 eiusdem
776 1668 959 1714 essencie‚
991 1668 1162 1705 alludunt
1197 1667 1316 1705 tribus
1349 1667 1525 1716 personis
1559 1666 1744 1704 Essencie
1761 1676 1801 1698 20

410 1740 588 1778 increate.
651 1738 727 1776 Sed
755 1738 826 1776 hec
856 1744 943 1776 sunt
970 1744 1057 1776 ante
1085 1738 1309 1788 quiditatem
1338 1737 1435 1775 entis
1464 1749 1536 1787 pro
1563 1748 1746 1774 mensura

410 1822 487 1860 qua
517 1809 694 1847 terminat
727 1808 981 1858 questionem,
1020 1807 1058 1845 Si
1098 1808 1180 1845 est?
1224 1814 1311 1846 ante
1349 1807 1604 1857 questionem,
1641 1806 1747 1853 Quid

408 1881 490 1919 est?
547 1879 644 1917 Ideo
670 1886 728 1917 est
757 1878 969 1916 secundum
999 1879 1196 1916 racionem
1215 1878 1273 1916 vel
1297 1884 1514 1928 respectum
1534 1877 1743 1923 distinccio‚

409 1963 489 1989 non
506 1957 635 1988 autem
651 1950 879 1988 essencialis.
928 1949 1024 1988 Ideo
1045 1949 1294 1987 nominantur
1314 1955 1355 1986 ut
1374 1949 1575 1998 passiones
1592 1954 1628 1986 et
1643 1948 1746 1997 prin-

410 2021 510 2071 cipia
529 2021 778 2070 passionum3
810 2020 983 2058 secundo
1000 2020 1168 2058 succedit
1188 2032 1271 2057 esse
1288 2020 1566 2069 quiditativum,
1589 2018 1647 2056 vel
1662 2029 1745 2056 esse
1761 2034 1777 2056 2
1783 2034 1799 2066 5

411 2092 557 2130 actuale
578 2092 618 2129 in
642 2103 794 2141 genere,
817 2091 855 2128 in
877 2103 956 2141 quo
978 2103 1038 2129 res
1063 2097 1119 2129 est
1145 2091 1288 2141 aliquid
1315 2090 1539 2128 distinctum
1560 2091 1609 2127 ab
1639 2089 1746 2135 aliis3

413 2169 450 2201 et
487 2169 578 2200 tunc
617 2169 796 2200 secuntur
834 2162 1046 2211 passiones,
1087 2174 1163 2212 que
1196 2168 1284 2199 sunt
1320 2174 1389 2211 per
1423 2173 1464 2199 se
1503 2160 1747 2198 habitudines

413 2234 644 2284 posteriores
664 2233 884 2271 naturaliter
904 2245 1020 2282 quam
1045 2232 1237 2279 subiecta;
1269 2238 1307 2270 et
1326 2232 1488 2271 tercium
1515 2237 1572 2269 est
1598 2243 1682 2269 esse
1709 2230 1748 2267 in

414 2305 687 2350 accidentibus,
708 2310 749 2341 ut
770 2304 857 2341 alibi
878 2304 1051 2341 diffusius
1071 2310 1127 2341 est
1148 2303 1373 2341 discussum.

469 2375 612 2422 Quoad
641 2375 902 2413 difficultatem
933 2374 1154 2421 secundam,
1177 2374 1314 2412 dicitur
1343 2373 1448 2423 quod
1478 2385 1547 2411 ens
1576 2378 1747 2410 creatum
1762 2380 1803 2411 30

414 2448 622 2495 analogum
643 2452 698 2483 est
718 2445 899 2491 mundus,
926 2457 1015 2482 cum
1040 2445 1087 2482 sit
1114 2445 1241 2482 omnis
1261 2450 1297 2482 et
1318 2443 1466 2493 singule
1487 2449 1680 2489 creature;
1710 2449 1748 2480 et

415 2518 480 2564 sic,
502 2517 588 2555 licet
614 2517 753 2554 habeat
776 2516 963 2565 quotlibet
991 2522 1184 2553 creaturas
1215 2527 1313 2564 eque
1343 2514 1469 2564 primo
1499 2513 1628 2563 quoad
1657 2513 1746 2551 sub-

413 2587 570 2626 sistendi
604 2587 941 2636 consequenciam,
977 2593 1017 2624 ut
1050 2598 1174 2635 genus
1209 2585 1439 2631 substancie,
1474 2583 1676 2628 mundum,
1711 2589 1748 2620 et

411 2658 495 2704 alia,
523 2670 598 2708 que
629 2657 849 2695 necessario
879 2669 918 2694 se
949 2662 1218 2702 consecuntur,
1246 2661 1304 2693 est
1335 2661 1465 2693 tamen
1494 2653 1599 2704 prius
1629 2665 1748 2703 quam

444 2798 471 2849 ὃ.
495 2788 618 2821 quibus:
636 2788 723 2820 quius
738 2788 763 2813 A
775 2787 806 2819 C,
819 2786 922 2819 quibus
935 2786 1039 2819 quibus
1054 2786 1085 2812 B.
1127 2785 1300 2813 secundum:
1321 2785 1402 2813 codd.
1415 2784 1543 2812 secundo.
1582 2793 1620 2811 12.
1640 2783 1749 2810 entitas

409 2824 432 2850 B
479 2830 484 2849 ;
506 2822 580 2848 entis
595 2822 627 2848 A.
679 2831 719 2847 20.
742 2822 750 2851 ΙΙ
764 2821 883 2847 essencz'e
897 2820 1038 2847 alludunt
1052 2820 1073 2845 B
1088 2819 1107 2847 f.
1121 2828 1170 2845 220
1180 2827 1207 2846 D.
