2095 3278
22 227 110 256 cAP.
133 214 297 268 XXXIV.]
574 223 638 254 DE
672 222 915 256 PAUPERIE
948 222 1263 255 SALVATORIS.

127 325 225 368 3713]
239 338 320 362 esse
342 326 588 370 ostendimus)
608 327 707 371 quod
734 326 785 360 hii
811 333 914 361 actus
943 326 1036 361 inter
1063 332 1168 361 actus
1197 323 1361 368 dominii,
1382 329 1560 368 tanquam

240 385 288 419 illi
307 383 512 429 possibiles,
532 384 667 419 debent
686 384 817 419 merito
834 384 1030 419 numerari.

288 443 378 477 IOH.
406 442 539 486 Quoad
557 448 694 477 statum
712 448 837 476 nostre
856 442 1036 487 presentis
1055 441 1201 476 miserie
1219 440 1338 485 magis
1362 439 1452 474 sicio
1470 437 1562 472 illud

241 500 344 542 scire,
386 499 536 543 scilicet,
570 499 748 544 numquid
783 499 947 534 defensio
978 499 1055 534 sive
1089 498 1270 533 iudicialis
1304 504 1366 532 aut
1398 497 1561 532 violenta

208 569 227 601 5
240 557 413 602 repeticio
431 564 586 601 possunt
604 558 650 592 de
668 558 765 592 facto
784 563 991 601 competere
1010 556 1175 601 originali
1196 556 1374 590 dominio.

288 616 376 649 RIC.
404 616 462 649 De
485 614 730 660 possibilitate
757 615 830 649 cito
848 615 1054 659 respondeo
1075 615 1174 659 quod
1191 620 1344 658 possunt
1370 614 1501 647 saltem
1525 610 1562 645 in

239 672 450 707 hominibus
469 672 692 717 imperfectis
710 679 745 708 et
764 673 971 717 specialiter
984 672 1020 707 in
1035 671 1255 707 necessitate
1272 678 1451 706 extrema:
1474 676 1562 704 tunc

239 730 339 765 enim
356 741 434 765 rem
453 730 517 765 tibi
535 730 783 765 necessariam
801 737 930 765 contra
947 741 1204 775 quemcunque
1222 729 1298 763 iure
1315 734 1378 763 tuo
1393 727 1561 772 originali

240 794 345 833 potes
371 787 578 832 defendere,
596 800 641 823 eo
664 789 763 833 quod
790 788 921 823 melior
946 794 1002 823 est
1031 794 1094 822 tua
1121 786 1313 829 condici03
1341 792 1376 821 et
1411 786 1447 819 in
1474 796 1563 820 casu

190 854 229 876 10
241 845 423 880 consimili
451 846 498 880 ab
527 846 598 880 alio
624 858 698 880 non
728 846 915 890 indigente
941 846 1072 880 saltem
1104 857 1188 880 earn
1215 850 1380 889 repetere
1409 850 1487 878 tam
1515 844 1563 878 de

240 903 339 938 facto
357 914 468 948 quam
485 904 608 947 verbo,
627 903 656 939 si
676 910 870 948 oporteret,
889 903 1064 938 iudicium
1079 903 1282 937 subeundo.

291 962 381 996 IOH.
415 961 580 1006 Qualiter
618 961 699 1006 quis
734 962 851 1006 possit
894 961 1028 996 iudicio
1063 972 1142 995 rem
1177 960 1339 1005 aliquam
1376 970 1421 994 ex
1456 959 1563 993 titulo

240 1018 430 1063 originalis
471 1018 624 1053 dominii
659 1019 825 1064 optinere
859 1031 933 1054 non
967 1019 1075 1054 video
1092 1030 1100 1062 ;
1144 1030 1228 1053 cum
1258 1029 1341 1052 eam
1375 1027 1563 1061 occupans

24 1081 97 1122 Ego
109 1089 120 1112 .·
136 1090 168 1112 eo
185 1087 216 1111 Β.
241 1076 374 1121 poterit
398 1076 597 1121 postulanti
616 1077 780 1122 legitime
799 1077 1034 1122 respondere,
1054 1078 1136 1121 Ego
1154 1088 1221 1121 par
1239 1075 1294 1110 ius
1321 1082 1443 1110 tecum
1470 1075 1507 1109 in
1524 1085 1564 1109 re

200 1141 228 1171 C
240 1134 311 1169 ista
328 1134 488 1179 optineo,
505 1141 542 1170 et
560 1134 645 1180 quia
663 1147 747 1169 eam
763 1135 781 1155 *
800 1135 973 1180 possideo
991 1134 1119 1170 melior
1135 1140 1190 1169 est
1208 1133 1244 1168 in
1263 1134 1334 1168 hoc
1351 1144 1435 1168 mea
1452 1142 1564 1178 quam

240 1199 305 1228 tua
320 1192 499 1237 condicio,
518 1194 616 1228 unde
631 1193 776 1227 iusticia
793 1193 980 1228 mediante
997 1205 1080 1228 eam
1098 1192 1245 1227 retineo.

288 1251 374 1285 RIC.
405 1251 448 1284 In
477 1261 550 1284 non
584 1251 808 1286 habentibus
842 1251 897 1286 ius
927 1251 1034 1285 civile
1067 1250 1194 1285 utendi
1228 1260 1303 1284 non
1334 1260 1481 1293 semper
1509 1254 1565 1283 est

240 1307 372 1343 melior
388 1307 557 1342 condicio
575 1308 811 1352 possidentis,
830 1309 980 1353 scilicet,
1000 1309 1036 1343 in
1060 1320 1147 1343 casu
1175 1319 1249 1353 quo
1272 1307 1466 1352 possidens
1490 1317 1565 1340 non

241 1365 383 1410 indiget
401 1377 439 1400 re
457 1377 629 1410 possessa
647 1372 682 1401 et
699 1367 812 1401 frater
828 1366 906 1401 eius
924 1374 980 1402 est
999 1366 1170 1410 indigens
1186 1377 1194 1409 ;
1220 1373 1308 1400 tunc
1325 1365 1424 1400 enim
1442 1364 1567 1409 quoad

189 1433 230 1455 20
241 1423 313 1458 hoc
331 1430 386 1458 est
403 1423 532 1458 melior
548 1423 717 1458 condicio
736 1436 774 1459 re
794 1424 966 1467 carentis,
985 1436 1068 1459 cum
1093 1423 1142 1458 illi
1168 1435 1213 1459 eo
1232 1435 1321 1458 casu
1338 1434 1396 1457 res
1420 1422 1501 1466 ipsa
1519 1422 1565 1457 de

241 1481 333 1525 legis
356 1487 485 1515 nature
510 1482 636 1525 regula
654 1482 855 1517 debeatur:
884 1482 982 1517 unde
1013 1481 1149 1516 iudicio
1177 1481 1261 1515 iusti
1292 1480 1421 1516 iudicis
1448 1480 1567 1514 cuius-

242 1549 387 1583 cunque
422 1539 532 1573 debet
558 1550 616 1574 res
647 1539 707 1573 illa
736 1540 808 1574 hoc
839 1551 928 1574 casu
961 1551 983 1575 a
1016 1551 1090 1574 non
1117 1539 1308 1584 indigente
1336 1537 1502 1574 subtrahi
1529 1543 1566 1573 et

242 1595 447 1631 adiudicari
465 1597 659 1641 penuriam
677 1597 851 1641 pacienti.

291 1655 382 1689 IOH.
400 1653 463 1689 Sic
482 1665 605 1689 cerno.
643 1656 705 1690 Set
730 1655 843 1689 michi
862 1655 1008 1690 videtur
1023 1656 1095 1690 hoc
1121 1666 1219 1697 casu,
1238 1666 1283 1689 ex
1301 1665 1373 1699 quo
1392 1652 1564 1698 indigens

190 1725 228 1758 25
243 1718 365 1756 potest
378 1723 457 1747 rem
474 1713 586 1747 talem
604 1712 700 1747 iusto
718 1713 855 1747 iudicio
873 1714 1051 1758 optinere,
1066 1714 1165 1758 quod
1180 1713 1316 1748 iustum
1330 1719 1386 1747 est
1399 1712 1565 1756 indigen-

243 1776 318 1804 tem
335 1781 379 1804 eo
397 1781 486 1805 casu
502 1782 581 1805 rem
600 1771 699 1805 illam
717 1771 853 1806 habere
871 1772 1026 1814 debere;
1051 1778 1087 1806 et
1104 1771 1157 1806 sic
1175 1770 1287 1806 michi
1301 1771 1447 1805 videtur
1464 1770 1565 1815 quod

242 1826 414 1871 indigens
433 1827 488 1862 ius
507 1828 663 1873 amplius
681 1829 729 1863 ad
747 1841 825 1864 rem
842 1830 942 1864 illam
960 1830 1172 1864 habendam
1190 1835 1225 1864 et
1250 1830 1298 1863 ad
1315 1840 1422 1863 usum
1448 1827 1565 1873 ipsius

242 1885 354 1920 habet
372 1896 482 1930 quam
498 1886 692 1931 possidens
707 1898 751 1921 eo
770 1898 878 1922 casu:
906 1894 941 1922 et
957 1887 1008 1922 ita
1018 1899 1093 1922 non
1111 1894 1168 1922 est
1182 1887 1270 1922 iuris
1285 1886 1412 1922 utendi
1425 1886 1565 1931 paritas

239 1941 279 1976 in
297 1949 464 1987 utroque,
482 1950 537 1978 set
554 1944 710 1988 amplior
728 1944 763 1978 in
781 1951 913 1989 egente
929 1958 937 1987 ;
963 1951 1000 1980 et
1028 1956 1113 1979 cum
1139 1944 1177 1979 in
1204 1945 1258 1980 eis
1289 1944 1334 1979 sit
1358 1944 1565 1979 dominium

187 2012 230 2043 30
243 1999 419 2044 originale
444 2001 586 2045 equale,
613 2001 851 2047 consequitur
876 2003 974 2047 quod
1003 2003 1040 2037 in
1069 2009 1200 2047 egente
1230 2008 1285 2038 est
1315 2001 1473 2047 amplius
1502 2008 1566 2037 aut

242 2058 371 2092 saltem
388 2057 538 2103 aliquod
556 2059 611 2093 ius
630 2059 733 2094 civile
747 2066 809 2094 aut
828 2060 927 2094 aliud
944 2060 1179 2105 acquisitum.

291 2116 377 2151 RIC.
402 2116 558 2151 Videtur
571 2116 682 2151 michi
702 2118 802 2162 quod
819 2118 891 2152 alia
909 2124 964 2153 est
983 2118 1070 2153 iuris
1088 2118 1225 2163 paritas
1243 2118 1419 2153 naturalis
1437 2124 1473 2153 et
1492 2118 1565 2153 alia

240 2172 329 2208 iuris
362 2174 500 2218 paritas
527 2174 681 2209 actualis
709 2186 774 2210 seu
802 2176 917 2219 facti;
955 2183 1018 2211 aut
1047 2176 1090 2220 (si
1122 2176 1241 2221 magis
1267 2176 1355 2211 libet
1384 2177 1452 2211 sub
1482 2176 1564 2211 aliis

239 2231 362 2265 verbis
380 2231 495 2276 loqui)
514 2231 587 2266 alia
610 2239 664 2267 est
693 2232 779 2267 iuris
805 2233 943 2277 paritas
961 2233 1185 2276 essencialis‚
1203 2234 1275 2268 alia
1298 2233 1562 2277 accidentali53

189 2296 229 2329 35
242 2289 302 2322 vel
319 2288 425 2323 aliter
441 2288 514 2323 alia
526 2295 582 2324 est
598 2289 736 2334 paritas
754 2290 841 2324 iuris
859 2290 1071 2335 intrinseca,
1090 2291 1163 2326 alia
1179 2291 1316 2336 paritas
1333 2291 1413 2326 eius
1430 2292 1565 2327 extrin-

245 2357 355 2381 seca:
383 2346 534 2390 scilieet,
552 2347 651 2392 quod
668 2348 716 2383 ad
745 2354 869 2383 actum
896 2348 1073 2383 naturalis
1102 2361 1166 2384 seu
1189 2350 1403 2384 essencialis
1426 2349 1564 2394 paritas

243 2403 332 2438 iuris
359 2403 436 2438 sive
462 2404 659 2439 intrinseca
681 2417 826 2450 semper
848 2406 885 2440 in
911 2406 1083 2441 omnibus
1112 2407 1231 2441 solum
1249 2407 1425 2451 originale
1443 2407 1564 2442 domi-

243 2461 346 2495 nium
372 2461 595 2497 habentibus
620 2469 675 2497 est
701 2464 830 2508 equale
853 2463 960 2507 (sicut
987 2464 1172 2499 secundus
1198 2464 1306 2500 huius
1329 2465 1450 2509 operis
1473 2466 1565 2501 liber

244 2518 406 2554 ostendit
422 2519 517 2562 xvii„
535 2519 646 2563 xviii„
664 2520 745 2562 xix„
763 2533 831 2564 xx„
850 2521 960 2564 xxiii„
978 2522 1073 2557 xxiv.
1091 2521 1290 2566 capitulis),
1308 2523 1394 2567 quia
1411 2523 1472 2557 illa
1489 2535 1564 2558 non

189 2587 233 2618 40
245 2575 404 2611 variatur
439 2584 588 2622 propter
621 2578 855 2614 condiciones
897 2579 1124 2614 adventicias
1166 2591 1232 2615 seu
1273 2581 1320 2615 ab
1360 2580 1565 2616 extrinseco

245 2633 466 2669 accedentes
482 2647 492 2677 ;
527 2635 680 2670 actualis
710 2648 795 2670 vero
830 2636 916 2671 iuris
950 2636 1088 2681 paritas
1122 2649 1187 2672 seu
1217 2638 1454 2673 accidentalis
1487 2639 1565 2675 sive

245 2691 450 2726 extrinseca
481 2703 555 2726 non
589 2704 736 2737 semper
768 2693 805 2727 in
831 2695 1001 2729 omnibus
1034 2701 1090 2729 est
1125 2695 1276 2740 equalis,
1303 2696 1477 2740 quoniam
1505 2697 1566 2732 illa

245 2748 408 2783 variatur
424 2755 486 2783 aut
504 2756 627 2784 manet
649 2750 747 2785 iuxta
766 2750 1066 2787 circumstancias
1084 2753 1310 2787 extrinsecus
1328 2753 1563 2790 accidentes:

245 2806 363 2850 qualis
382 2806 541 2842 variacio
559 2807 594 2841 in
617 2813 714 2842 statu
733 2808 946 2845 innocencie
963 2821 1037 2844 non
1060 2809 1211 2855 fuisset3
1237 2817 1272 2846 et
1298 2822 1564 2857 nonnunquam

1757 219 1839 262 431
