2008 3305
43 196 130 226 CAP.
153 181 232 240 XL]
583 192 648 224 DE
681 191 923 224 PAUPERIE
956 190 1267 224 SALVAToms.
1784 191 1866 236 295

169 300 244 342 6A]
306 297 535 331 RICARDUS.
561 296 783 329 Dominacio
801 301 857 330 est
877 306 1013 329 nomen
1031 295 1190 337 verbale,
1210 294 1360 338 scilicet,
1380 306 1401 328 a
1418 294 1591 329 dominor
1603 293 1828 355 Ξξθὴῗὲῗξζὲῂίη,

258 354 371 388 verbo
396 353 647 388 descendens:
675 353 772 387 unde
799 364 874 387 non
901 353 971 386 nisi
997 352 1215 387 dominandi
1241 359 1363 387 actum
1394 351 1590 398 significat,
1793 337 1828 361 γ’

40 408 186 436 ‘Onnffl‘sst
259 411 427 456 quamvis
461 417 637 446 connotet
674 422 739 445 seu
782 410 1036 454 consignificet
1079 410 1195 455 ipsius
1228 417 1333 445 actus
1367 410 1589 454 principium

42 456 165 508 emm.
261 469 375 514 (puta,
403 469 649 513 dominium);
684 469 736 503 sic
773 469 872 514 quod
907 480 975 503 nec
1010 470 1160 513 angelus
1194 480 1263 503 nec
1295 469 1408 503 homo
1443 480 1486 503 ex
1521 468 1591 503 isto

41 503 202 543 5²3⁷²³ficet
214 510 244 583 Bg'
259 539 370 562 sensu
387 527 562 572 primario
581 527 688 561 huius
706 527 807 562 verbi
827 526 1036 561 dominacio
1053 527 1269 571 appelletur.
1319 527 1385 561 Set
1403 526 1489 571 quia
1511 526 1590 571 ipse

226 577 238 586 ⁸
257 592 362 621 actus
386 585 600 620 dominandi
626 592 681 620 est
705 584 858 619 dominii
880 585 1166 619 instrumentum
1185 595 1257 629 quo
1275 584 1350 628 agit
1369 584 1405 618 in
1425 583 1590 619 subiecta

258 656 324 678 suo
351 644 527 686 dominio,
557 650 592 678 et
623 655 697 678 non
733 644 852 678 solum
894 643 1181 677 instrumentum
1215 649 1270 677 set
1304 642 1588 677 instrumentum

258 701 482 746 participans
508 701 683 745 racione3
721 702 769 736 ob
803 701 874 735 hoc
909 707 1076 735 creatura
1110 711 1328 745 quecunque
1362 699 1588 745 participans
1602 705 1800 736 dominations,

256 760 405 794 racione
423 771 494 805 que
512 759 661 794 alterius
673 758 869 804 superioris
883 759 1040 794 efficitur
1053 758 1340 793 instrumentum
1359 759 1407 793 ad
1422 758 1589 804 proprios

206 822 246 843 10
257 818 410 852 dominii
428 824 532 852 actus
549 817 690 862 aliquos
704 817 941 860 exercendos,
959 817 1167 851 dominacio
1184 817 1400 861 appellatur,
1418 816 1591 861 precipue

258 887 343 911 cum
383 876 431 910 ad
469 887 582 920 opera
615 875 676 910 illa
709 875 915 910 exercenda
957 875 1173 910 auctoritate
1208 875 1406 919 superioris
1439 881 1591 919 recepta

256 933 413 968 fulcitur.
463 935 513 968 Et
541 933 624 967 dico
650 934 829 978 proprios
853 939 958 967 actus
992 932 1157 974 dominii,
1184 932 1359 977 quoniam
1393 932 1446 976 (ut
1479 944 1591 977 supra

258 1003 355 1027 nunc
379 991 560 1036 constitit)
588 991 775 1036 principes
800 990 966 1036 deputati
993 991 1070 1026 sive
1088 990 1265 1036 prepositi
1282 990 1434 1025 maioris
1452 991 1590 1035 gradus

258 1058 368 1095 atque
394 1049 547 1084 minoris
573 1061 616 1084 ex
644 1049 765 1083 officio
790 1049 843 1084 eis
870 1049 1070 1083 commisso
1095 1049 1237 1094 absque
1261 1048 1428 1083 dominio
1454 1048 1590 1083 multos

259 1115 362 1144 actus
389 1108 425 1142 in
453 1108 670 1152 populorum
697 1107 874 1151 regimine
905 1107 1065 1142 dominis
1091 1107 1187 1142 veris
1214 1113 1250 1142 et
1277 1106 1347 1141 sibi
1373 1117 1590 1141 communes

258 1173 438 1210 exercent,
472 1178 542 1201 nec
575 1166 612 1200 in
655 1166 726 1200 hoc
759 1167 954 1200 dominari
984 1165 1184 1201 dicuntur:
1228 1165 1431 1210 aliquando
1465 1171 1590 1199 autem

259 1224 402 1269 aliquos
427 1230 531 1259 actus
558 1230 726 1259 exercent
752 1223 814 1268 qui
840 1235 1032 1268 nunquam
1057 1234 1080 1258 a
1106 1223 1183 1258 solo
1209 1223 1331 1258 officio
1357 1222 1591 1267 prepositure

257 1282 474 1327 procedunt,
500 1281 571 1316 nisi
601 1281 740 1316 domini
766 1281 821 1316 sui
843 1282 997 1316 accedat
1018 1280 1190 1326 specialis
1217 1280 1444 1323 auctoritas;
1473 1279 1591 1325 qualis

257 1340 456 1375 auctoritas
483 1340 513 1374 si
537 1339 645 1374 fuerit
672 1351 754 1374 cum
781 1346 880 1374 certa
902 1339 1127 1374 limitacione
1146 1339 1223 1373 sive
1240 1338 1520 1373 modificacione
1538 1338 1592 1372 eis

206 1409 246 1431 20
258 1398 470 1440 commissa,
489 1397 657 1442 quamvis
682 1408 758 1431 non
786 1397 937 1440 domini,
958 1403 1085 1432 tamen
1108 1397 1343 1430 dominantes
1369 1396 1447 1431 sive
1472 1397 1591 1430 domi-

258 1457 430 1490 naciones
455 1467 616 1499 congrue
642 1456 884 1500 appellantur.
937 1455 1050 1490 Unde
1085 1454 1235 1499 spiritus
1269 1454 1320 1488 hii
1351 1455 1504 1489 celestes
1531 1453 1592 1499 qui

258 1513 422 1548 officium
448 1513 635 1558 regiminis
660 1513 768 1548 huius
794 1512 924 1547 mundi
950 1512 1129 1547 inferioris
1150 1525 1172 1547 a
1192 1513 1274 1547 Deo
1292 1512 1488 1557 accipiunt,
1507 1511 1594 1556 quia

257 1571 514 1606 auctoritatem
547 1571 733 1616 accipiunt
766 1577 806 1606 ut
839 1571 994 1616 possint,
1029 1571 1126 1605 ultra
1167 1571 1311 1605 nudum
1344 1569 1594 1605 ministerium

258 1629 336 1664 sive
353 1629 493 1663 nudam
506 1629 775 1674 preposituram
786 1628 950 1673 regendi,
965 1628 1109 1673 aliquos
1127 1635 1231 1663 actus
1250 1628 1419 1673 proprios
1438 1627 1593 1662 dominii

204 1702 243 1733 25
259 1698 439 1730 exercere,
466 1688 738 1721 dominaciones
766 1686 898 1721 merito
931 1687 1175 1731 appellantur.
1226 1687 1306 1731 Que
1340 1687 1388 1721 ob
1425 1686 1497 1721 hoc
1531 1696 1592 1720 su·
1605 1691 1781 1725 princedoms

259 1744 422 1790 periores
458 1744 618 1779 existunt
656 1744 936 1789 principatibus,
971 1744 1058 1789 quia
1092 1745 1336 1789 principatus
1368 1755 1504 1779 nomen
1536 1749 1594 1778 est

260 1802 351 1836 nudi
369 1802 491 1846 officii,
509 1803 649 1836 nullum
674 1808 799 1836 actum
821 1801 1011 1846 proprium
1035 1801 1200 1836 dominio
1224 1801 1512 1845 consignificans
1530 1807 1593 1836 aut

260 1852 463 1904 importans
480 1871 488 1903 ;
507 1866 543 1894 et
558 1870 695 1894 nomen
706 1861 906 1904 potestatis
919 1859 1092 1894 humilius
1106 1860 1225 1895 eciam
1239 1859 1412 1904 designat
1427 1859 1591 1894 officium
1603 1869 1721 1893 powers,

258 1928 370 1962 quam
388 1929 524 1952 nomen
541 1919 785 1962 principatus
802 1918 839 1951 in
859 1917 984 1962 lingua
1002 1918 1135 1952 Latina
1153 1929 1161 1961 3
1196 1924 1231 1952 et
1259 1929 1396 1952 nomen
1422 1918 1592 1960 virtutis,
1604 1921 1721 1953 virtues,

205 1986 246 2017 30
260 1975 346 2020 quia
375 1982 431 2011 est
465 1975 698 2010 communius
732 1986 845 2020 quam
878 1975 1085 2020 potestatis,
1118 1976 1239 2010 minus
1273 1976 1397 2010 nobile
1430 1975 1592 2010 officium

258 2040 435 2069 connotat
469 2045 581 2079 quam
614 2040 805 2078 potestas;
847 2041 884 2069 et
918 2034 972 2069 sic
1005 2045 1143 2069 nomen
1178 2034 1406 2079 archangeli,
1436 2033 1774 2077 scilicet,archangels.

259 2093 431 2138 princeps
449 2093 674 2137 angelorum,
693 2092 777 2126 licet
796 2091 952 2136 amplius
972 2103 1082 2137 quam
1100 2103 1236 2126 nomen
1255 2091 1422 2137 angelus,
1439 2091 1589 2135 scilicet,
1601 2095 1709 2128 angels-

259 2150 428 2193 nuncius,
447 2157 572 2185 tamen
589 2150 711 2184 minus
730 2156 904 2184 connotat
922 2161 1033 2194 quam
1050 2161 1187 2184 nomen
1204 2150 1365 2184 virtutis
1383 2149 1592 2194 (gloriosius

259 2208 359 2243 enim
378 2214 483 2243 sonat
503 2219 584 2242 esse
602 2207 773 2242 virtutem
792 2218 904 2252 quam
928 2219 1010 2242 esse
1028 2207 1233 2252 principem
1250 2207 1483 2252 nunciorum)
1507 2219 1514 2242 :
1542 2207 1596 2242 sic

209 2281 247 2313 35
263 2267 361 2311 quod
379 2266 416 2300 in
435 2265 648 2300 nominibus
667 2265 738 2300 hiis
764 2276 827 2300 sex
845 2265 1016 2299 ordinum
1035 2265 1228 2310 spirituum
1246 2266 1439 2300 beatorum
1456 2266 1596 2300 nullum

262 2335 399 2358 nomen
424 2329 549 2357 actum
574 2323 765 2367 proprium
791 2323 946 2357 dominii
972 2329 1159 2365 connotat,
1178 2329 1217 2357 ut
1242 2323 1333 2357 mihi
1352 2323 1507 2367 videtur,
1525 2323 1597 2358 nisi

262 2392 400 2416 nomen
426 2382 709 2423 dominacionis,
735 2387 774 2415 ut
807 2380 893 2422 dixi,
920 2387 1070 2426 propter
1102 2381 1206 2415 cuius
1239 2387 1344 2415 actus
1378 2381 1598 2415 exercicium

266 2439 416 2484 spiritus
443 2438 537 2473 illius
563 2438 703 2473 ordinis
727 2438 1000 2473 dominaciones
1025 2449 1099 2472 non
1126 2438 1249 2483 inepte
1266 2444 1455 2473 vocantur.
1505 2438 1597 2482 Quis

45 2497 199 2539 nunquit
214 2505 243 2528 B.
266 2509 353 2532 vero
373 2497 419 2531 sit
437 2503 542 2531 actus
560 2496 779 2539 huiusmodi,
799 2496 967 2540 nunquid
988 2507 1110 2530 rerum
1128 2496 1409 2531 commissarum
1427 2496 1596 2536 donacio,

209 2573 253 2605 40
267 2560 329 2588 aut
355 2554 527 2589 vendicio
553 2565 617 2589 seu
643 2547 900 2596 commutatio,
919 2559 981 2587 aut
1006 2553 1186 2588 libertatis
1212 2553 1369 2588 donacio
1395 2565 1460 2588 seu
1485 2553 1596 2588 servi-

47 2640 157 2671 supra,
174 2640 205 2671 p·
267 2612 354 2646 tutis
384 2611 585 2657 imposicio‚
615 2612 714 2646 iuxta
740 2622 786 2646 ea
814 2622 884 2655 que
915 2622 1025 2655 supra
1058 2611 1104 2645 de
1144 2610 1288 2645 decimo
1321 2611 1480 2655 capitulo
1514 2611 1595 2646 libri

49 2682 120 2713 293-
269 2669 438 2704 Danielis
456 2676 541 2704 sunt
558 2669 690 2714 posita,
709 2680 783 2703 non
801 2676 856 2704 est
875 2680 1042 2713 pronunc
1060 2669 1267 2704 necessario
1286 2669 1557 2714 inquirendum.

47 2727 113 2747 non
132 2723 182 2747 M³
318 2729 408 2762 IOH.
435 2729 492 2761 Ex
531 2727 609 2761 istis
650 2727 804 2761 adverto
845 2727 945 2771 quod
986 2726 1264 2761 dominaciones
1305 2733 1453 2771 propter
1491 2732 1597 2762 actus

48 2769 138 2790 num
155 2766 184 2790 B’
268 2785 411 2830 aliquos
437 2784 601 2820 dominio
628 2784 807 2830 proprios,
827 2795 919 2830 quos
945 2784 1191 2820 ministrando
1217 2784 1324 2820 nobis
1345 2791 1524 2829 exercent,
1548 2783 1598 2819 ita

33 1093 143 1135 pluri-

40 1147 171 1168 morum
190 1143 228 1168 M.
