2095 3278
193 201 276 244 320

189 311 294 337 offered
307 311 345 344 by

190 345 295 372 Christ.

194 2634 235 2661 As
248 2634 328 2660 when
341 2643 357 2660 a
369 2634 437 2660 free-

195 2678 259 2694 man
273 2669 355 2694 offers
369 2668 436 2693 him-

194 2702 250 2728 self
259 2711 289 2727 as
302 2711 318 2727 a
331 2702 406 2727 slave
420 2707 448 2727 to

193 2744 231 2762 an
244 2735 353 2768 earthly
366 2735 426 2762 lord

863 201 1069 235 RicARDI
1103 203 1406 235 ARMACHANI
1858 190 1958 248 [ΠΒ.
1982 205 2011 233 1.

467 304 604 349 Empti
625 306 712 340 estis
737 308 863 351 precio
890 317 1036 351 magno,
1063 317 1075 342 1
1103 309 1185 342 Cor.
1213 307 1259 342 vi.
1287 317 1351 349 203
1390 313 1424 341 et
1454 307 1581 341 Petrus
1608 306 1795 350 apostolus
1811 312 1901 354 [11D

467 362 554 398 dicit
592 363 710 408 prima
745 376 810 398 sua
845 365 1031 408 canonica,
1057 365 1176 410 primo
1210 365 1382 409 capitulo,
1410 366 1572 399 Scientes
1597 365 1698 408 quod
1723 375 1797 398 non
1815 374 1825 394 1
1844 365 1912 396 Pet.
1926 365 2011 404 i.18,

466 422 780 466 corruptibilibus,
799 433 894 456 auro
916 424 980 457 vel
997 427 1164 468 argento,
1190 424 1372 467 redempti
1394 423 1490 464 estis,
1516 429 1585 457 etc.
1602 434 1610 463 ;
1641 426 1695 455 set
1710 425 1796 466 pre·
1813 416 1862 449 ¹9·

466 481 560 513 cioso
588 482 775 525 sanguine
802 483 915 525 quasi
945 483 1040 526 agni
1067 482 1360 516 incontaminati
1383 485 1419 515 et
1449 481 1689 514 immaculati
1712 481 1798 514 Iesu

470 537 624 579 Cliristi,
657 549 731 572 non
765 538 973 582 intelligens
1007 539 1228 583 sanguinem
1263 539 1383 573 solum
1424 539 1589 583 precium
1630 544 1796 572 nostrum
1811 547 1828 578 5

465 595 591 637 fuisse,
626 602 679 630 set
714 607 780 640 per
810 597 998 640 sanguinis
1028 597 1245 632 effusionem
1276 596 1464 632 Christum
1495 595 1682 640 sanguinis
1708 595 1796 630 effu-

467 664 610 696 sorem3
639 653 730 688 sicut
745 654 832 688 alibi
853 655 987 689 Paulus
1006 655 1182 699 expressit
1207 656 1277 690 hoc
1303 655 1425 696 modo,
1446 655 1493 688 Si
1515 656 1613 688 enim
1639 654 1797 699 sanguis

465 711 655 745 hircorum
682 716 718 744 et
740 716 939 746 taurorum
960 717 996 746 et
1017 714 1111 746 cinis
1131 713 1252 747 vitule
1274 715 1446 758 aspersus
1463 713 1682 757 inquinatos
1693 722 1797 745 sanc-

466 769 586 814 tificat
601 770 655 803 ad
666 770 967 804 emundacionem
985 772 1120 814 carnis,
1148 775 1288 815 quanto
1313 772 1436 816 magis
1460 771 1617 816 sanguis
1644 769 1799 812 Christi,

466 828 536 871 qui
555 830 630 871 per
651 828 841 872 Spiritum
867 833 1039 863 sanctum
1066 833 1178 863 semet
1201 830 1323 874 ifisum
1350 829 1489 874 optulit
1513 828 1798 863 immaculatum
1814 841 1853 862 10

467 887 557 928 Deo,
576 892 657 928 etc„
683 887 731 920 ad
761 887 876 921 Hebr.
903 887 948 921 ix.
979 897 1031 930 13,
1055 897 1121 930 143
1149 894 1184 922 et
1203 888 1252 922 ad
1271 889 1352 923 Gal.
1380 888 1401 921 i.
1424 897 1455 931 3,
1482 896 1515 929 4,
1542 886 1632 920 dicit
1659 886 1798 920 Gracia

467 944 570 977 vobis
594 948 631 977 et
646 946 732 988 pax·
755 957 777 978 a
802 945 881 978 Deo
906 946 1024 979 Patre
1047 949 1084 979 et
1106 946 1270 979 Domino
1294 949 1420 980 nostro
1444 946 1530 979 Iesu
1560 945 1706 980 Christo
1730 944 1800 988 qui

467 1002 569 1036 dedit
582 1007 694 1036 semet
708 1003 833 1047 ipsum
844 1006 918 1047 pro
928 1005 1090 1047 peccatis
1107 1005 1255 1037 nostris.

518 1061 606 1095 IOH.
634 1061 782 1104 Negare
808 1072 882 1095 non
908 1072 1061 1105 possum
1088 1061 1175 1106 quin
1204 1061 1372 1096 Christus
1397 1061 1527 1106 optulit
1554 1072 1593 1095 se
1620 1059 1797 1106 precium,
1811 1075 1880 1106 neg.
1898 1075 1962 1096 om.
1976 1072 2006 1096 B.

468 1121 512 1152 ut
543 1130 608 1152 nos
640 1131 664 1152 a
696 1119 815 1152 seculo
841 1121 1012 1163 presenti
1038 1131 1198 1164 nequam
1234 1122 1393 1165 eriperet
1435 1119 1542 1164 (sicut
1583 1120 1718 1154 Paulus
1751 1118 1799 1153 ad
1817 1128 1853 1160 15

469 1176 703 1219 Galacianos‚
722 1177 782 1211 ubi
803 1177 982 1221 allegasti,
1002 1176 1206 1222 expressit),
1225 1184 1260 1211 et
1280 1178 1379 1222 quod
1399 1178 1501 1212 Deus
1520 1189 1559 1211 se
1583 1176 1711 1221 optulit
1729 1188 1736 1220 ;
1765 1182 1802 1211 et

470 1235 568 1269 salus
595 1247 679 1269 mea
705 1247 749 1270 ex
774 1235 835 1269 illa
861 1235 1052 1271 oblacione
1082 1236 1303 1281 proveniens
1331 1247 1390 1270 me
1421 1235 1575 1279 impellit
1600 1241 1639 1270 ut
1664 1246 1801 1279 negare

471 1303 544 1327 non
562 1294 701 1338 possim
728 1294 814 1338 quin
837 1295 940 1329 Deus
967 1294 1131 1338 precium
1157 1295 1322 1328 oblatum
1341 1293 1490 1328 admisit
1510 1300 1619 1338 atque
1637 1293 1774 1338 recepit
1792 1305 1799 1327 :

468 1350 628 1395 alioquin
644 1362 710 1395 per
727 1351 959 1386 oblacionem
978 1352 1078 1386 illam
1097 1359 1222 1386 nostra
1236 1352 1333 1386 facta
1344 1351 1556 1396 redempcio
1574 1362 1649 1385 non
1661 1350 1799 1385 fuisset.

470 1408 566 1453 Quia
584 1410 734 1454 insuper
752 1409 883 1445 Ysaias
902 1410 1058 1455 predixit
1076 1412 1175 1455 quod
1192 1412 1380 1444 Dominus
1396 1411 1529 1455 posuit
1545 1411 1585 1444 in
1603 1421 1642 1444 eo
1659 1410 1798 1454 iniqui·
1815 1422 1855 1443 20

467 1471 580 1501 tatem
606 1469 772 1502 omnium
799 1472 980 1512 nostrum,
1000 1475 1036 1503 et
1058 1469 1157 1513 quod
1174 1469 1362 1502 Dominus
1379 1469 1504 1502 voluit
1520 1479 1603 1501 euni
1618 1471 1800 1502 conterere

470 1526 571 1568 (Ysa.
590 1526 652 1560 liii.
671 1527 703 1567 6,
720 1526 775 1569 10)
798 1538 806 1570 3
834 1532 869 1560 et
889 1526 967 1571 ipse
986 1526 1074 1561 dicit
1091 1528 1189 1561 sicut
1205 1527 1427 1560 mandatum
1444 1526 1547 1559 dedit
1563 1525 1679 1559 michi
1691 1528 1803 1570 pater

467 1584 520 1617 sic
553 1585 632 1618 acio
652 1583 720 1628 (Io.
732 1584 803 1618 xiv.
816 1583 894 1628 31);
914 1591 949 1619 et
967 1585 1103 1619 Paulus
1121 1585 1283 1620 affirmat
1299 1585 1401 1630 quod
1409 1584 1541 1629 factus
1559 1587 1615 1617 est
1635 1583 1800 1617 obediens

467 1653 582 1686 usque
599 1643 653 1676 ad
665 1646 830 1685 mortem,
849 1647 1004 1677 mortem
1024 1647 1147 1677 autem
1166 1644 1287 1677 crucis
1303 1642 1366 1687 (ad
1381 1643 1510 1687 Philip.
1523 1642 1557 1676 ii.
1574 1641 1621 1686 8),
1636 1649 1671 1677 et
1685 1642 1801 1676 multa

467 1699 638 1734 dicuntur
656 1700 821 1735 similiter
839 1712 909 1745 que
928 1701 1017 1736 satis
1035 1701 1219 1735 affirmant
1237 1702 1361 1736 Deum
1378 1703 1524 1736 Patrem
1538 1701 1626 1735 illud
1639 1699 1800 1745 precium
1817 1707 1854 1739 25

467 1770 540 1792 non
559 1765 704 1792 tantum
722 1760 949 1804 approbasse
965 1766 1018 1794 set
1036 1759 1153 1794 eciam
1172 1766 1388 1804 acceptasse
1410 1758 1522 1804 (unde
1548 1759 1637 1794 dicit
1654 1758 1800 1801 Ysaias,

467 1816 530 1851 ubi
549 1828 671 1861 supra,
692 1817 739 1851 Si
751 1819 922 1862 posuerit
934 1820 1004 1863 pro
1018 1821 1166 1862 peccato
1191 1819 1360 1852 animam
1377 1829 1495 1861 suam,
1519 1817 1660 1852 videbit
1679 1827 1800 1851 semen
1814 1817 1879 1849 Isa.
1892 1816 1951 1848 liii.
1967 1825 2015 1848 10.

468 1874 679 1920 longevum,
714 1878 749 1909 et
781 1876 960 1910 voluntas
992 1877 1153 1910 Domini
1182 1877 1223 1910 in
1258 1887 1374 1910 manu
1409 1877 1489 1910 eius
1520 1874 1723 1920 dirigetur)
1742 1886 1801 1909 :—

469 1932 619 1967 omnino
645 1933 879 1978 consequitur
904 1934 1002 1978 quod
1030 1935 1134 1968 Deus
1160 1935 1268 1969 Pater
1292 1934 1479 1968 Christum
1497 1925 1660 1978 precium
1677 1939 1803 1967 nostre

470 1991 597 2025 salutis
623 1992 772 2036 recepit.
823 1993 872 2025 Et
892 1991 941 2026 ita
958 1992 1121 2036 precium
1139 1991 1240 2037 quod
1259 2003 1366 2026 suum
1383 1997 1460 2026 erat
1478 1991 1616 2036 recepit
1637 2003 1645 2031 ;
1681 1991 1805 2035 Caput
1817 2001 1858 2031 30

471 2048 617 2094 (inquit)
637 2050 721 2083 viri
741 2053 795 2084 est
820 2049 1000 2092 Christus,
1020 2051 1132 2094 caput
1155 2054 1279 2084 autem
1309 2050 1452 2084 Christi
1469 2053 1523 2083 est
1543 2050 1659 2093 Deus,
1681 2058 1695 2083 1
1719 2050 1801 2083 Cor.
1817 2060 1830 2081 1
1849 2052 1920 2083 Cor.
1933 2061 1952 2093 9
1968 2057 1999 2083 et

468 2107 514 2141 xi.
536 2117 555 2150 3
571 2118 579 2150 ;
605 2113 640 2142 et
670 2116 683 2141 1
716 2108 797 2142 Cor.
816 2106 863 2141 iii.
883 2117 938 2151 23,
971 2108 1039 2142 Vos
1055 2112 1179 2142 autem
1202 2107 1354 2150 Christi,
1374 2107 1547 2143 Christus
1563 2111 1687 2141 autem
1705 2107 1800 2150 Dez'3
1816 2105 1831 2126 ²
1855 2095 1927 2169 {3⁷²

470 2171 506 2199 et
541 2165 578 2199 in
614 2165 772 2200 Psalmis
807 2165 895 2199 dicit
930 2166 1113 2210 propheta
1147 2164 1182 2199 in
1219 2165 1355 2200 Christi
1390 2177 1550 2210 persona
1584 2165 1632 2199 ad
1666 2166 1802 2207 Deum,
1815 2149 1855 2170 co
1906 2162 1913 2169 ’

470 2224 632 2257 Domine
652 2224 757 2257 Deus
782 2235 894 2265 meus,
923 2225 963 2258 in
989 2227 1024 2257 te
1047 2224 1221 2268 speravi;
1246 2230 1281 2258 et
1303 2222 1603 2257 innumerabilies
1625 2223 1661 2257 in
1681 2223 1802 2267 Scrip-
1816 2228 1869 2259 Ps.
1884 2227 1938 2259 vii.
1955 2235 1982 2258 1.

470 2281 561 2316 turis
579 2281 794 2326 exprimitur
809 2283 912 2316 Deus
932 2282 1105 2316 dominus
1124 2293 1205 2316 esse
1221 2281 1359 2316 Christi
1374 2293 1381 2316 :
1409 2282 1508 2316 unde
1526 2280 1803 2315 conclusionem
1818 2290 1857 2322 35

471 2351 607 2384 negare
640 2351 715 2373 non
745 2340 876 2383 audeo,
907 2339 1054 2374 racione
1083 2346 1208 2374 tamen
1236 2338 1488 2381 humanitatis,
1516 2339 1602 2384 quia
1634 2338 1804 2373 Christus

473 2397 676 2432 secundum
695 2397 859 2432 divinam
886 2404 1055 2432 naturam
1081 2397 1288 2432 dominium
1310 2398 1446 2432 habere
1465 2409 1538 2431 non
1557 2403 1688 2442 potest.
1740 2398 1803 2432 Set

472 2462 558 2500 peto
584 2462 633 2498 ut,
654 2455 745 2490 sicut
771 2455 957 2490 racionem
984 2455 1256 2490 dominacionis
1283 2455 1407 2489 divine
1433 2454 1545 2489 michi
1575 2455 1803 2497 ostenderas,

473 2514 526 2548 sic
560 2514 713 2548 modum
746 2513 948 2558 recipiendi
984 2514 1148 2558 precium
1183 2513 1281 2558 quod
1319 2520 1375 2548 est
1417 2525 1524 2548 suurn
1557 2524 1731 2557 exponas,
1766 2519 1804 2547 ut

477 2578 621 2616 emptor
641 2573 744 2606 Deus
763 2572 943 2606 veraciter
960 2571 1032 2606 dici
1051 2571 1179 2616 possit.
1694 2587 1696 2589 ’
1819 2576 1862 2607 40

526 2632 612 2665 RIC.
643 2632 744 2665 Bene
779 2631 825 2664 cle
859 2630 1006 2664 Christo
1040 2630 1109 2664 hec
1143 2630 1269 2673 sentis,
1299 2635 1335 2664 et
1369 2641 1435 2674 pro
1464 2629 1601 2664 viribus
1628 2635 1692 2663 tua
1720 2635 1808 2663 vota

478 2689 667 2733 perficiam
687 2700 694 2723 :
739 2700 822 2723 cum
856 2688 941 2733 quia
974 2688 1067 2722 liber
1099 2689 1209 2722 homo
1247 2687 1397 2722 domino
1438 2694 1581 2722 terreno
1621 2686 1808 2721 subiectus

477 2753 683 2791 spontanea
701 2748 886 2781 voluntate
913 2758 951 2781 se
977 2746 1087 2781 efficit
1114 2757 1261 2780 servum
1284 2746 1377 2780 illius
1401 2757 1466 2791 pro
1488 2745 1609 2790 aliquo
1627 2745 1806 2780 beneficio

476 2805 544 2839 sibi
572 2806 739 2850 impenso
767 2804 872 2849 (esto,
900 2816 964 2849 pro
997 2805 1013 2823 *
1044 2804 1265 2840 liberacione
1292 2816 1314 2839 a
1344 2803 1558 2849 captivitate
1585 2803 1800 2849 cuiusquam
1815 2807 1894 2837 12A
