2008 3305
40 214 128 242 CAP.
151 201 296 254 xxm]
584 207 648 241 DE
681 205 924 242 PAUPERIE
957 205 1270 241 SALVATORIS.
1785 206 1868 251 313

146 318 243 360 loA]
259 313 310 348 rei
329 312 488 347 cuiusvis
512 321 700 357 nunquam
723 324 745 347 a
767 312 932 347 dominio
956 312 1008 347 rei
1032 312 1125 347 illius
1148 311 1386 358 procederet3
1414 308 1589 356 quoniam

259 371 295 405 in
323 370 473 405 instanti
497 370 715 405 donacionis
742 381 808 415 per
841 370 1087 404 donacionem
1116 370 1336 405 transfertur
1369 369 1588 412 dominium,

257 435 293 463 et
315 438 381 473 per
400 437 633 472 consequens
656 438 699 462 eo
724 428 875 462 instanti
901 434 957 462 est
983 427 1189 462 dominium
1214 427 1301 461 illud
1327 427 1362 461 in
1384 426 1588 467 donatario,

41 496 107 517 non
124 495 187 517 om.
205 493 235 515 B·
258 492 294 520 et
320 486 371 520 ita
394 492 481 520 tunc
504 496 580 519 non
594 491 651 520 est
670 485 705 518 in
724 486 887 519 donante
907 485 1127 529 (secundum
1140 484 1203 528 te),
1222 491 1258 519 et
1275 496 1339 529 per
1357 494 1589 529 consequens

226 555 332 588 5non
357 550 413 578 est
439 555 552 577 causa
577 549 664 577 tunc
690 542 909 577 donacionis
936 542 1111 577 efficiens.
1176 543 1270 577 Cum
1301 542 1411 586 igitur
1440 548 1590 576 econtra

259 601 432 642 affirmes,
451 606 487 635 et
506 611 643 645 negare
670 611 744 634 non
765 606 882 644 potes,
906 601 1004 645 quod
1033 599 1190 634 donacio
1215 606 1271 634 est
1296 606 1401 634 actus
1424 598 1589 642 dominii,

259 658 410 693 omnino
434 658 667 702 consequitur
696 658 794 702 quod
822 669 897 691 non
925 664 1074 702 propter
1100 657 1347 692 donacionem
1374 657 1593 692 transfertur

261 716 349 750 illud
375 715 591 758 dominium,
619 713 795 759 intelligo,
822 714 1028 749 dominium
1055 715 1155 760 quod
1181 715 1301 760 ipsam
1326 714 1439 749 efficit
1466 714 1592 748 dacio-

259 784 357 808 nem.

206 843 246 865 10
308 833 398 867 IOH.
428 832 515 866 Non
539 842 691 876 possum
714 841 845 875 capere
868 830 966 875 quod
993 830 1039 866 sit
1063 842 1151 866 vera
1174 836 1209 865 et
1232 829 1380 875 proprie
1406 830 1505 864 dicta
1528 829 1591 863 do·

258 889 376 932 nacio,
395 888 466 923 nisi
484 888 638 923 dominii
656 889 719 923 fiat
737 888 947 923 translacio.

305 948 393 981 RIC.
418 947 479 981 An
505 958 580 981 non
606 952 713 991 putas
738 945 837 991 quod
862 945 1116 990 propriissime
1142 945 1316 980 dominus
1340 943 1593 990 propriissime

259 1010 380 1049 potest
398 1004 536 1038 donare
551 1006 563 1038 ?

309 1063 399 1096 IOH.
427 1062 509 1106 Quo
537 1061 648 1096 modo
676 1061 713 1095 id
742 1067 871 1106 potero
901 1071 976 1095 non
1005 1067 1134 1106 putare
1162 1072 1237 1096 non
1268 1061 1389 1104 video,
1417 1059 1593 1105 quoniam

208 1132 244 1165 15
260 1119 350 1153 alias
368 1119 525 1154 donacio
542 1131 618 1153 non
636 1125 734 1154 esset
752 1125 856 1154 actus
880 1119 1045 1163 dominii,
1066 1119 1137 1154 nisi
1154 1119 1301 1164 proprie
1319 1118 1470 1153 domino
1489 1124 1592 1152 actus

259 1176 407 1222 proprie
424 1176 647 1211 conveniret.

307 1235 394 1269 RIC.
422 1234 579 1269 Provide
597 1233 829 1279 respondisti,
848 1245 917 1269 nec
935 1234 1092 1279 ambigis
1112 1234 1201 1279 quin
1220 1234 1325 1269 Deus
1342 1232 1594 1279 propriissime

260 1298 315 1327 est
333 1292 517 1335 dominus,
535 1299 571 1327 et
595 1292 846 1337 propriissime
869 1292 1040 1327 dominus
1064 1292 1290 1337 appellatur3
1318 1304 1362 1327 ex
1386 1303 1458 1336 quo
1476 1290 1592 1325 verio-

260 1361 340 1385 rem
366 1361 411 1384 ac
437 1349 652 1384 validiorem
682 1356 718 1384 et
747 1349 1069 1384 racionabiliorem
1099 1360 1251 1384 causam
1280 1350 1392 1384 habet
1421 1348 1594 1383 omnibus

210 1419 250 1440 20
262 1407 491 1451 dominandi,
519 1418 631 1452 quam
661 1407 876 1442 dominandi
907 1407 1078 1453 cuiquam
1112 1414 1278 1442 creature
1307 1407 1430 1452 aliqua
1459 1406 1595 1440 habeat

216 1471 429 1501 Bcreatura
448 1465 466 1485 *
483 1465 596 1509 (iuxta
621 1465 722 1509 prius
750 1464 948 1509 tractata):
981 1465 1078 1500 unde
1105 1465 1340 1510 consequitur
1364 1464 1462 1509 quod
1491 1463 1595 1497 Deus

259 1522 512 1567 propriissime
530 1534 574 1557 ac
588 1522 824 1557 veracissime
841 1529 960 1567 potest
975 1524 1125 1565 donare,
1138 1535 1160 1557 a
1177 1534 1250 1567 quo
1267 1528 1323 1557 est
1342 1533 1447 1556 omne
1464 1521 1594 1555 datum

260 1581 442 1625 optimum
469 1584 505 1613 et
528 1591 633 1614 omne
660 1580 797 1614 donum
819 1581 1039 1625 peffectum,
1069 1582 1142 1615 Iac.
1163 1580 1184 1615 i.
1208 1588 1261 1624 17,
1290 1580 1352 1625 qui
1378 1591 1422 1615 ex
1449 1589 1595 1614 summa

44 1643 111 1674 Iac.
128 1642 149 1673 i.
168 1650 196 1682 5.
259 1637 478 1672 liberalitate
495 1638 562 1671 dat
577 1638 746 1672 omnibus
763 1638 965 1683 affluenter.

209 1703 247 1735 25
310 1697 399 1730 IOH.
432 1695 513 1729 Iam
542 1695 612 1729 hoc
639 1706 774 1739 negare
803 1707 877 1730 non
907 1706 1082 1740 possum:
1125 1702 1181 1730 set
1216 1695 1300 1730 inde
1330 1694 1421 1729 mihi
1450 1694 1595 1728 videtur
1607 1696 1877 1755 (lioragistwithout

43 1761 217 1793 donaciong
261 1752 364 1797 sequi
387 1752 608 1796 absurditas,
628 1752 766 1787 scilicet
791 1753 890 1798 quod
916 1753 1074 1787 donacio
1099 1753 1178 1788 sine
1201 1753 1414 1788 abieccione
1439 1730 1857 1801 dominiiioffdssffisseirssdssssffl

44 1805 139 1836 codd.
259 1816 316 1845 est
333 1810 453 1845 verior
469 1816 505 1844 et
525 1809 642 1854 magis
660 1810 807 1854 proprie
829 1810 928 1844 dicta
948 1811 1105 1845 donacio
1123 1822 1233 1856 quarn
1255 1823 1299 1845 ea
1322 1810 1359 1844 in
1381 1821 1455 1855 qua
1475 1816 1592 1844 trans—
1605 1798 1830 1862 ξζὲξεζὲζῖξώ

259 1868 374 1902 fertur
400 1867 615 1911 dominium,
643 1879 687 1902 ex
713 1879 785 1912 quo
811 1868 1064 1913 propriissime
1093 1868 1263 1903 convenit
1292 1869 1376 1903 Deo
1402 1878 1592 1912 nunquam
1606 1863 1876 1923 ggrililfleffergssffipis

43 1928 191 1959 abdicare
203 1936 247 1959 M:
261 1937 368 1960 suum
385 1925 590 1959 dominium
607 1925 792 1959 abdicare.
1775 1918 1783 1929 ’

44 1972 248 2003 abdz'cantz'ss.
308 1984 395 2017 RIC.
426 1984 514 2017 Non
544 1989 599 2017 est
630 1983 698 2017 hec
724 1982 935 2018 absurditas
963 1989 1018 2018 set
1044 1983 1192 2027 veritas,
1217 1983 1301 2018 licet
1331 1983 1398 2017 tibi
1426 1983 1595 2017 occulta:

263 2040 386 2083 immo,
416 2040 508 2075 sicut
538 2040 733 2084 patefactis
763 2040 986 2084 quibusdam
1013 2041 1094 2075 aliis
1122 2041 1245 2075 adhuc
1275 2041 1342 2074 tibi
1370 2040 1523 2075 occultis
1551 2040 1598 2074 de

261 2098 487 2143 possidendi,
512 2098 688 2141 donandi,
711 2104 746 2132 et
772 2098 853 2131 aliis
880 2097 1021 2133 actibus
1046 2098 1162 2133 divini
1189 2105 1224 2133 et
1252 2098 1407 2133 humani
1431 2097 1597 2140 dominii,

262 2155 328 2190 tibi
347 2156 522 2190 clarescet
540 2156 639 2200 quod
663 2162 767 2190 actus
791 2155 884 2198 talis,
903 2156 965 2190 ubi
988 2167 1057 2191 nec
1078 2156 1234 2191 abicitur
1252 2156 1457 2190 dominium
1478 2167 1598 2200 neque

262 2213 462 2258 possessio,
486 2225 559 2247 non
582 2220 726 2248 tantum
749 2213 868 2257 magis
891 2214 1038 2258 proprie
1062 2220 1097 2248 et
1121 2213 1243 2248 verius
1270 2220 1326 2248 est
1349 2213 1510 2248 dicenda
1533 2213 1597 2247 do-

209 2282 248 2313 35
263 2270 381 2314 nacio,
401 2277 455 2305 set
474 2270 625 2315 insuper
643 2271 741 2315 quod
759 2277 814 2305 est
831 2271 1017 2305 liberalior
1034 2272 1192 2306 donacio
1213 2282 1324 2316 quam
1342 2282 1386 2305 ea
1404 2282 1474 2315 que
1493 2270 1532 2305 fit
1549 2270 1597 2304 ab

263 2327 475 2363 hominibus
502 2339 610 2362 suum
635 2327 841 2362 dominium
862 2328 1144 2363 transferendo:
1182 2328 1297 2372 cuius,
1316 2328 1486 2373 quamvis
1514 2339 1596 2362 suc-

264 2385 434 2428 cinctam,
462 2385 586 2429 accipe
616 2385 814 2420 racionem.
866 2385 1070 2420 Liberalior
1094 2392 1151 2420 est
1179 2386 1241 2420 illa
1268 2385 1426 2420 donacio
1452 2397 1523 2430 que
1552 2397 1595 2420 ex
1607 2395 1662 2432 and
1676 2395 1735 2421 also
1749 2404 1823 2422 more

263 2442 478 2477 fervenciori
498 2443 686 2477 voluntate
703 2443 869 2487 procedit
891 2449 927 2477 et
952 2443 1145 2477 donatario
1169 2443 1273 2478 affert
1295 2444 1377 2487 plus
1396 2428 1727 2485 commodi‚¹1be¹³¹)’

265 2512 348 2534 cum
375 2501 424 2535 ad
456 2501 526 2535 hoc
555 2501 743 2535 ordinetur
770 2500 927 2534 donacio
961 2512 1031 2545 que
1061 2500 1132 2535 hiis
1165 2507 1266 2535 caret
1283 2513 1291 2543 ς
1322 2500 1478 2535 donacio
1508 2512 1597 2535 vero

210 2572 252 2602 40
263 2557 361 2592 facta
393 2568 416 2592 a
446 2559 527 2592 Deo
561 2569 605 2592 ex
631 2557 847 2592 fervenciori
877 2559 1066 2592 voluntate
1100 2558 1265 2602 procedit
1296 2569 1407 2602 quam
1441 2558 1598 2593 donacio

264 2622 432 2650 creature
453 2615 543 2659 (non
566 2615 739 2659 ambigis)
756 2627 764 2658 ;
796 2621 832 2649 et
854 2615 959 2649 affert
978 2616 1058 2659 plus
1078 2615 1264 2649 commodi
1283 2615 1490 2658 donatario,
1510 2626 1598 2660 quo-

265 2672 366 2706 niam
393 2673 488 2706 ultra
515 2673 751 2706 commodum
779 2673 877 2717 quod
905 2672 1034 2707 similis
1061 2673 1219 2707 donacio
1244 2673 1292 2707 ab
1318 2673 1467 2707 homine
1494 2673 1600 2708 affert

267 2729 417 2773 homini,
444 2730 599 2764 adicitur
625 2730 661 2764 in
689 2729 894 2764 donacione
918 2730 1015 2764 facta
1040 2743 1062 2764 a
1089 2731 1172 2765 Deo
1198 2730 1235 2764 in
1261 2731 1422 2765 donante
1448 2742 1598 2765 conser-

271 2787 388 2831 vacio,
407 2787 640 2832 gubernaciO,
660 2794 694 2822 et
717 2788 794 2822 eius
818 2793 896 2822 tuta
920 2787 1106 2823 defensio:
1139 2794 1284 2824 constat
1303 2799 1388 2832 ergo
1407 2787 1507 2833 quod
1526 2787 1598 2822 Dei
