2008 3305
240 208 323 238 CAP.
347 194 423 253 XL]
723 205 871 237 LrssER
903 205 1099 238 PRIMUS.
1797 194 1848 247 85

126 323 224 365 28B]
238 320 408 359 videatur
427 334 449 359 a
469 320 590 359 Paulo
611 321 649 357 in
662 319 794 358 Verbo
810 334 819 367 ;
841 333 934 370 ergo
954 321 1161 359 conclusio.
1192 319 1295 358 Sicut
1315 333 1407 370 ergo
1427 320 1569 358 diame-

237 392 341 430 tralis
361 391 604 441 interposicio
624 397 720 429 terre
736 391 833 428 inter
850 391 972 429 solem
984 398 1021 428 et
1036 391 1167 428 lunam
1187 391 1310 438 infert,
1328 392 1568 429 demonstra-

236 462 348 500 cione
371 468 526 512 propter
546 462 639 512 quid
658 462 742 500 licet
761 462 800 498 in
820 462 1047 511 particulari,
1076 462 1248 511 eclipsim
1267 462 1357 500 lune
1376 475 1385 509 3
1421 468 1569 512 quanto

235 533 359 582 magis
388 533 524 571 volicio
558 532 643 580 Dei,
675 532 894 570 evidencius
923 532 1078 582 cognita
1106 539 1144 569 et
1178 544 1294 570 causa
1322 532 1565 582 adequacior,

202 603 346 648 5infert
370 604 666 642 demonstrative
686 603 845 640 volitum
874 604 923 640 ab
952 603 1101 640 eodem.
1145 602 1286 641 Tercio
1315 609 1419 652 patet
1445 602 1562 652 quod,
1611 617 1635 638 c.

234 674 566 713 demonstracione
596 674 759 711 ducente
789 673 838 710 ad
867 673 1102 722 inpossibile,
1134 679 1261 722 potest
1290 673 1448 723 quilibet
1483 673 1570 710 arti-

192 745 339 783 chlus
369 746 455 784 fidei
485 745 750 783 demonstrari.
806 743 824 764 '¹‘
842 743 946 781 Nam
975 744 1131 794 quilibet
1160 744 1247 781 talis
1276 744 1465 782 revelatus
1495 749 1565 789 est,

223 816 291 853 ⁷vel
310 822 437 865 potest
457 816 611 854 revelari
623 828 633 862 3
667 822 705 852 et
725 821 815 852 tunc
836 814 1021 852 formetur
1040 815 1142 852 racio
1163 814 1267 852 fideli
1286 814 1569 853 revelacionem

230 885 450 924 huiusmodi
470 886 742 936 cognoscenti:
773 889 782 905 ‘
797 885 922 923 Datus
943 885 1101 922 effectus
1128 897 1210 922 non
1230 885 1380 923 eveniet
1400 891 1437 923 et
1457 884 1567 922 Deus

180 970 219 993 10
234 956 328 994 ‘hoc
353 957 537 1003 revelavit,
559 969 650 1005 ergo
672 956 778 994 Deus
806 968 845 993 se
869 956 997 1005 ipsum
1022 955 1204 1004 negando
1228 956 1378 994 mentiri
1406 953 1567 1005 poterit!

231 1027 392 1065 Talibus
417 1034 545 1066 autem
566 1027 966 1066 demonstracionibus
985 1026 1101 1063 utitur
1116 1025 1336 1076 frequenter
1352 1026 1566 1076 apostolus,

229 1104 270 1136 ut
289 1105 394 1147 patet
418 1111 434 1135 1
461 1098 549 1137 Cor.
566 1110 626 1136 XV.
647 1098 687 1136 in
707 1097 909 1148 probanda
929 1097 1265 1134 resurreccionem.

285 1168 425 1207 Tereia
444 1169 580 1206 veritas
593 1175 661 1215 est,
678 1168 739 1206 De
752 1168 860 1206 omni
874 1168 1029 1205 veritate
1045 1173 1172 1216 potest
1185 1167 1399 1205 intellectus
1413 1173 1564 1206 creatus
1579 1175 1601 1205 3·
1623 1166 1684 1193 The
1701 1167 1812 1193 created

1577 1201 1701 1227 intellect
1711 1210 1763 1227 can
1774 1202 1846 1227 have

229 1239 369 1276 habere
408 1239 644 1278 evidenciam
686 1240 725 1276 in
764 1239 907 1276 lumine
946 1237 1122 1286 naturali,
1164 1238 1251 1276 licet
1289 1238 1404 1276 nichil
1441 1239 1564 1288 possit
1576 1233 1710 1260 evidenoe
1723 1235 1801 1261 ⁰s³¹¹

1577 1268 1653 1293 truth

177 1316 215 1349 Ι5
230 1321 464 1359 cognoscere
494 1310 576 1347 sine
621 1310 765 1347 lumine
796 1308 1132 1358 supernaturaliter
1160 1308 1391 1346 illustrante:
1432 1315 1468 1346 et
1496 1322 1565 1359 per
1656 1288 1662 1301 ⁵

228 1392 471 1430 consequens
491 1380 616 1418 nullus
638 1380 815 1418 articulus
835 1379 923 1416 fidei
944 1385 1001 1416 est
1020 1379 1101 1416 iure
1121 1379 1333 1416 inevidens.
1390 1379 1563 1418 Evidens

227 1451 385 1501 quidem
406 1451 558 1500 proprie
574 1450 844 1500 participaliter
863 1449 1080 1499 intelligitur
1100 1461 1170 1499 pro
1192 1449 1256 1487 illo
1278 1449 1385 1500 quod
1400 1450 1454 1487 vis
1475 1462 1564 1500 cog-

227 1521 341 1558 nitiva
364 1528 472 1559 extra
502 1533 612 1559 suam
641 1521 856 1559 essenciam
885 1521 1076 1566 intuetur‚·
1107 1520 1280 1557 secundo
1310 1520 1430 1558 modo
1460 1521 1565 1570 apud

227 1591 437 1629 modernos
457 1592 639 1641 accipitur
659 1604 729 1642 pro
758 1590 1032 1640 cognoscibili;
1063 1590 1168 1640 quod
1188 1591 1241 1627 vis
1261 1591 1453 1640 cognitiva
1473 1599 1564 1629 nata

175 1674 216 1697 20
228 1668 284 1700 est
303 1662 416 1712 plene
436 1674 684 1711 cognoscere,
706 1668 746 1699 ut
767 1663 941 1700 veritates
962 1661 1050 1699 fidei
1070 1662 1297 1700 abscondite
1317 1661 1564 1711 predicantur

226 1733 339 1771 hodie
360 1733 597 1771 inevidentes
613 1733 652 1770 in
672 1733 815 1771 lumine
836 1732 1008 1770 naturali.

281 1804 395 1842 Tunc
413 1809 518 1853 patet
536 1804 660 1853 prima
686 1816 785 1853 pars,
809 1804 936 1853 primo
965 1815 1035 1852 per
1052 1802 1127 1840 hoc
1149 1803 1256 1853 quod
1285 1809 1409 1841 totum
1438 1815 1560 1853 genus
1572 1821 1600 1838 a.
1620 1811 1648 1838 in
1662 1812 1710 1838 the
1725 1811 1796 1845 light
1815 1813 1846 1840 of

225 1874 333 1922 entis,
355 1881 392 1912 et
412 1887 480 1924 per
499 1887 744 1924 consequens
763 1875 939 1921 veritatis,
958 1880 1016 1911 est
1036 1874 1234 1912 obiectum
1258 1875 1374 1913 creati
1395 1875 1560 1924 spiritus,
1573 1853 1684 1878 nature'

226 1945 314 1994 quia
347 1945 456 1982 aliter
488 1957 570 1983 non
603 1945 763 1983 haberet
791 1945 893 1982 unde
924 1944 1093 1993 cogitare
1125 1945 1265 1993 poterit
1298 1946 1403 1995 quod
1434 1945 1562 1995 aliqua

174 2026 212 2059 25
227 2016 363 2054 veritas
391 2015 490 2054 foret
514 2016 712 2055 inevidens
726 2028 736 2062 3
767 2016 864 2053 sicut
893 2027 1029 2053 sensus
1058 2026 1140 2052 non
1167 2015 1281 2053 habet
1304 2016 1407 2053 unde
1431 2016 1563 2054 credat

225 2086 382 2136 aliquod
419 2098 540 2136 genus
589 2086 779 2124 sensibilis
817 2085 899 2124 fore
947 2086 1019 2123 sibi
1067 2085 1322 2135 incognitum.
1381 2086 1561 2125 Secundo

224 2157 372 2194 videtur
392 2170 441 2195 ex
470 2157 544 2195 hoc
571 2157 679 2207 quod
707 2157 831 2206 prima
850 2156 988 2194 veritas
1019 2162 1076 2193 est
1097 2156 1369 2206 cognoscibilis
1392 2158 1561 2195 maxime

226 2227 428 2265 difficulter
471 2225 529 2278 (ut
571 2227 743 2265 secundo
785 2225 1097 2278 Methaphisice)‚
1131 2227 1289 2265 racione
1328 2228 1560 2265 excellencie

224 2304 262 2335 et
305 2298 571 2347 elongacionis
608 2310 631 2336 a
669 2298 812 2336 noticia
850 2298 1041 2336 sensitiva.
1111 2296 1214 2334 Cum
1261 2309 1353 2346 ergo
1394 2298 1479 2347 ipsa
1511 2298 1559 2336 sit

168 2379 212 2412 30
225 2368 325 2406 clare
363 2369 561 2415 intuibilis‚
607 2375 649 2406 ut
681 2375 787 2419 patet
820 2381 869 2406 ex
902 2368 1059 2406 racione
1096 2367 1351 2414 beatitudinis,
1391 2368 1559 2418 sequitur

176 2437 479 2478 D*evidencius
509 2439 615 2488 quod
648 2439 818 2488 quelibet
851 2439 988 2476 veritas
1019 2438 1112 2476 citra
1137 2438 1274 2487 ipsam.
1327 2437 1471 2475 Tercio
1509 2450 1558 2476 ex

223 2509 297 2547 hoc
328 2509 432 2558 quod
462 2509 571 2547 Deus
601 2510 715 2547 nimis
747 2509 938 2554 deficeret,
969 2509 1187 2547 ordinando
1217 2508 1322 2558 quod
1352 2508 1558 2547 racionalis

223 2587 394 2619 creatura
425 2582 474 2619 ad
506 2581 797 2618 similitudinem
829 2581 885 2618 sui
916 2580 1016 2618 facta
1050 2579 1224 2617 laudaret
1257 2580 1383 2629 ipsum
1417 2580 1456 2618 in
1490 2592 1558 2618 sua

258 2684 290 2700 2..
304 2675 549 2702 demonstracione
562 2675 631 2701 AC:
651 2675 928 2701 demonstracz'onem
949 2674 982 2701 Β.
1121 2682 1144 2705 5.
1165 2673 1256 2707 z'nfhrt
1276 2674 1351 2700 AC:
1378 2673 1503 2707 inferret
1525 2674 1557 2700 B.

225 2718 265 2734 12.
286 2709 318 2734 In
341 2709 363 2733 B
383 2715 446 2741 post
465 2710 704 2735 resurreccionem
726 2714 767 2734 est
793 2708 901 2734 lacuna.
975 2709 1013 2734 16.
1034 2708 1098 2734 iure
1111 2707 1187 2733 AC:
1208 2716 1284 2734 mere
1298 2708 1331 2735 B.
1417 2717 1456 2734 20.
1472 2708 1558 2740 plene

223 2742 248 2767 A
260 2741 282 2768 C
297 2749 302 2768 :
318 2743 407 2775 plane
422 2742 454 2769 B.
533 2751 573 2774 25.
596 2742 741 2769 inevidens
761 2742 783 2767 B
797 2742 836 2768 C:
858 2742 1035 2769 inevidentes
1048 2742 1083 2766 A.

599 2803 646 2833 28.
673 2801 772 2833 Arist.
795 2801 942 2843 Metaph.
961 2801 992 2832 ii.
1013 2810 1026 2832 1
1047 2811 1078 2842 p.
1097 2800 1159 2842 996
1176 2812 1206 2832 a.
