2008 3305
179 190 262 221 102
854 187 920 218 DE
954 187 1170 219 DOMINro
1202 186 1379 217 D1V1No
1565 174 1671 232 [CAP.
1689 187 1783 216 xm.

458 303 620 353 quodvis
644 309 778 350 totum,
799 310 839 340 ut
859 302 1071 340 universale
1091 308 1127 339 et
1149 314 1260 339 suum
1282 302 1533 351 suppositum,
1550 301 1728 339 accidens
1748 306 1786 337 et
1801 300 1899 342 [33D

457 386 570 413 suum
591 374 828 420 subiectum;
856 374 985 422 igitur,
1006 386 1095 411 cum
1115 375 1264 411 bonurn
1288 373 1496 421 analogum
1517 384 1596 409 non
1626 372 1673 408 sit
1701 370 1786 407 uni-

456 458 552 484 voce
582 446 912 483 eommunicatum
940 445 1027 483 Deo
1055 452 1092 482 et
1120 454 1304 489 creature,
1332 444 1455 481 multo
1485 443 1609 491 magis
1638 441 1787 478 nullum

457 518 607 554 bonum
626 517 860 554 cumulatum
881 529 928 554 ex
948 516 1035 553 Deo
1059 522 1097 553 et
1122 516 1203 553 eius
1226 527 1340 564 opere
1359 521 1486 564 potest
1505 526 1587 551 esse
1608 513 1660 550 sic
1680 523 1787 549 com-

373 591 412 620 iii.
457 599 587 625 mune.
643 587 788 625 Tercio
829 599 877 624 ex
915 586 988 624 hoc
1023 587 1129 636 quod
1166 587 1314 623 nullum
1354 596 1561 624 commune
1599 583 1708 633 ponit
1745 582 1818 624 in5

458 671 662 696 numerum
683 670 770 696 cum
795 659 871 695 suis
891 658 1095 707 suppositis
1108 670 1117 704 ;
1149 664 1201 703 ut,
1224 659 1320 695 sicut
1349 669 1430 695 non
1460 663 1548 694 sunt
1577 656 1706 704 plures
1725 666 1786 691 res

457 730 497 766 in
517 729 604 766 Deo
626 729 774 766 adintra
803 735 960 778 propter
989 741 1239 767 communem
1267 728 1493 773 essenciam,
1514 727 1568 764 sic
1597 738 1669 763 nec
1699 730 1787 762 sunt

457 800 584 849 plures
603 800 780 837 homines
799 806 956 848 propter
975 805 1152 837 naturam
1178 798 1432 836 universalem
1461 797 1789 835 communicatam

460 869 479 889 '¹‘
497 871 676 909 humanis
696 871 914 920 suppositis.
954 870 1054 909 Cum
1073 882 1167 920 ergo
1187 871 1361 908 raciones
1383 869 1621 918 exemplares
1642 868 1681 904 in
1700 865 1787 903 Deo
1800 866 1885 896 34A

460 948 548 979 sunt
585 942 813 979 universalia
852 948 1021 979 creature
1066 941 1280 980 secundum
1323 940 1493 978 Platonis
1538 938 1787 983 sentenciam,
1803 943 1843 965 10

461 1025 579 1062 quam
620 1012 859 1062 Augustinus
911 1013 1110 1061 approbat,
1161 1011 1487 1061 Octogintatrium
1527 1009 1788 1056 Questionum

461 1085 663 1132 questione
692 1083 765 1129 xlv,
796 1083 943 1120 videtur
972 1083 1078 1132 quod
1107 1095 1184 1120 non
1219 1088 1368 1132 ponunt
1397 1082 1437 1118 in
1466 1093 1671 1118 numerum
1699 1092 1790 1118 cum

459 1155 614 1193 eisdem.
671 1154 792 1204 Igitur
818 1160 898 1192 tam
924 1156 1073 1192 bonum
1099 1160 1156 1191 est
1180 1153 1310 1191 Deum
1338 1165 1422 1191 esse
1452 1166 1543 1190 cum
1571 1152 1789 1190 racionibus

460 1226 680 1263 huiusmodi
707 1238 825 1275 quam
849 1226 996 1262 bonum
1023 1231 1081 1263 est
1107 1225 1178 1262 illis
1204 1225 1426 1262 racionibus
1453 1229 1645 1261 creaturas
1672 1223 1789 1261 effec-

459 1297 609 1334 tualiter
638 1297 822 1346 generari,
853 1296 942 1346 quia
969 1296 999 1333 si
1033 1295 1334 1345 superadderent
1362 1295 1575 1332 bonitatem
1605 1297 1843 1342 augerent15

460 1374 497 1406 et
525 1379 729 1405 numerum
758 1372 796 1405 et
825 1379 894 1416 per
922 1378 1168 1416 consequens
1198 1378 1279 1403 non
1308 1365 1558 1403 convenirent
1586 1364 1626 1401 in
1653 1364 1790 1402 eadem

461 1439 635 1477 essencia
647 1451 656 1485 ς
687 1439 794 1488 quod
814 1445 870 1476 est
890 1444 1024 1477 contra
1044 1437 1296 1487 suppositum.

884 1574 1211 1614 CAPITULUM
1252 1575 1365 1612 XIII.

181 1671 279 1696 Tamo
298 1670 403 1701 OssJEc-
516 1665 671 1704 TERe1o
697 1665 858 1702 instatur
884 1671 1019 1702 contra
1044 1664 1146 1701 dicta
1166 1662 1212 1701 de
1237 1663 1365 1701 divina
1392 1663 1579 1701 creancia.
1630 1662 1792 1700 Videtur

181 1712 252 1729 ‘ron
267 1707 295 1729 to
308 1704 355 1729 the
366 1704 440 1729 view

180 1737 394 1798 ngjtffiffan
460 1737 565 1774 enim
609 1735 716 1786 quod
754 1735 972 1784 supradicte
1010 1734 1206 1773 sentencie
1245 1733 1337 1771 nulli
1382 1733 1604 1783 philosophi
1642 1733 1790 1771 dissen-
1806 1747 1847 1770 20

459 1808 593 1854 tirent;
632 1819 737 1856 ymo,
768 1819 857 1844 cum
883 1806 946 1843 illa
973 1806 1150 1843 creancia
1179 1810 1252 1843 stat
1280 1805 1457 1843 eternitas
1487 1804 1621 1842 mundi
1650 1805 1792 1854 simpli-

459 1879 552 1916 citer
589 1884 679 1928 post
712 1884 750 1915 et
788 1883 887 1922 ante,
926 1889 1016 1914 cum
1058 1877 1185 1914 omnis
1223 1876 1397 1915 essencia
1438 1882 1545 1914 extra
1582 1875 1713 1912 Deum
1752 1876 1793 1913 in

460 1955 649 1999 quantum
681 1947 903 1986 huiusmodi
935 1947 1158 1997 producitur
1188 1960 1211 1986 a
1241 1960 1339 1998 puro
1370 1960 1454 1985 esse
1483 1947 1708 1997 intelligibili
1741 1948 1792 1987 ad

462 2019 713 2058 existenciam
734 2019 934 2056 actualem.

183 2102 453 2142 Stafqmentffour
517 2089 595 2127 Hic
616 2089 749 2126 dicitur
769 2088 874 2138 quod
894 2100 1030 2126 omnes
1055 2094 1158 2126 recte
1184 2088 1504 2138 philosophantes
1531 2088 1672 2127 debent
1699 2101 1791 2127 con·
1807 2103 1846 2136 25

177 2139 315 2169 ‘mltum‘
465 2160 612 2205 cedere,
651 2165 838 2209 tanquam
883 2158 1209 2209 philosophicum,
1249 2159 1494 2197 creacionem
1540 2160 1793 2198 universitatis

464 2243 553 2270 cum
584 2230 664 2267 eius
699 2230 867 2279 partibus
901 2230 1097 2269 universis.
1156 2230 1234 2268 Sed
1267 2230 1485 2268 huiusmodi
1515 2230 1665 2280 posicio
1699 2243 1792 2268 con-

185 2314 247 2339 The
257 2313 451 2345 worldbegan,
464 2302 575 2350 tingit
600 2301 810 2350 dupliciter.
868 2301 1036 2347 Quidam
1062 2301 1177 2347 enim,
1198 2307 1239 2338 ut
1263 2300 1422 2350 Moyses
1446 2307 1484 2338 et
1510 2301 1681 2350 puriores
1708 2301 1792 2350 phi-

184 2357 215 2373 as
228 2356 245 2372 a
258 2347 356 2377 whole,
371 2352 400 2371 at
413 2355 430 2372 a

185 2380 269 2412 given
283 2380 389 2406 instant
402 2380 434 2406 of
466 2372 620 2421 losophi
655 2378 785 2409 nostre
818 2371 919 2416 fidei,
954 2377 1105 2420 ponunt
1138 2384 1210 2421 pro
1245 2371 1375 2409 dando
1415 2371 1573 2408 instanti
1606 2372 1792 2420 temporis

185 2420 403 2484 Ξιῗὲθὲοηιῑηυες
466 2443 654 2481 mundum
676 2444 837 2481 totaliter
857 2444 1046 2493 incepisse
1063 2457 1071 2481 ε
1102 2450 1138 2480 et
1159 2443 1297 2481 abhinc
1319 2456 1440 2493 usque
1460 2443 1499 2480 in
1519 2444 1621 2481 diem
1640 2444 1791 2481 univer·
1805 2450 1848 2481 30

182 2492 388 2558 ἷιῗᾶἓεῑιῗιὲηῗῗγ
401 2491 433 2518 Of
467 2515 553 2552 salis
583 2514 711 2551 iudicii
742 2514 857 2551 currit
891 2515 1099 2563 generacio
1134 2514 1337 2551 hominum
1376 2520 1412 2550 et
1451 2520 1665 2551 ceterorum
1703 2515 1792 2551 sub-

465 2585 655 2622 lunarium
694 2597 767 2634 que
803 2584 977 2621 ordinata
1008 2590 1096 2621 sunt
1125 2583 1273 2622 homini
1303 2584 1536 2630 subservire;
1582 2590 1618 2622 et
1657 2591 1794 2633 expost

500 2680 522 2695 2.
544 2679 598 2695 non
614 2670 636 2694 B
648 2670 686 2695 C:
707 2679 761 2695 orn.
774 2671 807 2695 A.
927 2680 968 2696 10.
985 2673 1056 2695 sunt
1068 2671 1093 2695 A
1103 2670 1126 2696 C
1138 2677 1143 2695 :
1164 2671 1225 2696 sint
1238 2671 1269 2696 B.
1357 2673 1492 2696 creature
1504 2671 1529 2696 A
1540 2671 1577 2696 C:
1598 2671 1745 2696 creaturis
1760 2671 1790 2697 B.

467 2713 509 2731 12.
531 2703 612 2729 rlvA
625 2703 665 2729 C:
686 2713 717 2736 47
728 2704 758 2728 B.
832 2705 872 2729 26.
893 2705 901 2734 ΙΙ
912 2705 1085 2730 creacionem
1097 2704 1119 2729 B
1130 2704 1147 2729 f.
1162 2714 1209 2737 227
1219 2712 1244 2730 c.
1315 2713 1354 2736 31.
1372 2705 1523 2736 generacio
1534 2704 1572 2730 B:
1589 2713 1694 2737 genere
1706 2705 1731 2730 A
1744 2704 1777 2731 C.

528 2779 577 2802 11.
603 2770 742 2810 August.
761 2770 801 2802 de
818 2770 934 2802 divers.
954 2771 1087 2811 Quaest.
1105 2771 1275 2812 octoginta
1291 2772 1392 2802 tribus
1409 2771 1497 2810 xlvi„
1517 2772 1607 2813 Opp.
1623 2770 1655 2803 6.
1675 2773 1725 2804 18.
