2008 3305
152 202 234 244 290

150 415 283 455 Isdivine
296 415 385 442 domi-

148 458 231 474 nluvl
245 458 297 474 ΟΠΕ
310 458 341 475 ΟΥ

149 483 257 509 diverse
268 483 279 509 ⁶?

306 1117 415 1151 VIII.

149 1173 329 1205 Description
343 1174 375 1199 of

149 1208 196 1232 the
210 1207 303 1233 divine
316 1208 406 1233 domi-

149 1250 233 1267 mum
245 1248 253 1266 :

192 2571 214 2598 is
228 2570 404 2597 inalienable.

816 199 1022 233 RICARDI
1055 200 1357 233 ARMACHANI
1813 189 1913 248 [Lm.
1937 203 1965 230 1.

428 302 594 336 dabatur.
648 302 799 337 Interim
824 304 1013 348 premissis
1037 311 1117 339 esto
1141 311 1347 348 contentuS,
1367 310 1401 339 et
1421 305 1514 339 ultra
1532 303 1751 349 progredere
1764 309 1836 349 [4D

426 360 654 405 inquirendo.

475 420 564 453 IOH.
593 418 698 453 Istud
717 418 882 453 divinum
901 419 1104 454 dominium
1121 426 1176 455 est
1202 432 1315 455 unum
1339 426 1507 465 respectu
1528 431 1651 455 rerum
1675 431 1750 455 om-

425 476 539 518 niurn,
557 488 603 510 an
624 476 811 511 diversum
826 478 839 512 ?

474 536 557 569 RIc.
585 534 624 569 Si
650 535 830 570 unitatem
856 537 992 570 realem
1018 536 1181 582 inquiris,
1206 548 1280 572 non
1309 543 1365 572 est
1391 537 1582 582 multiplex
1608 542 1663 571 set
1693 542 1748 571 est
1764 541 1780 572 5

426 604 550 636 unum,
571 593 662 627 sicut
684 593 786 627 Deus
811 600 866 628 est
888 605 1006 636 unus3
1034 606 1117 628 cum
1142 594 1346 629 dominium
1369 594 1420 628 rei
1443 594 1589 629 realiter
1605 605 1679 628 non
1703 593 1749 628 sit

427 651 642 685 distinctum
667 663 690 685 a
716 652 811 686 Deo.
863 651 902 685 Si
929 651 1109 686 unitatem
1136 652 1295 687 racionis
1321 652 1485 697 inquiris,
1514 652 1657 697 singula
1687 652 1750 686 do-

426 708 567 743 minata
592 715 676 743 actu
703 709 877 744 distincta
903 709 1047 754 singula
1071 711 1209 745 habent
1237 722 1303 745 sua
1330 710 1503 753 dominia,
1531 717 1566 745 et
1592 709 1752 744 mundus

426 774 523 802 totus
542 779 656 802 unum
676 767 880 801 dominium
906 767 1095 812 integrale,
1115 768 1160 803 de
1179 779 1250 813 quo
1269 768 1442 813 precipue
1460 774 1726 813 pertractamus
1744 779 1751 810 ;

427 826 520 860 sicut
551 825 587 859 in
617 825 882 870 temporalibus
913 825 1073 860 dominis
1107 838 1221 861 unum
1252 826 1429 870 integrale
1459 825 1665 860 dominium
1695 832 1807 860 estro

427 894 580 927 regnum
595 883 672 918 sive
686 884 842 918 ducatus
856 890 919 918 aut
938 884 1079 927 domus,
1094 883 1178 918 licet
1193 884 1423 919 diversarum
1437 896 1559 919 rerum
1574 884 1610 917 in
1625 895 1750 928 regno,

427 941 576 984 ducatu,
606 948 642 976 et
672 942 784 976 domo
815 941 861 976 sit
891 942 1088 985 diversum,
1119 941 1350 987 particulare,
1381 941 1458 977 sive
1492 941 1652 987 parciale
1687 942 1751 976 do-

428 1010 593 1034 mmmm.

480 1113 708 1147 IOHANNES.
738 1113 853 1157 Perge
867 1112 1018 1147 ulterius
1036 1119 1071 1148 et
1085 1113 1263 1156 describe,
1279 1113 1307 1148 si
1326 1114 1457 1158 placet,
1471 1113 1570 1148 istud
1586 1113 1752 1148 divinum

428 1170 645 1205 dominium.
1769 1178 1805 1210 15

474 1230 701 1263 RICARDUS.
725 1228 820 1263 Mihi
835 1228 977 1263 videtur
991 1228 1041 1263 ita
1059 1235 1143 1273 apte
1158 1240 1266 1274 posse
1282 1228 1453 1271 describi,
1466 1229 1565 1274 quod
1583 1228 1750 1263 divinum

427 1286 632 1320 dominium
661 1292 716 1321 est
751 1286 806 1320 ius
840 1287 990 1330 plenum
1023 1286 1240 1331 possidendi
1275 1287 1466 1330 mundum,
1495 1293 1530 1321 et
1564 1286 1752 1321 mediante

426 1345 662 1391 possessione
681 1345 759 1379 sola
777 1346 883 1389 plene
907 1356 950 1379 ac
974 1345 1086 1380 libere
1110 1346 1249 1388 utendi,
1276 1357 1359 1379 cum
1377 1345 1550 1380 omnibus
1570 1346 1752 1381 contentis

427 1404 464 1437 in
491 1403 596 1448 ipso3
624 1402 674 1437 ita
700 1409 738 1437 ut
766 1402 820 1437 ius
848 1402 894 1437 sit
919 1414 1035 1447 genus
1061 1402 1225 1446 dominii,
1253 1409 1288 1437 et
1315 1409 1433 1437 totum
1461 1403 1649 1437 residuum
1674 1409 1752 1438 tan-

426 1472 538 1507 quam
573 1460 788 1495 differencia
822 1460 993 1505 specifica
1026 1472 1092 1505 per
1121 1472 1232 1506 quam
1266 1460 1432 1495 divinum
1465 1459 1670 1497 dominium
1703 1461 1751 1496 ab
1767 1467 1807 1489 20

427 1519 598 1554 omnibus
629 1525 880 1554 creaturarum
910 1518 1085 1554 dominiis
1115 1525 1170 1554 est
1201 1518 1428 1554 distinctum.
1490 1520 1548 1553 Tu
1578 1519 1638 1554 dic
1667 1519 1756 1565 quid

428 1584 557 1612 contra
574 1577 640 1612 tibi
660 1577 813 1612 videtur.

476 1638 566 1671 IOH.
594 1637 714 1671 Multa
732 1635 821 1670 mihi
841 1637 999 1671 obscura
1018 1636 1088 1671 ista
1107 1636 1313 1681 descripcio
1332 1636 1518 1671 continere
1535 1636 1689 1671 videtur.

474 1696 561 1729 RIC.
593 1695 730 1729 Lucem
757 1694 889 1729 ducem
916 1695 1042 1737 habes,
1071 1694 1131 1739 qui
1159 1696 1302 1729 occulta
1328 1695 1464 1729 revelat
1490 1695 1536 1729 de
1566 1694 1828 1730 tenebris:Iob
1844 1697 1898 1728 xii.
1918 1707 1955 1730 22

427 1754 560 1788 ducem
578 1753 676 1786 hunc
694 1752 812 1787 libens
831 1764 984 1797 sequere
1003 1764 1074 1797 quo
1092 1759 1127 1787 te
1147 1753 1265 1787 ducet.
1767 1766 1804 1798 25

477 1813 567 1846 IOH.
595 1811 633 1846 Si
662 1811 718 1845 ius
738 1810 875 1845 domini
895 1810 941 1845 sit
961 1811 1111 1855 plenum
1139 1822 1248 1855 super
1268 1811 1377 1845 rebus
1400 1810 1525 1845 divino
1545 1809 1561 1829 ⁵⁶
1576 1810 1751 1846 subiectis
1764 1813 1823 1843 5A

428 1869 603 1911 dominio,
622 1868 767 1903 videtur
784 1868 882 1913 quod
903 1869 1007 1902 Deus
1032 1880 1096 1912 per
1114 1867 1169 1902 ius
1193 1868 1291 1903 istud
1316 1875 1438 1913 potest
1462 1869 1507 1903 de
1530 1869 1639 1904 rebus
1661 1869 1751 1914 ipsis

426 1928 547 1962 facere
565 1937 794 1972 quecumque
813 1927 926 1960 homo
945 1926 1150 1960 dominium
1167 1938 1287 1961 rerum
1310 1927 1452 1961 habens
1476 1927 1522 1961 de
1547 1926 1622 1961 suis
1643 1927 1751 1961 bonis

425 1988 523 2021 valet
553 1986 721 2020 efficere:
757 1991 793 2020 et
821 1985 881 2028 ita,
910 1984 1003 2020 sicut
1034 1985 1145 2019 homo
1175 1992 1296 2030 potest
1323 1997 1388 2030 per
1413 1997 1520 2020 suum
1546 1985 1750 2020 dominium

426 2044 524 2078 bona
551 2055 617 2078 sua
642 2049 678 2078 et
705 2042 910 2077 dominium
937 2042 1101 2087 ipsorum
1128 2042 1284 2086 abicere,
1305 2054 1349 2077 ea
1374 2044 1539 2088 perdere,
1558 2042 1749 2088 dissipare,
1765 2055 1807 2086 30

426 2101 624 2149 negligere,
643 2101 794 2143 donare,
814 2101 1062 2142 commodare,
1081 2101 1213 2143 locare,
1239 2101 1437 2146 deponere,
1462 2112 1689 2144 consumere,
1714 2108 1750 2137 et

426 2160 597 2203 vendere,
629 2158 681 2193 sic
713 2160 817 2193 Deus
848 2165 970 2203 potest
1001 2159 1047 2192 de
1077 2159 1248 2193 omnibus
1279 2159 1444 2193 dominio
1471 2170 1537 2193 suo
1564 2158 1750 2194 subiectis.

428 2219 558 2252 Patere
588 2217 698 2262 igitur
728 2223 767 2251 ut
798 2217 844 2251 de
876 2216 956 2251 istis
985 2216 1218 2260 singulariter
1252 2218 1351 2262 quod
1380 2216 1470 2251 mihi
1501 2216 1645 2251 videtur
1674 2216 1870 2251 obi-utM:

426 2275 545 2311 ciam:
574 2282 610 2310 et
638 2287 722 2310 ecce
749 2275 872 2320 quoad
906 2273 1158 2309 abieccionem
1188 2274 1266 2309 sive
1295 2274 1576 2309 abdicacionem
1599 2261 1861 2310 dominiip⁰t⁶5t
1879 2266 1918 2290 ¹3³

426 2333 517 2367 mihi
545 2332 689 2367 videtur
720 2331 824 2377 sequi
856 2332 1077 2374 absurditas,
1107 2331 1257 2374 scilicet,
1287 2333 1385 2377 quod
1415 2344 1473 2366 res
1503 2332 1627 2377 aliqua
1652 2339 1750 2368 esset
1765 2345 1804 2378 35

427 2392 530 2426 cuius
559 2392 662 2425 Deus
689 2390 860 2424 dominus
887 2401 962 2424 non
989 2396 1175 2432 maneret3
1209 2397 1244 2425 et
1270 2397 1394 2425 tamen
1419 2391 1573 2425 facultas
1600 2390 1750 2426 abdica-

427 2449 543 2484 cionis
563 2447 727 2489 dominii,
747 2455 784 2482 ut
804 2447 959 2490 videtur,
980 2447 1217 2492 consequitur
1235 2460 1278 2482 ex
1302 2448 1372 2483 ista
1392 2448 1620 2493 plenitudine
1637 2449 1749 2484 facul-

427 2508 512 2542 tatis
532 2518 595 2541 seu
615 2506 712 2540 iuris.

476 2567 562 2600 RIC.
601 2566 658 2598 Ex
692 2564 919 2609 plenitudine
955 2564 1026 2599 ista
1060 2564 1284 2599 contrarium
1317 2563 1470 2598 omnino
1504 2564 1748 2610 consequitur,

429 2623 579 2666 scilicet,
599 2623 696 2667 quod
716 2634 753 2657 re
778 2622 906 2667 quavis
933 2629 1106 2657 manente
1131 2633 1205 2656 non
1230 2629 1351 2667 potest
1373 2634 1395 2656 a
1419 2624 1502 2657 Deo
1526 2623 1603 2657 eius
1630 2623 1748 2658 domi·
1761 2629 1804 2661 40

427 2681 528 2715 nium
558 2680 744 2722 abdicari;
782 2680 958 2724 quoniam
989 2680 1098 2724 plena
1126 2680 1281 2714 facultas
1309 2692 1417 2725 super
1441 2680 1540 2714 aliud
1565 2681 1748 2725 possibili-

428 2745 543 2773 tatem
569 2750 653 2773 vere
681 2737 918 2772 alienacionis
949 2737 1044 2772 illius
1075 2749 1148 2772 non
1180 2738 1360 2772 sustinet:
1397 2738 1539 2782 plenior
1566 2738 1664 2772 enirn
1695 2745 1749 2773 est

429 2796 489 2831 illa
518 2796 673 2830 facultas
705 2796 780 2830 sive
810 2802 974 2840 potestas
1006 2807 1114 2840 super
1144 2807 1220 2831 rem
1254 2796 1425 2841 aliquam,
1456 2807 1565 2841 quam
1602 2807 1659 2830 res
1689 2795 1750 2832 illa
