2095 3278
43 171 130 201 CAP.
150 157 256 216 xm]
610 168 673 198 DE
707 166 950 200 PAUPERIE
982 165 1295 198 SALVATORrs.
1771 165 1854 206 403

145 270 239 313 31A]
255 271 499 315 affluenciam,
533 272 697 306 omnium
731 271 1010 306 commodorum
1043 270 1091 305 ad
1121 276 1248 305 votum
1277 268 1430 303 liberum
1460 267 1576 301 habu-

255 329 368 364 issent
386 329 573 364 communi
595 329 672 364 iure
698 329 826 364 utendi
854 329 977 363 omnia
1003 328 1243 373 possidendo.
1291 328 1390 361 Vera
1415 331 1470 361 est
1487 336 1576 369 ergo

254 394 382 422 nostra
399 387 566 432 predicta
584 387 771 422 conclusio
790 387 899 431 quod,
919 387 949 420 si
975 387 1098 420 Adam
1123 392 1160 420 et
1187 396 1316 419 omnes
1342 383 1479 429 posteri
1498 382 1577 417 eius

254 445 511 479 innocenciam
538 451 829 486 conservassent,
855 444 976 478 nullus
1003 444 1168 488 ipsorum
1197 441 1471 488 possessionem
1501 440 1577 475 iure

221 513 238 544 5
253 503 401 548 proprio
419 503 606 548 propriam
624 502 815 537 habuisset
832 508 894 536 aut
912 502 1048 536 habere
1065 500 1164 535 licite
1181 499 1373 546 potuisset.

301 616 530 650 IOHANNES.
558 614 696 650 Nescio
715 625 940 659 repugnare:
969 620 1005 649 et
1031 620 1155 648 tamen
1180 612 1367 657 quomodo
1389 612 1460 646 hoc
1478 617 1576 646 stare
1589 612 1684 643 XIV.

250 678 376 717 posset
398 684 473 706 non
491 672 609 716 video,
637 672 811 717 quoniam
837 672 866 706 si
893 672 1107 706 innocentes
1134 676 1303 715 poterant
1328 671 1465 704 habere
1490 681 1574 713 pos·
1587 666 1844 732 ᾆξξὲἒζξξξῖἐὲῒῑςίς

251 730 454 764 sessionem
471 730 567 765 facto
585 730 782 775 propriam,
801 729 937 774 pariter
955 735 1126 774 poterant
1145 729 1282 763 habere
1300 727 1574 772 possessionem
1587 732 1607 758 it
1622 739 1670 771 nqt
1684 734 1743 759 also
1752 719 1852 766 pro'per

251 787 327 822 iure
360 788 546 832 propriam
583 787 636 832 (ut
669 787 780 822 michi
814 786 997 831 videtur);
1041 785 1216 831 quoniam
1256 785 1442 830 possessio
1475 785 1573 820 facto
1586 766 1623 800 by
1636 767 1730 800 nght?

199 858 237 880 10
251 845 395 890 propria
412 845 508 880 iusta
526 845 562 879 in
577 845 629 880 eis
648 845 788 888 fuisset,
806 856 880 879 non
906 845 1025 879 solum
1049 844 1085 879 in
1105 850 1283 889 quantum
1300 842 1498 888 possessio,
1518 849 1574 878 set

249 903 369 937 eciam
392 902 429 936 in
452 909 631 948 quantum
654 903 801 948 propria
825 903 924 937 facto
954 902 1151 947 possessio,
1177 908 1213 936 et
1239 913 1312 936 non
1339 907 1459 946 potest
1484 912 1570 946 pro-

248 960 368 1005 prium
388 960 537 1005 aliquod
560 960 635 995 iure
662 961 740 995 solo
767 960 953 994 communi
979 960 1115 994 iustum
1140 959 1297 994 existere
1318 958 1370 1002 (ut
1388 957 1571 1003 videtur);

248 1018 347 1052 unde
365 1019 602 1063 consequitur
620 1018 719 1063 quod
737 1024 881 1063 poterat
899 1017 936 1051 in
962 1017 1219 1052 innocentibus
1240 1028 1322 1052 esse
1347 1015 1499 1061 aliquod
1517 1016 1572 1051 ius

248 1076 435 1121 proprium
453 1076 716 1121 proprietatem
735 1075 980 1120 possessionis
999 1075 1213 1109 iustificans.

198 1140 234 1172 15
298 1135 527 1169 RICARDUS.
552 1134 659 1169 Vires
686 1140 748 1168 tue
772 1133 907 1168 mentis
932 1133 1117 1177 recollige,
1135 1139 1172 1168 et
1195 1132 1347 1167 attende
1369 1131 1469 1177 quod
1489 1143 1570 1177 pro-

248 1191 386 1236 prietas
404 1191 650 1236 possessionis
667 1191 816 1236 propria
834 1191 931 1225 facto
950 1196 1094 1225 tantum
1112 1189 1219 1224 aliter
1243 1196 1366 1235 potest
1383 1189 1571 1225 iustificari

248 1260 358 1294 quam
372 1249 578 1294 proprietas
592 1248 837 1294 possessionis
856 1248 1001 1293 proprie
1015 1248 1114 1283 facto
1132 1254 1168 1283 et
1185 1247 1280 1291 iure3
1307 1248 1484 1293 quoniam
1502 1249 1572 1283 hec

247 1307 491 1351 possessionis
510 1306 714 1352 proprietas
732 1318 807 1341 non
825 1306 894 1341 nisi
913 1305 990 1341 iure
1011 1306 1160 1351 proprio
1187 1305 1376 1340 iustificari
1394 1311 1514 1350 potest
1534 1305 1571 1341 in

246 1365 386 1409 aliquo;
413 1365 576 1410 alioquin
590 1376 665 1399 non
679 1371 776 1400 esset
796 1364 872 1400 iure
889 1364 1038 1409 propria
1057 1370 1112 1399 set
1129 1363 1205 1398 iure
1223 1362 1442 1398 communis.
1483 1364 1570 1398 Pro-

195 1434 233 1455 20
247 1422 382 1467 prietas
400 1434 486 1457 vero
504 1422 750 1467 possessionis
776 1421 922 1467 proprie
947 1422 1045 1456 facto
1069 1428 1214 1456 tantum
1241 1420 1430 1456 iustificari
1448 1427 1568 1466 potest

246 1493 289 1516 ex
318 1492 431 1515 causa
456 1479 671 1525 multiplici;
702 1479 878 1525 quoniam
905 1480 1113 1525 proprietas
1140 1478 1386 1524 possessionis
1411 1479 1498 1514 facti
1525 1490 1569 1515 ex

2 1553 6 1556 >
23 1542 122 1582 ponit
131 1552 141 1573 .·
158 1547 214 1583 po·
244 1538 511 1582 grammaticali
532 1549 640 1572 sensu
659 1537 774 1582 ipsius
798 1537 938 1582 aliquid
961 1537 1077 1582 ponit,
1104 1537 1255 1581 scilicet,
1281 1536 1568 1582 possessionem,

1 1600 7 1638 ξ
30 1586 99 1616 luit
117 1594 144 1617 ¹3-
244 1599 280 1627 et
292 1592 430 1637 aliquid
447 1592 576 1637 privat,
592 1592 743 1636 scilicet,
758 1592 1057 1627 communionem
1068 1591 1155 1626 facti
1170 1593 1247 1627 sive
1263 1593 1308 1627 de
1321 1592 1432 1627 facto.
1469 1592 1512 1626 In
1524 1603 1567 1627 eo

244 1651 343 1695 quod
361 1651 476 1695 ponit,
496 1650 644 1694 scilicet,
664 1650 701 1685 in
719 1649 977 1695 occupacione,
997 1649 1186 1684 iustificari
1205 1656 1327 1695 potest
1345 1649 1568 1685 sufficienter

193 1721 230 1752 25
245 1719 289 1742 ex
303 1708 488 1743 communi
503 1708 667 1753 originali
683 1708 847 1743 dominio
861 1721 869 1752 3
897 1708 1074 1753 quoniam
1089 1707 1239 1753 quilibet
1254 1720 1298 1742 ex
1314 1707 1376 1742 illo
1390 1707 1566 1751 dominio,

244 1766 305 1800 ubi
324 1777 397 1800 non
416 1767 540 1801 obviat
559 1766 615 1801 ius
633 1766 783 1812 aliquod
800 1765 1012 1811 positivum,
1030 1777 1089 1801 res
1106 1766 1153 1800 ab
1171 1777 1215 1801 eo
1234 1765 1447 1800 dominatas
1472 1766 1566 1801 iuste

244 1830 364 1868 potest
389 1831 425 1859 et
451 1824 566 1859 libere
591 1836 782 1869 occupare.
835 1825 879 1859 In
905 1836 949 1858 eo
979 1823 1079 1869 quod
1108 1823 1239 1868 privat,
1265 1823 1417 1867 intelligi
1444 1829 1566 1868 potest

245 1880 341 1915 iusta
371 1888 520 1926 propter
549 1881 605 1917 ius
632 1882 817 1927 peculiare
844 1881 882 1916 in
908 1888 1125 1926 occupante,
1151 1881 1250 1926 quod
1275 1880 1368 1915 alios
1397 1881 1516 1925 privat
1543 1894 1566 1916 a

199 1945 229 1974 B
245 1939 503 1974 communione
522 1939 598 1975 sive
615 1940 774 1975 excludit
793 1940 840 1975 de
860 1939 876 1958 ²¹⁴
892 1940 989 1974 facto
1006 1951 1014 1983 ;
1041 1951 1111 1984 que
1134 1950 1246 1974 causa
1269 1938 1491 1975 iustificandi
1512 1938 1566 1983 (ut

189 2007 230 2038 30
245 1995 418 2041 diximus)
438 1997 474 2031 in
498 1997 753 2032 innocentibus
779 2009 853 2032 non
876 1997 1026 2033 fuisset:
1055 2004 1090 2033 et
1114 1997 1264 2041 intelligi
1289 2003 1412 2042 potest
1437 1996 1566 2032 iustifi-

245 2054 318 2088 cari
345 2054 407 2089 illa
427 2055 694 2090 communionis
717 2056 763 2090 de
789 2056 885 2090 facto
903 2055 1028 2100 previo
1054 2067 1120 2100 per
1142 2056 1393 2099 privacionem
1416 2067 1566 2100 posses-

244 2111 358 2146 sionis
383 2113 428 2147 de
449 2112 547 2147 facto
567 2113 602 2147 in
620 2113 710 2149 aliis.
763 2113 913 2158 Optime
936 2113 1036 2148 enim
1059 2113 1105 2148 de
1130 2114 1213 2158 lege
1237 2120 1367 2149 nature
1389 2113 1565 2158 arguitur,

246 2170 321 2204 Iste
338 2170 435 2204 hanc
453 2181 689 2206 communem
708 2182 785 2205 rem
802 2170 968 2215 possidet
987 2177 1022 2207 et
1035 2172 1156 2205 nullus
1174 2171 1268 2207 alius
1286 2182 1369 2206 eam
1387 2171 1565 2216 possidet,

243 2238 329 2271 ergo
348 2227 416 2262 iste
434 2227 525 2264 iuste
544 2228 689 2273 proprie
709 2229 755 2263 de
772 2228 869 2263 facto
885 2240 969 2263 eam
987 2234 1098 2263 tenet.
1149 2228 1264 2265 Sicuti
1290 2228 1401 2273 igitur
1425 2229 1565 2265 nullum

188 2297 227 2328 35
243 2285 297 2320 ius
310 2285 498 2330 proprium
516 2286 553 2320 in
571 2285 632 2321 illo
650 2286 802 2330 exigitur
819 2298 939 2332 neque
956 2286 1111 2322 efficitur
1127 2298 1170 2323 ex
1187 2286 1442 2324 verificacione
1456 2286 1564 2322 huius

242 2343 507 2386 antecedentis,
528 2345 603 2378 Iste
628 2344 724 2378 hanc
747 2355 825 2378 rem
846 2343 1012 2389 possidet
1036 2351 1071 2379 et
1089 2345 1210 2379 nullus
1234 2344 1327 2379 alius
1345 2356 1427 2379 eam
1445 2344 1561 2389 possi-

245 2401 332 2443 det;
363 2401 414 2436 ita
440 2413 509 2436 nec
539 2402 588 2436 ad
617 2402 809 2437 veritatem
842 2402 897 2436 sui
926 2401 1186 2447 consequentis
1215 2402 1380 2447 exigitur,
1411 2402 1561 2445 scilicet,

244 2460 317 2493 Iste
341 2458 435 2494 iuste
459 2459 607 2504 proprie
635 2459 681 2494 de
700 2460 796 2494 facto
817 2471 900 2494 eam
925 2466 1023 2494 tenet
1049 2471 1114 2494 seu
1137 2459 1304 2504 possidet
1325 2472 1332 2494 z
1361 2466 1418 2494 set
1443 2459 1564 2494 minor

242 2517 303 2551 illa
323 2516 496 2561 negativa
522 2528 565 2551 ex
590 2518 666 2552 sola
691 2517 786 2553 iusta
812 2517 1035 2562 privacione,
1063 2517 1211 2560 scilicet,
1235 2518 1334 2562 quod
1359 2529 1437 2552 rem
1463 2517 1563 2552 illam

1 2570 3 2601 l
186 2586 228 2616 40
240 2585 314 2608 non
333 2575 453 2619 placet
474 2574 576 2609 alteri
600 2575 770 2620 cuiquam
791 2575 991 2620 possidere,
1010 2575 1172 2610 continet
1193 2575 1398 2612 veritatem.
1449 2576 1563 2610 Unde

241 2638 386 2666 constat
406 2632 507 2680 quod
526 2644 599 2668 non
618 2639 718 2668 recte
735 2632 902 2678 superius
919 2633 1110 2668 affirmasti
1129 2632 1228 2677 quod
1246 2644 1318 2667 non
1337 2638 1460 2679 potest
1478 2644 1562 2677 pro-

241 2689 360 2734 prium
377 2689 523 2734 aliquod
547 2691 625 2725 solo
646 2690 722 2725 iure
748 2690 934 2724 communi
962 2690 1096 2725 iustum
1119 2690 1295 2732 existere3
1323 2702 1405 2725 cum
1423 2701 1488 2735 per
1506 2689 1561 2724 ius

242 2758 437 2782 commune
463 2754 498 2783 et
523 2759 588 2793 per
613 2747 861 2793 privacionem
885 2748 973 2783 facti
1001 2748 1037 2783 in
1063 2748 1155 2791 aliis,
1174 2749 1314 2793 absque
1340 2748 1411 2783 alio
1431 2748 1506 2783 iure
1525 2754 1560 2782 et

883 2813 1012 2852 Ddz
