2095 3278
214 183 299 225 340
871 177 1074 209 RICARDI
1107 175 1407 207 ARMACHANI
1870 160 1972 219 [Lm.
1990 173 2037 201 11.

494 282 628 317 damus
654 286 689 316 et
716 281 988 327 confundamus
1013 281 1186 326 linguam
1215 292 1362 315 eorum:
1402 280 1454 314 ita
1485 285 1535 322 ut,
1567 278 1638 313 nisi
1668 278 1823 312 velimus
1835 279 1928 322 [1613

495 340 678 384 decipere,
698 351 846 384 semper
864 339 900 373 in
919 339 1137 384 inquirendo
1154 338 1417 383 proprietatem
1434 348 1563 372 sensus
1582 336 1683 371 verbi
1702 335 1822 370 cuius-

495 408 607 442 quam
632 409 695 432 seu
720 397 882 431 nominis
899 397 948 431 ad
971 395 1158 441 primitiva
1181 408 1273 440 pura
1290 396 1402 430 verba
1425 396 1603 430 debemus
1628 394 1822 436 resolvere,

497 461 532 489 et
550 467 594 489 ex
611 466 698 490 vero
716 454 901 499 primitivo
919 461 953 489 et
973 454 1042 488 sibi
1060 465 1127 499 per
1144 453 1457 498 composicionem
1473 452 1601 487 addito
1616 452 1822 486 naturalem

496 524 645 547 sensum
680 513 880 555 extrahere,
915 518 950 547 et
983 511 1084 546 illum
1118 511 1413 556 propriissimum
1447 517 1555 555 atque
1592 509 1855 555 aptissimum5

495 570 691 613 affirmare,
721 569 891 615 quamvis
921 576 1045 604 orator
1074 569 1271 604 Tertullius
1304 575 1339 604 et
1369 568 1429 603 alii
1459 569 1622 603 rethores
1652 574 1688 602 et
1716 573 1824 612 poete

495 634 647 662 econtra
672 627 843 662 laudibus
866 634 928 662 aut
946 627 1136 673 vituperiis
1163 627 1320 662 inaniter
1345 626 1550 661 insistendo
1568 624 1823 670 expresserint.

497 687 591 720 Cum
616 685 727 729 igitur
745 691 873 720 auctor
890 691 925 720 et
943 685 1142 720 auctoritas
1169 685 1206 719 in
1232 684 1504 719 assercionibus
1522 683 1694 718 omnibus
1720 693 1824 717 sacre

498 743 697 787 Scripture,
716 749 896 788 quantum
921 743 1034 778 michi
1053 743 1222 787 occurrit,
1243 749 1434 778 sumantur
1452 742 1488 776 in
1506 743 1615 784 bono,
1633 751 1824 785 nunquam

495 801 532 835 in
559 801 683 843 ma103
710 807 745 836 et
771 801 818 836 ab
845 812 961 847 augeo
982 802 1094 836 verbo
1112 801 1250 846 pocius,
1268 812 1352 835 meo
1379 799 1525 843 iudicio,
1544 810 1657 844 quam
1682 799 1730 833 ab
1755 809 1825 844 ago
1840 811 1881 834 10

496 858 737 901 descendant,
764 859 863 893 unde
888 859 1060 893 videntur
1093 858 1292 903 importare
1318 858 1533 903 profectum,
1560 868 1634 891 non
1661 856 1823 900 malum3

496 917 757 951 auctoritatem
776 928 841 951 seu
859 918 920 951 ius
943 917 980 951 in
998 916 1249 961 descripcione
1275 915 1462 960 originalis
1489 914 1640 949 humani
1659 913 1824 957 dominii,

496 974 625 1019 pocius
660 986 772 1019 quam
799 976 1032 1019 potestatem,
1063 974 1239 1019 expressi,
1270 985 1340 1019 que
1374 980 1409 1008 et
1443 973 1480 1008 in
1512 973 1610 1007 malo
1640 972 1825 1007 interdum

497 1032 676 1077 accipitur
695 1031 732 1066 in
752 1031 963 1077 Scripturis.

439 1147 484 1181 V,
546 1136 775 1170 IOHANNES.
802 1135 1041 1180 Accipiamus
1059 1136 1211 1170 verbum
1228 1136 1467 1170 auctoritatis
1490 1135 1561 1170 isto
1581 1134 1702 1169 modo.
1753 1133 1826 1169 Dic
1841 1147 1880 1179 15

218 1222 245 1239 n.
269 1213 295 1238 1t
309 1212 332 1238 ῖς
344 1211 471 1244 original,
497 1193 585 1238 quid
602 1204 667 1238 per
683 1193 837 1227 verbum
854 1194 1043 1238 originale
1059 1193 1242 1237 intelligis.

218 1246 484 1305 fiffiffiigagtfflethe
546 1252 772 1286 RICARDUS.
793 1251 1021 1295 Originalern
1034 1252 1290 1286 auctoritatem
1302 1257 1431 1286 nature
1443 1251 1606 1285 humane
1617 1261 1691 1285 non
1703 1250 1827 1294 singu-

219 1313 304 1344 itself,
498 1310 617 1343 larum
635 1320 877 1354 personarum
896 1308 1059 1353 intelligo
1075 1321 1082 1343 ε
1110 1309 1209 1344 unde
1227 1320 1302 1343 non
1321 1309 1453 1344 dicitur
1476 1308 1512 1343 in
1539 1309 1699 1353 presenti
1726 1307 1826 1342 istud

498 1367 706 1402 dominium
724 1366 912 1411 originalis
930 1367 1139 1409 auctoritas,
1159 1367 1245 1412 quia
1269 1367 1306 1401 in
1330 1378 1486 1411 persone
1510 1366 1649 1410 origine
1676 1366 1745 1401 sibi
1772 1366 1827 1400 in-

498 1426 614 1468 heret,
624 1431 678 1459 set
690 1425 775 1469 quia
786 1431 937 1470 propter
949 1425 1222 1460 institucionem
1234 1426 1396 1460 humane
1407 1431 1545 1469 nature,
1555 1436 1625 1470 que
1632 1424 1827 1469 perAdam
1842 1435 1882 1457 20

498 1484 569 1517 hoc
584 1483 792 1517 dominium
810 1483 846 1517 in
867 1495 933 1517 sua
950 1483 1088 1528 recepit
1102 1483 1254 1528 origine,
1270 1483 1368 1517 istud
1383 1482 1587 1517 dominium
1607 1482 1655 1516 illi
1672 1493 1828 1527 persone

498 1553 564 1576 suo
589 1548 766 1585 tempore,
786 1547 964 1585 tanquam
991 1541 1195 1575 successori
1220 1541 1329 1586 primi
1356 1539 1516 1575 hominis
1542 1540 1646 1583 illius,
1673 1539 1828 1575 accedit.

500 1600 569 1634 Est
587 1599 658 1633 alia
681 1598 780 1633 racio
804 1610 869 1633 cur
886 1600 1041 1633 verbum
1066 1600 1268 1644 originalis
1292 1598 1494 1643 posuimus,
1514 1597 1663 1641 scilicet,
1681 1598 1730 1632 ad
1756 1598 1828 1632 dis·
1842 1603 2045 1635 racioom.}3.

499 1657 742 1702 tinguendum
775 1657 1035 1692 auctoritatem
1068 1657 1174 1692 istius
1207 1655 1361 1691 dominii
1396 1657 1444 1691 ab
1477 1656 1576 1690 omni
1611 1656 1830 1691 auctoritate

499 1715 711 1750 adventicia
733 1721 858 1749 nostre
882 1721 1023 1758 nature,
1042 1726 1112 1760 que
1137 1726 1211 1749 non
1239 1714 1403 1759 sequitur
1420 1714 1671 1749 essencialiter
1696 1714 1829 1749 iustam
1845 1724 1884 1756 25

499 1780 667 1808 nostram
696 1779 889 1807 naturam:
924 1772 1026 1807 verbi
1056 1772 1192 1817 gracia,
1219 1784 1303 1807 cum
1332 1772 1414 1817 quis
1440 1772 1544 1806 titulo
1574 1772 1670 1806 civili
1696 1772 1828 1817 aliquo,

502 1831 652 1875 scilicet,
672 1830 895 1866 hereditario
923 1830 1000 1865 iure
1027 1838 1089 1865 aut
1116 1830 1332 1874 donacione,
1352 1841 1417 1865 seu
1443 1830 1630 1865 locacione
1655 1836 1718 1864 aut
1745 1841 1831 1864 con-

501 1889 689 1932 duccione,
711 1900 774 1924 seu
793 1889 985 1933 empcione
1003 1889 1061 1923 vel
1080 1888 1209 1933 quavis
1233 1889 1305 1923 alia
1329 1888 1518 1933 paccione,
1538 1899 1608 1933 que
1626 1889 1831 1923 secundum

502 1948 580 1982 iura
597 1947 757 1992 positiva
776 1948 866 1982 solet
886 1947 979 1981 inter
996 1947 1166 1981 homines
1184 1947 1357 1990 exerceri,
1372 1946 1532 1991 adquirit
1551 1946 1605 1981 ius
1624 1958 1688 1981 seu
1705 1953 1829 1981 aucto-

502 2007 649 2040 ritatem
664 2006 680 2024 *
698 2005 826 2040 utendi
852 2017 891 2040 re
915 2005 1059 2050 aliqua3
1088 2017 1162 2039 non
1189 2011 1244 2039 est
1269 2005 1330 2039 illa
1353 2005 1554 2039 auctoritas
1578 2016 1642 2039 seu
1660 2004 1715 2039 ius
1741 2004 1871 2039 illudo

502 2063 688 2108 originalis
714 2063 925 2105 auctoritas,
952 2069 1007 2098 set
1034 2061 1244 2097 adventicia
1271 2073 1334 2097 seu
1364 2062 1554 2107 acquisita,
1582 2061 1658 2096 sive
1684 2062 1831 2096 adiecta

502 2122 693 2166 originali3
724 2133 792 2156 nec
820 2128 990 2156 naturam
1017 2121 1151 2156 iustam
1177 2132 1296 2165 neque
1326 2131 1523 2164 personam
1548 2119 1682 2154 iustam
1707 2130 1830 2154 essen·
1843 2121 1988 2170 origi-B:

502 2180 644 2215 cialiter
676 2191 918 2224 consequens,
952 2185 1007 2214 set
1036 2179 1225 2214 mediante
1259 2178 1334 2214 iure
1369 2189 1432 2213 seu
1465 2178 1570 2212 titulo
1604 2177 1830 2212 extrinsecus
1843 2175 1881 2196 ⁰⁷*
1881 2175 1910 2200 ²2'
1923 2173 1962 2197 M.

502 2238 713 2273 accedente.

224 2308 279 2333 and
298 2307 357 2332 first
371 2307 489 2339 granted
551 2297 640 2331 IOH.
669 2296 794 2330 Placet
820 2295 871 2330 ita
897 2294 1064 2340 accipere
1083 2307 1090 2329 z
1118 2301 1172 2329 set
1191 2295 1236 2329 de
1263 2295 1333 2329 hoc
1355 2295 1477 2339 plures
1496 2293 1756 2338 ambiguitates
1776 2291 1828 2338 (ut
1844 2300 1883 2332 35

224 2341 489 2406 {ffietgostffiffiffld
503 2353 614 2388 michi
629 2353 788 2397 videtur)
809 2365 848 2388 se
866 2353 1022 2388 offerunt
1039 2366 1046 2395 ;
1073 2352 1193 2397 primo
1211 2352 1297 2397 quia
1315 2352 1495 2397 scriptura
1515 2351 1670 2386 Genesis
1685 2351 1831 2385 videtur

502 2408 705 2456 exprimere
722 2412 822 2456 quod
848 2411 1009 2456 primum
1035 2411 1237 2444 humanum
1261 2409 1466 2444 dominium
1489 2409 1554 2443 fuit
1572 2410 1655 2443 Ade
1673 2415 1709 2443 et
1727 2408 1830 2442 uxori

504 2481 568 2504 sue
595 2470 702 2504 simul
731 2470 915 2511 collatum,
942 2470 1033 2503 Gen.
1060 2468 1082 2502 i.
1110 2477 1165 2511 27,
1193 2468 1248 2511 28,
1275 2468 1337 2501 ubi
1364 2467 1416 2502 sic
1443 2466 1585 2509 dicitur,
1611 2467 1830 2501 Masculum

503 2532 538 2561 et
552 2528 740 2572 seminam
765 2528 911 2561 creavit
934 2537 1002 2569 eos,
1021 2525 1274 2570 benedixitque
1298 2525 1379 2559 illis
1395 2525 1510 2568 Deus,
1528 2528 1564 2559 et
1587 2526 1652 2568 ait,
1675 2525 1831 2559 Crescite

503 2590 539 2619 et
555 2586 866 2630 multiplicamini
879 2589 914 2618 et
931 2584 1064 2629 replete
1081 2588 1221 2617 terram
1239 2587 1275 2617 et
1289 2583 1440 2616 subicite
1456 2594 1546 2624 eam,
1566 2588 1634 2616 etc.
1841 2595 1884 2626 40

224 2653 275 2690 but
290 2658 318 2678 to
332 2653 422 2689 Adam
436 2652 473 2684 by
553 2645 639 2678 RIC.
662 2643 785 2677 Verba
803 2642 984 2687 premissa
1002 2643 1047 2676 de
1063 2643 1207 2676 Genese
1226 2640 1262 2675 in
1278 2641 1411 2675 cortice
1426 2640 1595 2674 videntur
1613 2639 1830 2684 pretendere

225 2686 376 2746 *gffiffignat
391 2687 433 2711 ¹¹¹⁵
504 2702 603 2746 quod
629 2701 810 2735 ambobus
838 2700 945 2735 simul
964 2700 1009 2734 sit
1028 2700 1117 2734 data
1144 2700 1214 2734 ista
1238 2699 1448 2742 auctoritas,
1467 2699 1616 2743 Replete
1632 2702 1772 2732 terram
1796 2702 1833 2732 et

464 2761 654 2794 l-subicite
678 2771 758 2793 eam
784 2764 818 2793 et
841 2760 1101 2803 dominamini,
1128 2765 1194 2794 etc.
1249 2760 1351 2793 Iesus
1382 2765 1507 2792 tamen
1539 2759 1652 2801 Syrac
1683 2756 1828 2791 videtur
