2095 3278
196 173 279 227 376
865 183 1070 216 RICARDI
1102 183 1404 217 ARMACHANI
1849 171 1949 231 [ΜΒ.
1968 185 2016 214 11.

476 287 650 331 quoniam
667 294 878 332 peccatores
893 299 1022 323 omnes
1037 289 1295 323 necessitatem
1310 289 1439 323 mortis
1453 287 1680 332 habuissent,
1695 288 1799 323 sicud
1817 287 1914 329 [241³

475 346 599 379 Adam
624 352 659 380 et
683 345 737 380 sui
762 357 859 380 nunc
882 358 946 390 pro
968 348 1103 381 scelere
1121 347 1364 388 incurrerunt,
1382 353 1417 381 et
1441 346 1551 381 ceteri
1572 346 1799 380 immortales

476 403 655 438 fuissent:
690 410 725 438 et
752 404 940 438 videretur
966 404 1002 438 in
1028 416 1071 439 eo
1098 416 1184 438 casu
1212 404 1337 439 divina
1363 403 1602 449 providencia
1620 403 1800 438 defecisse

477 461 512 494 in
532 472 606 495 una
623 460 799 496 societate
818 467 894 495 tam
913 462 1094 496 deformes
1126 462 1162 496 in
1181 462 1462 496 condicionibus
1487 462 1697 496 statuendo.

526 520 611 553 RIC.
638 520 671 553 A
696 525 732 553 te
759 518 840 564 ipso
867 526 986 564 preter
1010 519 1237 564 Scripturam
1261 520 1370 554 istam
1389 519 1517 553 mortis
1541 518 1802 554 necessitatem
1817 524 1834 556 5

476 576 734 621 peccatoribus
753 576 789 610 in
809 588 897 611 casu
915 577 1082 622 predicto
1101 577 1291 620 attribuis;
1319 589 1403 612 cum
1418 577 1479 611 illa
1492 587 1589 621 pena
1602 588 1675 611 non
1693 575 1801 611 fuerit

474 635 695 678 generaliter
728 635 957 669 comminata
991 635 1133 669 cunctis
1175 635 1400 678 hominibus,
1435 641 1488 669 set
1524 635 1641 669 solum
1673 633 1802 678 primis

475 692 610 727 nostris
641 693 879 737 parentibus3
919 704 988 727 nec
1015 693 1084 727 illis
1113 704 1180 737 pro
1208 704 1427 737 quocunque
1454 698 1620 737 peccato,
1651 698 1707 726 set
1737 703 1803 736 pro

472 751 552 785 ,sola
571 751 797 785 comestione
816 751 954 785 fructus
973 751 1146 795 prohibiti
1165 763 1172 785 :
1200 751 1259 785 De
1275 752 1389 796 lzgm),
1409 751 1537 795 inquit,
1555 751 1704 785 sciencie
1721 750 1808 783 boni

474 813 511 843 et
534 809 630 842 mali
656 820 701 843 ne
729 810 920 850 comedas;
944 810 985 843 in
1015 820 1235 854 quacunque
1260 810 1358 843 enim
1383 809 1443 843 die
1468 820 1515 844 ex
1540 820 1580 843 eo
1609 808 1806 843 comederis
1821 814 1861 835 10

475 869 593 899 morte
609 867 783 900 morieris
802 867 909 910 (Gen.
928 866 963 900 ii.
986 866 1053 911 17).

350 992 460 1023 XXX.
526 990 755 1023 IOHANNEs.
783 988 822 1023 Si
857 988 893 1022 in
928 998 1017 1023 casu
1050 988 1331 1033 perseverancie
1360 994 1571 1023 nostrorum
1604 987 1807 1032 primorum

196 1043 451 1102 &naudeffffff‘gssgte
476 1053 671 1091 parentum
702 1046 738 1080 in
767 1047 864 1081 bono
894 1047 1005 1091 aliqui
1036 1058 1163 1081 eorum
1191 1047 1327 1091 posteri
1361 1046 1441 1080 aliis
1475 1045 1605 1090 prelati
1638 1045 1806 1088 fuissent,

196 1110 390 1136 ofinnocence
475 1105 681 1139 dominium
705 1104 802 1139 istud
829 1104 1005 1148 originale
1031 1105 1190 1149 amplius
1216 1104 1344 1138 fuisset
1379 1103 1416 1138 in
1450 1103 1597 1148 prelatis
1631 1113 1743 1147 quam
1769 1101 1806 1135 in

475 1163 632 1198 subditis
648 1175 655 1205 ;
684 1162 770 1207 quia
791 1162 827 1196 in
846 1162 936 1207 ipsis
953 1162 1081 1197 fuisset
1100 1162 1218 1197 maior
1235 1161 1432 1197 auctoritas
1450 1161 1560 1195 rebus
1578 1160 1716 1195 utendi.
1823 1175 1861 1207 15

195 1225 243 1251 the
256 1224 400 1263 authority
413 1225 445 1251 of
524 1222 753 1255 RICARDUS.
796 1221 881 1254 Non
913 1220 1097 1265 sequitur3
1137 1220 1223 1265 quia
1252 1220 1453 1255 auctoritas
1484 1219 1556 1263 illa,
1591 1224 1630 1253 ut
1664 1217 1806 1259 claruit,

196 1259 439 1318 gssgungldgeiiicilvzie
478 1277 727 1313 ministerialis
755 1278 948 1312 dumtaxat
974 1284 1010 1313 et
1033 1278 1243 1312 adventicia
1266 1277 1320 1312 eis
1343 1277 1483 1319 fuisset,
1507 1288 1582 1311 non
1609 1287 1653 1311 ex
1677 1282 1807 1310 natura

197 1326 431 1352 thatofanother
441 1333 449 1358 ³
478 1337 651 1382 specifica
677 1336 730 1371 eis
754 1336 985 1381 proveniens,
1009 1336 1159 1379 scilicet,
1185 1347 1259 1370 non
1285 1347 1329 1370 ex
1354 1334 1450 1369 iusta
1474 1341 1607 1369 natura
1632 1333 1806 1368 racionali

477 1396 649 1430 mortali:
680 1395 733 1429 sic
760 1395 870 1439 quod,
898 1395 1088 1439 supposito
1114 1394 1151 1428 in
1177 1394 1350 1439 presenti,
1376 1394 1493 1428 donec
1520 1392 1744 1427 discuciatur
1770 1392 1806 1426 in

476 1454 601 1497 tercio,
620 1453 721 1498 quod
747 1452 783 1486 in
811 1452 1019 1497 apcioribus
1040 1453 1089 1487 ad
1115 1452 1279 1496 regimen
1302 1451 1428 1486 fuisset
1447 1451 1580 1495 duplex
1605 1449 1804 1489 auctoritas
1821 1464 1861 1485 20

476 1513 586 1547 rebus
606 1511 745 1554 utendi,
764 1521 838 1545 una
855 1510 1041 1555 originalis
1061 1521 1131 1555 que
1148 1510 1295 1554 ponitur
1316 1509 1353 1544 in
1378 1508 1631 1554 descripcione
1654 1507 1807 1543 dominii

480 1571 598 1614 (cuius
617 1581 729 1604 causa
746 1576 803 1605 est
822 1581 906 1604 cum
924 1569 1070 1604 iusticia
1088 1569 1282 1603 racionalis
1301 1567 1521 1611 mortalitas)
1542 1573 1577 1602 et
1596 1567 1668 1601 alia
1685 1578 1809 1612 perso-

478 1629 573 1664 nalis
606 1627 754 1662 adiecta
783 1634 912 1662 nature
942 1628 1094 1662 abextra
1126 1627 1222 1672 (que,
1253 1626 1339 1661 licet
1369 1625 1442 1660 dici
1469 1626 1590 1660 valeat
1619 1624 1809 1667 naturalis,

478 1686 566 1732 quia
597 1698 642 1721 ex
675 1697 782 1720 cursu
817 1684 972 1720 naturali
1007 1685 1202 1730 agencium
1232 1691 1268 1719 et
1296 1684 1539 1729 paciencium,
1574 1693 1809 1728 nequaquam

478 1752 603 1780 tamen
623 1744 810 1788 originalis
834 1755 898 1779 seu
921 1743 1094 1788 specifica
1117 1742 1187 1778 dici
1211 1743 1362 1778 deberet
1384 1749 1447 1777 aut
1469 1741 1581 1776 fuisse
1605 1740 1810 1776 dominium
1825 1745 1863 1777 25

478 1803 611 1849 poterit
630 1802 817 1844 affirmari,
836 1809 875 1836 ut
893 1801 1058 1846 superius
1077 1807 1132 1836 est
1150 1807 1351 1843 ostensum,
1370 1807 1424 1835 set
1441 1799 1583 1842 fuisset,
1597 1806 1635 1834 ut
1654 1798 1703 1834 ibi
1722 1809 1809 1833 con—
1823 1817 1931 1848 supra,
1950 1817 1981 1848 p,

476 1862 582 1904 stitit,
595 1860 841 1894 ministerium
857 1858 1148 1904 appellandum),
1161 1859 1329 1904 quamvis
1344 1858 1463 1893 eciam
1477 1863 1670 1902 utramque
1683 1863 1809 1891 aucto·
1825 1857 1898 1891 371-

479 1919 624 1953 ritatem
641 1918 792 1953 terciam
808 1929 891 1952 cum
905 1918 956 1952 eis
971 1929 1014 1951 ac
1029 1924 1209 1962 quartam,
1222 1928 1334 1961 quam
1346 1915 1428 1961 quis
1441 1915 1724 1959 suffragantibus
1740 1914 1810 1949 sibi
1823 1918 1898 1955 post
1915 1917 1987 1944 tere.
2004 1921 2024 1943 B

481 1976 762 2011 condicionibus
781 1976 1006 2011 naturalibus
1025 1987 1088 2010 seu
1107 1987 1171 2020 per
1188 1974 1411 2009 eleccionem
1432 1980 1494 2008 aut
1519 1973 1595 2007 iure
1617 1973 1689 2007 alio
1714 1973 1809 2017 posi·
1823 1957 2026 2031 anijgtd·

480 2034 557 2068 tivo
584 2034 715 2078 aliquis
742 2034 971 2078 acquisisset,
999 2044 1113 2067 unam
1137 2032 1394 2067 auctoritatem
1416 2030 1601 2075 appellare
1630 2029 1808 2065 velimus:
1825 2052 1863 2075 M.
1911 2024 1918 2031 ⁶

200 2099 251 2137 bui
265 2104 312 2137 pot
326 2098 370 2124 his
429 2132 435 2137 .
480 2104 716 2137 nequaquam
740 2104 785 2127 ex
805 2092 1049 2137 ampliacione
1073 2091 1167 2125 illius
1186 2091 1303 2125 tocius
1324 2089 1552 2124 auctoritatis
1574 2088 1811 2133 consequitur

201 2132 465 2165 0r1g1nallordsh1p,
479 2150 677 2195 ampliacio
699 2150 887 2194 originalis
909 2149 1075 2193 dominii,
1088 2149 1216 2193 pocius
1235 2160 1347 2193 quam
1364 2147 1562 2192 ampliacio
1580 2154 1676 2181 recte
1694 2145 1810 2180 racio-

478 2208 643 2242 nalitatis
656 2209 819 2243 mortalis
832 2219 942 2253 quam
954 2207 1166 2242 immediate
1178 2206 1430 2251 consequitur3
1446 2205 1536 2240 sicut
1549 2205 1663 2239 necin
1674 2204 1810 2238 herede

480 2267 708 2311 cuiusquam,
727 2266 787 2311 qui
808 2266 876 2300 sibi
895 2266 1060 2300 dominia
1078 2277 1175 2300 nova
1194 2277 1258 2300 seu
1275 2265 1347 2299 alia
1365 2264 1444 2298 iura
1461 2262 1626 2308 acquirit,
1647 2263 1811 2307 sequitur

480 2331 630 2370 propter
643 2324 712 2358 hoc
728 2324 924 2369 ampliacio
939 2323 1151 2358 hereditarii
1165 2324 1317 2358 dominii
1332 2323 1445 2368 patris
1461 2322 1527 2357 sui.
1555 2321 1693 2355 Pariter
1706 2320 1808 2354 vide·
1824 2329 1863 2361 35

481 2390 539 2417 tur
563 2383 608 2416 de
629 2382 755 2426 primis
780 2382 1010 2425 coniugibus,
1030 2382 1206 2427 quoniam
1226 2382 1343 2416 maior
1366 2380 1575 2423 auctoritas,
1595 2386 1632 2413 ut
1652 2379 1808 2422 videtur,

481 2442 598 2476 eciam
614 2441 789 2476 naturalis
808 2441 873 2475 fuit
898 2441 934 2475 in
954 2441 1030 2475 viro
1044 2452 1155 2485 quam
1174 2441 1208 2474 in
1224 2441 1373 2474 muliere
1391 2440 1500 2474 rebus
1519 2437 1643 2473 utendi
1662 2443 1810 2481 propter

482 2512 546 2534 eos
561 2500 714 2542 creatis;
735 2500 909 2544 quoniam
928 2500 1142 2534 naturaliter
1160 2499 1240 2543 ipsa
1255 2499 1381 2532 debuit
1396 2497 1473 2532 viro
1491 2508 1572 2531 esse
1589 2496 1754 2531 subiecta
1774 2502 1809 2529 et

482 2558 603 2592 minus
617 2564 700 2602 apte
713 2557 970 2602 disposicionis
988 2564 1065 2592 erat
1079 2558 1126 2591 ad
1145 2557 1319 2601 regimen.
1358 2557 1420 2590 Set
1439 2555 1526 2600 quia
1543 2555 1604 2588 illa
1622 2553 1809 2588 maioritas

484 2624 633 2646 causam
653 2613 794 2656 accepit
814 2625 835 2646 a
852 2620 983 2647 natura
1001 2612 1175 2657 corporis,
1194 2622 1428 2656 nequaquam
1446 2616 1588 2644 mutare
1603 2609 1719 2654 potuit
1734 2608 1810 2642 sive
1823 2621 1865 2650 40

484 2671 650 2704 minuere
668 2670 938 2713 auctoritatem,
958 2682 1029 2715 que
1050 2670 1229 2704 *causam
1253 2669 1381 2703 habuit
1400 2668 1617 2712 originalem
1638 2673 1808 2701 naturam
1823 2672 1905 2701 25A

485 2728 708 2772 specificam,
732 2728 880 2771 scilicet,
906 2735 1075 2763 naturam
1103 2728 1325 2762 racionalem
1353 2727 1485 2761 iustam
1512 2727 1727 2760 mortalem:
1757 2725 1810 2759 sic

485 2787 583 2831 quod
611 2786 721 2820 michi
742 2786 885 2821 videtur
912 2787 1009 2831 quod
1037 2787 1072 2820 in
1101 2786 1271 2820 omnibus
1299 2785 1509 2819 hominibus
1534 2796 1576 2818 ac
1599 2783 1811 2818 mulieribus
