<?xml version="1.0" encoding="UTF-8"?>
<!DOCTYPE html PUBLIC "-//W3C//DTD XHTML 1.0 Transitional//EN"
    "http://www.w3.org/TR/xhtml1/DTD/xhtml1-transitional.dtd">
<html xmlns="http://www.w3.org/1999/xhtml" xml:lang="en" lang="en">
 <head>
  <title>
</title>
<meta http-equiv="Content-Type" content="text/html;charset=utf-8" />
  <meta name='ocr-system' content='tesseract 3.04.00' />
  <meta name='ocr-capabilities' content='ocr_page ocr_carea ocr_par ocr_line ocrx_word'/>
</head>
<body>
  <div class='ocr_page' id='page_1' title='image "./dedominiodivinol00wycl_0473.png"; bbox 0 0 2095 3278; ppageno 0'>
   <div class='ocr_carea' id='block_1_1' title="bbox 40 224 1280 277">
    <p class='ocr_par' dir='ltr' id='par_1_1' title="bbox 40 224 1280 277">
     <span class='ocr_line' id='line_1_1' title="bbox 40 224 1280 277; baseline -0.002 -13"><span class='ocrx_word' id='word_1_1' title='bbox 40 236 127 264; x_wconf 86' lang='lat' dir='ltr'>CAP.</span> <span class='ocrx_word' id='word_1_2' title='bbox 153 224 306 277; x_wconf 55' lang='lat' dir='ltr'>XXVII]</span> <span class='ocrx_word' id='word_1_3' title='bbox 596 233 657 263; x_wconf 89' lang='lat' dir='ltr'>DE</span> <span class='ocrx_word' id='word_1_4' title='bbox 693 232 934 265; x_wconf 74' lang='lat' dir='ltr'>PAUPERIE</span> <span class='ocrx_word' id='word_1_5' title='bbox 968 230 1280 263; x_wconf 76' lang='lat' dir='ltr'><strong>SALVATORIS.</strong></span> 
     </span>
    </p>
   </div>
   <div class='ocr_carea' id='block_1_2' title="bbox 35 331 1574 668">
    <p class='ocr_par' dir='ltr' id='par_1_2' title="bbox 35 331 1574 668">
     <span class='ocr_line' id='line_1_2' title="bbox 145 331 1573 380; baseline -0.003 -11"><span class='ocrx_word' id='word_1_6' title='bbox 145 335 238 375; x_wconf 84' lang='lat' dir='ltr'>34B]</span> <span class='ocrx_word' id='word_1_7' title='bbox 254 335 408 369; x_wconf 89' lang='lat' dir='ltr'>minium</span> <span class='ocrx_word' id='word_1_8' title='bbox 426 335 691 380; x_wconf 84' lang='lat' dir='ltr'>restringendo,</span> <span class='ocrx_word' id='word_1_9' title='bbox 710 335 808 370; x_wconf 91' lang='lat' dir='ltr'>bona</span> <span class='ocrx_word' id='word_1_10' title='bbox 835 346 900 369; x_wconf 85' lang='lat' dir='ltr'>sua</span> <span class='ocrx_word' id='word_1_11' title='bbox 926 335 993 369; x_wconf 88' lang='lat' dir='ltr'>sibi</span> <span class='ocrx_word' id='word_1_12' title='bbox 1011 341 1046 369; x_wconf 86' lang='lat' dir='ltr'>et</span> <span class='ocrx_word' id='word_1_13' title='bbox 1067 334 1238 369; x_wconf 89' lang='lat' dir='ltr'>omnibus</span> <span class='ocrx_word' id='word_1_14' title='bbox 1264 332 1347 367; x_wconf 88' lang='lat' dir='ltr'>filiis</span> <span class='ocrx_word' id='word_1_15' title='bbox 1372 332 1445 367; x_wconf 88' lang='lat' dir='ltr'>suis</span> <span class='ocrx_word' id='word_1_16' title='bbox 1468 331 1573 366; x_wconf 90' lang='lat' dir='ltr'>iustis</span> 
     </span>
     <span class='ocr_line' id='line_1_3' title="bbox 253 392 1110 438; baseline -0.001 -11"><span class='ocrx_word' id='word_1_17' title='bbox 253 393 375 438; x_wconf 89' lang='lat' dir='ltr'>quoad</span> <span class='ocrx_word' id='word_1_18' title='bbox 394 392 598 427; x_wconf 87' lang='lat' dir='ltr'>dominium</span> <span class='ocrx_word' id='word_1_19' title='bbox 618 393 829 428; x_wconf 88' lang='lat' dir='ltr'>communia</span> <span class='ocrx_word' id='word_1_20' title='bbox 848 393 935 427; x_wconf 91' lang='lat' dir='ltr'>dare</span> <span class='ocrx_word' id='word_1_21' title='bbox 954 393 1110 427; x_wconf 84' lang='lat' dir='ltr'>valebat.</span> 
     </span>
     <span class='ocr_line' id='line_1_4' title="bbox 301 448 1574 495; baseline -0.003 -10"><span class='ocrx_word' id='word_1_22' title='bbox 301 453 387 485; x_wconf 91' lang='lat' dir='ltr'><strong>RIC.</strong></span> <span class='ocrx_word' id='word_1_23' title='bbox 414 452 532 485; x_wconf 88' lang='lat' dir='ltr'>Acute</span> <span class='ocrx_word' id='word_1_24' title='bbox 556 451 593 485; x_wconf 91' lang='lat' dir='ltr'>id</span> <span class='ocrx_word' id='word_1_25' title='bbox 615 451 815 495; x_wconf 87' lang='lat' dir='ltr'>perspicis:</span> <span class='ocrx_word' id='word_1_26' title='bbox 843 457 878 485; x_wconf 92' lang='lat' dir='ltr'>et</span> <span class='ocrx_word' id='word_1_27' title='bbox 904 450 1165 485; x_wconf 81' lang='lat' dir='ltr'>nichilominus</span> <span class='ocrx_word' id='word_1_28' title='bbox 1192 449 1290 484; x_wconf 88' lang='lat' dir='ltr'>idern</span> <span class='ocrx_word' id='word_1_29' title='bbox 1314 455 1420 493; x_wconf 87' lang='lat' dir='ltr'>potes</span> <span class='ocrx_word' id='word_1_30' title='bbox 1443 448 1574 482; x_wconf 89' lang='lat' dir='ltr'>adver-</span> 
     </span>
     <span class='ocr_line' id='line_1_5' title="bbox 252 506 1574 552; baseline -0.002 -9"><span class='ocrx_word' id='word_1_31' title='bbox 252 515 327 543; x_wconf 91' lang='lat' dir='ltr'>tere</span> <span class='ocrx_word' id='word_1_32' title='bbox 347 510 392 543; x_wconf 90' lang='lat' dir='ltr'>de</span> <span class='ocrx_word' id='word_1_33' title='bbox 410 509 490 543; x_wconf 88' lang='lat' dir='ltr'>filiis</span> <span class='ocrx_word' id='word_1_34' title='bbox 513 508 590 543; x_wconf 92' lang='lat' dir='ltr'>eius</span> <span class='ocrx_word' id='word_1_35' title='bbox 617 510 891 543; x_wconf 85' lang='lat' dir='ltr'>successoribus</span> <span class='ocrx_word' id='word_1_36' title='bbox 918 509 1036 543; x_wconf 87' lang='lat' dir='ltr'>eciam</span> <span class='ocrx_word' id='word_1_37' title='bbox 1058 509 1094 542; x_wconf 91' lang='lat' dir='ltr'>in</span> <span class='ocrx_word' id='word_1_38' title='bbox 1116 508 1288 552; x_wconf 82' lang='lat' dir='ltr'>presenti,</span> <span class='ocrx_word' id='word_1_39' title='bbox 1308 506 1456 549; x_wconf 87' lang='lat' dir='ltr'>scilicet,</span> <span class='ocrx_word' id='word_1_40' title='bbox 1476 506 1574 551; x_wconf 89' lang='lat' dir='ltr'>quod</span> 
     </span>
     <span class='ocr_line' id='line_1_6' title="bbox 220 564 1572 610; baseline -0.002 -10"><span class='ocrx_word' id='word_1_41' title='bbox 220 572 236 602; x_wconf 80' lang='lat'><strong>5</strong></span> <span class='ocrx_word' id='word_1_42' title='bbox 253 567 373 600; x_wconf 90' lang='lat' dir='ltr'>nullus</span> <span class='ocrx_word' id='word_1_43' title='bbox 392 565 530 610; x_wconf 89' lang='lat' dir='ltr'>aliquid</span> <span class='ocrx_word' id='word_1_44' title='bbox 549 567 636 600; x_wconf 86' lang='lat' dir='ltr'>dare</span> <span class='ocrx_word' id='word_1_45' title='bbox 654 572 775 610; x_wconf 85' lang='lat' dir='ltr'>potest</span> <span class='ocrx_word' id='word_1_46' title='bbox 793 566 917 610; x_wconf 87' lang='lat' dir='ltr'>vigore</span> <span class='ocrx_word' id='word_1_47' title='bbox 936 565 1122 610; x_wconf 87' lang='lat' dir='ltr'>originalis</span> <span class='ocrx_word' id='word_1_48' title='bbox 1142 564 1305 607; x_wconf 84' lang='lat' dir='ltr'>dominii,</span> <span class='ocrx_word' id='word_1_49' title='bbox 1325 565 1445 609; x_wconf 89' lang='lat' dir='ltr'>ipsum</span> <span class='ocrx_word' id='word_1_50' title='bbox 1472 574 1572 598; x_wconf 90' lang='lat' dir='ltr'>com-</span> 
     </span>
     <span class='ocr_line' id='line_1_7' title="bbox 35 623 1266 668; baseline -0.002 -10"><span class='ocrx_word' id='word_1_51' title='bbox 35 623 119 664; x_wconf 60' lang='grc' dir='ltr'><em>(πίῃ.</em></span> <span class='ocrx_word' id='word_1_52' title='bbox 137 627 198 652; x_wconf 74' lang='lat' dir='ltr'>aul</span> <span class='ocrx_word' id='word_1_53' title='bbox 252 623 477 658; x_wconf 89' lang='lat' dir='ltr'>municando</span> <span class='ocrx_word' id='word_1_54' title='bbox 497 624 668 668; x_wconf 81' lang='lat' dir='ltr'>cuiquam</span> <span class='ocrx_word' id='word_1_55' title='bbox 686 630 748 658; x_wconf 86' lang='lat' dir='ltr'>aut</span> <span class='ocrx_word' id='word_1_56' title='bbox 767 624 802 657; x_wconf 91' lang='lat' dir='ltr'>in</span> <span class='ocrx_word' id='word_1_57' title='bbox 822 624 981 668; x_wconf 84' lang='lat' dir='ltr'>aliquem</span> <span class='ocrx_word' id='word_1_58' title='bbox 1000 623 1266 657; x_wconf 89' lang='lat' dir='ltr'>transferendo.</span> 
     </span>
    </p>
   </div>
   <div class='ocr_carea' id='block_1_3' title="bbox 35 673 1575 1015">
    <p class='ocr_par' dir='ltr' id='par_1_3' title="bbox 36 673 1575 842">
     <span class='ocr_line' id='line_1_8' title="bbox 36 673 1573 725; baseline -0.003 -9"><span class='ocrx_word' id='word_1_59' title='bbox 36 677 100 697; x_wconf 88' lang='lat' dir='ltr'>om.</span> <span class='ocrx_word' id='word_1_60' title='bbox 122 673 150 696; x_wconf 76' lang='grc' dir='ltr'>Β·</span> <span class='ocrx_word' id='word_1_61' title='bbox 302 683 389 716; x_wconf 90' lang='grc' dir='ltr'><strong>ΙΟΗ.</strong></span> <span class='ocrx_word' id='word_1_62' title='bbox 424 682 556 715; x_wconf 87' lang='lat' dir='ltr'>Eciam</span> <span class='ocrx_word' id='word_1_63' title='bbox 590 682 661 716; x_wconf 92' lang='lat' dir='ltr'>hoc</span> <span class='ocrx_word' id='word_1_64' title='bbox 695 682 785 716; x_wconf 89' lang='lat' dir='ltr'>satis</span> <span class='ocrx_word' id='word_1_65' title='bbox 818 682 983 723; x_wconf 82' lang='lat' dir='ltr'>adverto,</span> <span class='ocrx_word' id='word_1_66' title='bbox 1018 688 1053 715; x_wconf 89' lang='lat' dir='ltr'>et</span> <span class='ocrx_word' id='word_1_67' title='bbox 1091 681 1215 723; x_wconf 85' lang='lat' dir='ltr'>miror,</span> <span class='ocrx_word' id='word_1_68' title='bbox 1249 679 1424 725; x_wconf 87' lang='lat' dir='ltr'>quoniam</span> <span class='ocrx_word' id='word_1_69' title='bbox 1460 678 1573 712; x_wconf 92' lang='lat' dir='ltr'>michi</span> 
     </span>
     <span class='ocr_line' id='line_1_9' title="bbox 252 736 1575 784; baseline -0.003 -10"><span class='ocrx_word' id='word_1_70' title='bbox 252 740 397 774; x_wconf 86' lang='lat' dir='ltr'>videtur</span> <span class='ocrx_word' id='word_1_71' title='bbox 422 740 524 784; x_wconf 91' lang='lat' dir='ltr'>sequi</span> <span class='ocrx_word' id='word_1_72' title='bbox 549 751 593 774; x_wconf 87' lang='lat' dir='ltr'>ex</span> <span class='ocrx_word' id='word_1_73' title='bbox 619 740 688 774; x_wconf 91' lang='lat' dir='ltr'>isto</span> <span class='ocrx_word' id='word_1_74' title='bbox 718 739 816 784; x_wconf 90' lang='lat' dir='ltr'>quod</span> <span class='ocrx_word' id='word_1_75' title='bbox 842 739 965 773; x_wconf 89' lang='lat' dir='ltr'>Adam</span> <span class='ocrx_word' id='word_1_76' title='bbox 992 739 1137 784; x_wconf 86' lang='lat' dir='ltr'>proprie</span> <span class='ocrx_word' id='word_1_77' title='bbox 1167 744 1229 773; x_wconf 89' lang='lat' dir='ltr'>aut</span> <span class='ocrx_word' id='word_1_78' title='bbox 1259 738 1437 772; x_wconf 88' lang='lat' dir='ltr'>veraciter</span> <span class='ocrx_word' id='word_1_79' title='bbox 1461 736 1575 771; x_wconf 89' lang='lat' dir='ltr'>nichil</span> 
     </span>
     <span class='ocr_line' id='line_1_10' title="bbox 253 795 1575 842; baseline -0.002 -11"><span class='ocrx_word' id='word_1_80' title='bbox 253 797 340 832; x_wconf 89' lang='lat' dir='ltr'>dare</span> <span class='ocrx_word' id='word_1_81' title='bbox 358 798 523 831; x_wconf 88' lang='lat' dir='ltr'>valuerat</span> <span class='ocrx_word' id='word_1_82' title='bbox 540 809 547 840; x_wconf 91' lang='grc'><strong>;</strong></span> <span class='ocrx_word' id='word_1_83' title='bbox 574 797 748 842; x_wconf 88' lang='lat' dir='ltr'>quoniam</span> <span class='ocrx_word' id='word_1_84' title='bbox 765 797 919 832; x_wconf 81' lang='lat' dir='ltr'>tradicio</span> <span class='ocrx_word' id='word_1_85' title='bbox 938 797 1184 841; x_wconf 79' lang='lat' dir='ltr'>possessionis</span> <span class='ocrx_word' id='word_1_86' title='bbox 1207 796 1320 831; x_wconf 89' lang='lat' dir='ltr'>solius</span> <span class='ocrx_word' id='word_1_87' title='bbox 1338 807 1411 830; x_wconf 91' lang='lat' dir='ltr'>non</span> <span class='ocrx_word' id='word_1_88' title='bbox 1429 795 1575 829; x_wconf 88' lang='lat' dir='ltr'>videtur</span> 
     </span>
    </p>

    <p class='ocr_par' dir='ltr' id='par_1_4' title="bbox 35 855 1575 1015">
     <span class='ocr_line' id='line_1_11' title="bbox 200 855 981 900; baseline 0.003 -13"><span class='ocrx_word' id='word_1_89' title='bbox 200 867 239 889; x_wconf 89' lang='lat'>10</span> <span class='ocrx_word' id='word_1_90' title='bbox 253 867 333 889; x_wconf 90' lang='lat' dir='ltr'>esse</span> <span class='ocrx_word' id='word_1_91' title='bbox 351 855 497 900; x_wconf 85' lang='lat' dir='ltr'>proprie</span> <span class='ocrx_word' id='word_1_92' title='bbox 515 855 613 889; x_wconf 82' lang='lat' dir='ltr'>dicta</span> <span class='ocrx_word' id='word_1_93' title='bbox 631 861 692 889; x_wconf 85' lang='lat' dir='ltr'>aut</span> <span class='ocrx_word' id='word_1_94' title='bbox 710 866 797 889; x_wconf 88' lang='lat' dir='ltr'>vera</span> <span class='ocrx_word' id='word_1_95' title='bbox 816 855 981 889; x_wconf 86' lang='lat' dir='ltr'>donacio.</span> 
     </span>
     <span class='ocr_line' id='line_1_12' title="bbox 35 910 1575 957; baseline -0.002 -10"><span class='ocrx_word' id='word_1_96' title='bbox 35 922 141 952; x_wconf 82' lang='lat' dir='ltr'>supra,</span> <span class='ocrx_word' id='word_1_97' title='bbox 158 922 190 953; x_wconf 77' lang='lat' dir='ltr'>p·</span> <span class='ocrx_word' id='word_1_98' title='bbox 302 915 386 947; x_wconf 85' lang='lat' dir='ltr'>RIC.</span> <span class='ocrx_word' id='word_1_99' title='bbox 414 912 453 948; x_wconf 89' lang='lat' dir='ltr'>Si</span> <span class='ocrx_word' id='word_1_100' title='bbox 472 913 651 957; x_wconf 89' lang='lat' dir='ltr'>principia</span> <span class='ocrx_word' id='word_1_101' title='bbox 669 914 856 947; x_wconf 87' lang='lat' dir='ltr'>declarata</span> <span class='ocrx_word' id='word_1_102' title='bbox 882 912 1048 957; x_wconf 88' lang='lat' dir='ltr'>superius</span> <span class='ocrx_word' id='word_1_103' title='bbox 1066 913 1112 947; x_wconf 90' lang='lat' dir='ltr'>de</span> <span class='ocrx_word' id='word_1_104' title='bbox 1133 923 1243 946; x_wconf 87' lang='lat' dir='ltr'>sensu</span> <span class='ocrx_word' id='word_1_105' title='bbox 1261 912 1457 946; x_wconf 87' lang='lat' dir='ltr'>verborum</span> <span class='ocrx_word' id='word_1_106' title='bbox 1475 917 1511 945; x_wconf 88' lang='lat' dir='ltr'>et</span> <span class='ocrx_word' id='word_1_107' title='bbox 1529 910 1575 945; x_wconf 92' lang='lat' dir='ltr'>de</span> 
     </span>
     <span class='ocr_line' id='line_1_13' title="bbox 36 963 1575 1015; baseline -0.002 -10"><span class='ocrx_word' id='word_1_108' title='bbox 36 963 108 994; x_wconf 79' lang='lat'>3¹3·</span> <span class='ocrx_word' id='word_1_109' title='bbox 254 971 325 1005; x_wconf 90' lang='lat' dir='ltr'>Dei</span> <span class='ocrx_word' id='word_1_110' title='bbox 352 971 557 1005; x_wconf 87' lang='lat' dir='ltr'>donacione</span> <span class='ocrx_word' id='word_1_111' title='bbox 583 970 786 1015; x_wconf 88' lang='lat' dir='ltr'>recolligas,</span> <span class='ocrx_word' id='word_1_112' title='bbox 814 977 939 1015; x_wconf 84' lang='lat' dir='ltr'>aperte</span> <span class='ocrx_word' id='word_1_113' title='bbox 964 970 1106 1005; x_wconf 88' lang='lat' dir='ltr'>videbis</span> <span class='ocrx_word' id='word_1_114' title='bbox 1134 970 1234 1015; x_wconf 90' lang='lat' dir='ltr'>quod</span> <span class='ocrx_word' id='word_1_115' title='bbox 1260 969 1328 1004; x_wconf 86' lang='lat' dir='ltr'>iste</span> <span class='ocrx_word' id='word_1_116' title='bbox 1354 971 1486 1003; x_wconf 88' lang='lat' dir='ltr'>modus</span> <span class='ocrx_word' id='word_1_117' title='bbox 1512 965 1575 1002; x_wconf 63' lang='lat' dir='ltr'>db-</span> 
     </span>
    </p>
   </div>
   <div class='ocr_carea' id='block_1_4' title="bbox 34 1026 1580 1931">
    <p class='ocr_par' dir='ltr' id='par_1_5' title="bbox 34 1026 1580 1931">
     <span class='ocr_line' id='line_1_14' title="bbox 251 1026 1576 1070; baseline -0.002 -8"><span class='ocrx_word' id='word_1_118' title='bbox 251 1028 364 1063; x_wconf 88' lang='lat' dir='ltr'>nandi</span> <span class='ocrx_word' id='word_1_119' title='bbox 384 1034 439 1063; x_wconf 88' lang='lat' dir='ltr'>est</span> <span class='ocrx_word' id='word_1_120' title='bbox 458 1028 577 1063; x_wconf 92' lang='lat' dir='ltr'>verior</span> <span class='ocrx_word' id='word_1_121' title='bbox 595 1035 630 1063; x_wconf 89' lang='lat' dir='ltr'>et</span> <span class='ocrx_word' id='word_1_122' title='bbox 649 1028 772 1063; x_wconf 90' lang='lat' dir='ltr'>divine</span> <span class='ocrx_word' id='word_1_123' title='bbox 791 1028 986 1063; x_wconf 89' lang='lat' dir='ltr'>donacioni</span> <span class='ocrx_word' id='word_1_124' title='bbox 1008 1027 1231 1062; x_wconf 88' lang='lat' dir='ltr'>conformior</span> <span class='ocrx_word' id='word_1_125' title='bbox 1249 1034 1285 1062; x_wconf 89' lang='lat' dir='ltr'>et</span> <span class='ocrx_word' id='word_1_126' title='bbox 1302 1028 1350 1061; x_wconf 91' lang='lat' dir='ltr'>ob</span> <span class='ocrx_word' id='word_1_127' title='bbox 1368 1028 1438 1061; x_wconf 89' lang='lat' dir='ltr'>hoc</span> <span class='ocrx_word' id='word_1_128' title='bbox 1455 1026 1576 1070; x_wconf 87' lang='lat' dir='ltr'>magis</span> 
     </span>
     <span class='ocr_line' id='line_1_15' title="bbox 253 1085 1576 1131; baseline -0.002 -11"><span class='ocrx_word' id='word_1_129' title='bbox 253 1086 397 1131; x_wconf 90' lang='lat' dir='ltr'>proprie</span> <span class='ocrx_word' id='word_1_130' title='bbox 423 1086 522 1121; x_wconf 86' lang='lat' dir='ltr'>dicta</span> <span class='ocrx_word' id='word_1_131' title='bbox 548 1087 705 1121; x_wconf 83' lang='lat' dir='ltr'>donacio</span> <span class='ocrx_word' id='word_1_132' title='bbox 729 1098 840 1131; x_wconf 90' lang='lat' dir='ltr'>quam</span> <span class='ocrx_word' id='word_1_133' title='bbox 870 1086 996 1131; x_wconf 93' lang='lat' dir='ltr'>quevis</span> <span class='ocrx_word' id='word_1_134' title='bbox 1023 1086 1180 1120; x_wconf 89' lang='lat' dir='ltr'>donacio</span> <span class='ocrx_word' id='word_1_135' title='bbox 1206 1097 1271 1130; x_wconf 88' lang='lat' dir='ltr'>per</span> <span class='ocrx_word' id='word_1_136' title='bbox 1297 1085 1576 1120; x_wconf 90' lang='lat' dir='ltr'>abdicacionem</span> 
     </span>
     <span class='ocr_line' id='line_1_16' title="bbox 200 1143 1576 1189; baseline -0.001 -12"><span class='ocrx_word' id='word_1_137' title='bbox 200 1152 237 1183; x_wconf 87' lang='lat'>15</span> <span class='ocrx_word' id='word_1_138' title='bbox 254 1144 407 1178; x_wconf 91' lang='lat' dir='ltr'>dominii</span> <span class='ocrx_word' id='word_1_139' title='bbox 437 1151 499 1178; x_wconf 87' lang='lat' dir='ltr'>aut</span> <span class='ocrx_word' id='word_1_140' title='bbox 528 1144 649 1189; x_wconf 90' lang='lat' dir='ltr'>ipsum</span> <span class='ocrx_word' id='word_1_141' title='bbox 683 1144 887 1178; x_wconf 88' lang='lat' dir='ltr'>dominium</span> <span class='ocrx_word' id='word_1_142' title='bbox 922 1144 959 1178; x_wconf 91' lang='lat' dir='ltr'>in</span> <span class='ocrx_word' id='word_1_143' title='bbox 992 1144 1116 1188; x_wconf 88' lang='lat' dir='ltr'>aliquo</span> <span class='ocrx_word' id='word_1_144' title='bbox 1149 1144 1372 1185; x_wconf 84' lang='lat' dir='ltr'>minuendo;</span> <span class='ocrx_word' id='word_1_145' title='bbox 1401 1143 1576 1187; x_wconf 90' lang='lat' dir='ltr'>quoniam</span> 
     </span>
     <span class='ocr_line' id='line_1_17' title="bbox 254 1200 1578 1247; baseline -0.002 -11"><span class='ocrx_word' id='word_1_146' title='bbox 254 1203 359 1236; x_wconf 90' lang='lat' dir='ltr'>Deus</span> <span class='ocrx_word' id='word_1_147' title='bbox 376 1202 487 1236; x_wconf 88' lang='lat' dir='ltr'>nichil</span> <span class='ocrx_word' id='word_1_148' title='bbox 507 1203 568 1237; x_wconf 94' lang='lat' dir='ltr'>dat</span> <span class='ocrx_word' id='word_1_149' title='bbox 585 1208 648 1236; x_wconf 88' lang='lat' dir='ltr'>aut</span> <span class='ocrx_word' id='word_1_150' title='bbox 667 1202 754 1236; x_wconf 85' lang='lat' dir='ltr'>dare</span> <span class='ocrx_word' id='word_1_151' title='bbox 778 1208 899 1247; x_wconf 91' lang='lat' dir='ltr'>potest</span> <span class='ocrx_word' id='word_1_152' title='bbox 922 1201 1132 1236; x_wconf 87' lang='lat' dir='ltr'>abdicando</span> <span class='ocrx_word' id='word_1_153' title='bbox 1159 1213 1222 1236; x_wconf 92' lang='lat' dir='ltr'>seu</span> <span class='ocrx_word' id='word_1_154' title='bbox 1244 1200 1444 1236; x_wconf 87' lang='lat' dir='ltr'>minuendo</span> <span class='ocrx_word' id='word_1_155' title='bbox 1471 1211 1578 1235; x_wconf 88' lang='lat' dir='ltr'>suum</span> 
     </span>
     <span class='ocr_line' id='line_1_18' title="bbox 254 1258 1578 1304; baseline -0.001 -11"><span class='ocrx_word' id='word_1_156' title='bbox 254 1259 470 1303; x_wconf 83' lang='lat' dir='ltr'>dominium,</span> <span class='ocrx_word' id='word_1_157' title='bbox 497 1266 535 1294; x_wconf 87' lang='lat' dir='ltr'>ut</span> <span class='ocrx_word' id='word_1_158' title='bbox 568 1259 656 1294; x_wconf 88' lang='lat' dir='ltr'>inibi</span> <span class='ocrx_word' id='word_1_159' title='bbox 687 1266 742 1294; x_wconf 90' lang='lat' dir='ltr'>est</span> <span class='ocrx_word' id='word_1_160' title='bbox 772 1260 981 1304; x_wconf 89' lang='lat' dir='ltr'>probatum.</span> <span class='ocrx_word' id='word_1_161' title='bbox 1034 1261 1077 1293; x_wconf 90' lang='lat' dir='ltr'>In</span> <span class='ocrx_word' id='word_1_162' title='bbox 1107 1260 1178 1293; x_wconf 87' lang='lat' dir='ltr'>hoc</span> <span class='ocrx_word' id='word_1_163' title='bbox 1206 1270 1292 1303; x_wconf 88' lang='lat' dir='ltr'>ergo</span> <span class='ocrx_word' id='word_1_164' title='bbox 1322 1258 1481 1293; x_wconf 87' lang='lat' dir='ltr'>donacio</span> <span class='ocrx_word' id='word_1_165' title='bbox 1510 1269 1578 1302; x_wconf 88' lang='lat' dir='ltr'>per</span> 
     </span>
     <span class='ocr_line' id='line_1_19' title="bbox 34 1316 1578 1352; baseline 0 -3"><span class='ocrx_word' id='word_1_166' title='bbox 34 1329 90 1349; x_wconf 79' lang='lat' dir='ltr'>seu</span> <span class='ocrx_word' id='word_1_167' title='bbox 107 1329 216 1350; x_wconf 80' lang='lat' dir='ltr'>comm.</span> <span class='ocrx_word' id='word_1_168' title='bbox 256 1317 373 1351; x_wconf 86' lang='lat' dir='ltr'>solam</span> <span class='ocrx_word' id='word_1_169' title='bbox 396 1317 676 1352; x_wconf 88' lang='lat' dir='ltr'>abdicacionem</span> <span class='ocrx_word' id='word_1_170' title='bbox 696 1318 774 1352; x_wconf 89' lang='lat' dir='ltr'>sive</span> <span class='ocrx_word' id='word_1_171' title='bbox 799 1317 1085 1351; x_wconf 87' lang='lat' dir='ltr'>translacionem</span> <span class='ocrx_word' id='word_1_172' title='bbox 1111 1328 1175 1351; x_wconf 90' lang='lat' dir='ltr'>seu</span> <span class='ocrx_word' id='word_1_173' title='bbox 1197 1316 1578 1351; x_wconf 89' lang='lat' dir='ltr'>communicacionem</span> 
     </span>
     <span class='ocr_line' id='line_1_20' title="bbox 36 1363 1579 1419; baseline -0.001 -10"><span class='ocrx_word' id='word_1_174' title='bbox 36 1363 238 1393; x_wconf 78' lang='lat' dir='ltr'>Bbishabet.</span> <span class='ocrx_word' id='word_1_175' title='bbox 255 1375 496 1419; x_wconf 88' lang='lat' dir='ltr'>possessionis</span> <span class='ocrx_word' id='word_1_176' title='bbox 531 1375 682 1410; x_wconf 89' lang='lat' dir='ltr'>similior</span> <span class='ocrx_word' id='word_1_177' title='bbox 709 1381 765 1410; x_wconf 87' lang='lat' dir='ltr'>est</span> <span class='ocrx_word' id='word_1_178' title='bbox 799 1375 993 1409; x_wconf 88' lang='lat' dir='ltr'>donacioni</span> <span class='ocrx_word' id='word_1_179' title='bbox 1029 1374 1152 1409; x_wconf 88' lang='lat' dir='ltr'>divine</span> <span class='ocrx_word' id='word_1_180' title='bbox 1182 1386 1294 1419; x_wconf 89' lang='lat' dir='ltr'>quam</span> <span class='ocrx_word' id='word_1_181' title='bbox 1328 1374 1388 1408; x_wconf 91' lang='lat' dir='ltr'>illa</span> <span class='ocrx_word' id='word_1_182' title='bbox 1423 1373 1579 1408; x_wconf 91' lang='lat' dir='ltr'>donacio</span> 
     </span>
     <span class='ocr_line' id='line_1_21' title="bbox 201 1431 1578 1477; baseline 0.001 -13"><span class='ocrx_word' id='word_1_183' title='bbox 201 1442 240 1463; x_wconf 91' lang='lat'>20</span> <span class='ocrx_word' id='word_1_184' title='bbox 255 1444 325 1477; x_wconf 88' lang='lat' dir='ltr'>que</span> <span class='ocrx_word' id='word_1_185' title='bbox 359 1433 399 1467; x_wconf 83' lang='lat' dir='ltr'>fit</span> <span class='ocrx_word' id='word_1_186' title='bbox 427 1439 545 1467; x_wconf 85' lang='lat' dir='ltr'>toturn</span> <span class='ocrx_word' id='word_1_187' title='bbox 575 1433 780 1467; x_wconf 90' lang='lat' dir='ltr'>dominium</span> <span class='ocrx_word' id='word_1_188' title='bbox 814 1432 1042 1467; x_wconf 88' lang='lat' dir='ltr'>abdicando:</span> <span class='ocrx_word' id='word_1_189' title='bbox 1080 1443 1177 1476; x_wconf 87' lang='lat' dir='ltr'>ergo,</span> <span class='ocrx_word' id='word_1_190' title='bbox 1209 1432 1239 1466; x_wconf 91' lang='lat' dir='ltr'>si</span> <span class='ocrx_word' id='word_1_191' title='bbox 1273 1432 1371 1466; x_wconf 88' lang='lat' dir='ltr'>aliud</span> <span class='ocrx_word' id='word_1_192' title='bbox 1405 1443 1480 1465; x_wconf 92' lang='lat' dir='ltr'>non</span> <span class='ocrx_word' id='word_1_193' title='bbox 1515 1431 1578 1466; x_wconf 92' lang='lat' dir='ltr'>ob-</span> 
     </span>
     <span class='ocr_line' id='line_1_22' title="bbox 255 1489 1579 1535; baseline 0 -12"><span class='ocrx_word' id='word_1_194' title='bbox 255 1490 371 1533; x_wconf 85' lang='lat' dir='ltr'>sistat,</span> <span class='ocrx_word' id='word_1_195' title='bbox 407 1490 506 1524; x_wconf 90' lang='lat' dir='ltr'>dices</span> <span class='ocrx_word' id='word_1_196' title='bbox 549 1490 754 1535; x_wconf 86' lang='lat' dir='ltr'>improvide</span> <span class='ocrx_word' id='word_1_197' title='bbox 787 1491 886 1535; x_wconf 90' lang='lat' dir='ltr'>quod</span> <span class='ocrx_word' id='word_1_198' title='bbox 920 1501 1086 1524; x_wconf 87' lang='lat' dir='ltr'>summus</span> <span class='ocrx_word' id='word_1_199' title='bbox 1121 1489 1305 1524; x_wconf 88' lang='lat' dir='ltr'>Dominus</span> <span class='ocrx_word' id='word_1_200' title='bbox 1346 1501 1421 1523; x_wconf 92' lang='lat' dir='ltr'>non</span> <span class='ocrx_word' id='word_1_201' title='bbox 1458 1495 1579 1533; x_wconf 89' lang='lat' dir='ltr'>potest</span> 
     </span>
     <span class='ocr_line' id='line_1_23' title="bbox 253 1547 1578 1593; baseline -0.002 -11"><span class='ocrx_word' id='word_1_202' title='bbox 253 1548 374 1582; x_wconf 90' lang='lat' dir='ltr'>verius</span> <span class='ocrx_word' id='word_1_203' title='bbox 399 1554 435 1582; x_wconf 89' lang='lat' dir='ltr'>et</span> <span class='ocrx_word' id='word_1_204' title='bbox 466 1548 583 1592; x_wconf 88' lang='lat' dir='ltr'>magis</span> <span class='ocrx_word' id='word_1_205' title='bbox 614 1549 758 1593; x_wconf 87' lang='lat' dir='ltr'>proprie</span> <span class='ocrx_word' id='word_1_206' title='bbox 784 1549 872 1583; x_wconf 89' lang='lat' dir='ltr'>dare</span> <span class='ocrx_word' id='word_1_207' title='bbox 901 1560 1013 1593; x_wconf 88' lang='lat' dir='ltr'>quam</span> <span class='ocrx_word' id='word_1_208' title='bbox 1038 1548 1129 1582; x_wconf 85' lang='lat' dir='ltr'>alius</span> <span class='ocrx_word' id='word_1_209' title='bbox 1156 1547 1277 1582; x_wconf 90' lang='lat' dir='ltr'>minor</span> <span class='ocrx_word' id='word_1_210' title='bbox 1303 1547 1486 1590; x_wconf 88' lang='lat' dir='ltr'>dominus,</span> <span class='ocrx_word' id='word_1_211' title='bbox 1515 1553 1578 1581; x_wconf 88' lang='lat' dir='ltr'>aut</span> 
     </span>
     <span class='ocr_line' id='line_1_24' title="bbox 253 1604 1580 1651; baseline -0.002 -10"><span class='ocrx_word' id='word_1_212' title='bbox 253 1606 436 1650; x_wconf 83' lang='lat' dir='ltr'>oportebit</span> <span class='ocrx_word' id='word_1_213' title='bbox 469 1613 631 1641; x_wconf 86' lang='lat' dir='ltr'>astruere</span> <span class='ocrx_word' id='word_1_214' title='bbox 668 1606 768 1651; x_wconf 91' lang='lat' dir='ltr'>quod</span> <span class='ocrx_word' id='word_1_215' title='bbox 803 1606 959 1640; x_wconf 88' lang='lat' dir='ltr'>donacio</span> <span class='ocrx_word' id='word_1_216' title='bbox 995 1605 1088 1640; x_wconf 88' lang='lat' dir='ltr'>illius</span> <span class='ocrx_word' id='word_1_217' title='bbox 1124 1605 1321 1640; x_wconf 86' lang='lat' dir='ltr'>donacioni</span> <span class='ocrx_word' id='word_1_218' title='bbox 1356 1604 1580 1639; x_wconf 88' lang='lat' dir='ltr'>conformior</span> 
     </span>
     <span class='ocr_line' id='line_1_25' title="bbox 253 1662 1579 1708; baseline -0.002 -10"><span class='ocrx_word' id='word_1_219' title='bbox 253 1675 318 1698; x_wconf 91' lang='lat' dir='ltr'>seu</span> <span class='ocrx_word' id='word_1_220' title='bbox 351 1664 388 1698; x_wconf 92' lang='lat' dir='ltr'>in</span> <span class='ocrx_word' id='word_1_221' title='bbox 421 1675 555 1708; x_wconf 87' lang='lat' dir='ltr'>genere</span> <span class='ocrx_word' id='word_1_222' title='bbox 586 1665 749 1698; x_wconf 90' lang='lat' dir='ltr'>donandi</span> <span class='ocrx_word' id='word_1_223' title='bbox 784 1664 1034 1708; x_wconf 86' lang='lat' dir='ltr'>propinquior,</span> <span class='ocrx_word' id='word_1_224' title='bbox 1064 1663 1185 1697; x_wconf 89' lang='lat' dir='ltr'>verius</span> <span class='ocrx_word' id='word_1_225' title='bbox 1213 1669 1249 1698; x_wconf 90' lang='lat' dir='ltr'>et</span> <span class='ocrx_word' id='word_1_226' title='bbox 1278 1662 1397 1706; x_wconf 88' lang='lat' dir='ltr'>magis</span> <span class='ocrx_word' id='word_1_227' title='bbox 1432 1662 1579 1707; x_wconf 84' lang='lat' dir='ltr'>proprie</span> 
     </span>
     <span class='ocr_line' id='line_1_26' title="bbox 199 1721 1579 1769; baseline -0.001 -13"><span class='ocrx_word' id='word_1_228' title='bbox 199 1739 236 1769; x_wconf 83' lang='lat'>25</span> <span class='ocrx_word' id='word_1_229' title='bbox 253 1728 351 1756; x_wconf 85' lang='lat' dir='ltr'>extat</span> <span class='ocrx_word' id='word_1_230' title='bbox 369 1722 526 1756; x_wconf 87' lang='lat' dir='ltr'>donacio</span> <span class='ocrx_word' id='word_1_231' title='bbox 544 1733 656 1766; x_wconf 86' lang='lat' dir='ltr'>quarn</span> <span class='ocrx_word' id='word_1_232' title='bbox 674 1722 746 1756; x_wconf 86' lang='lat' dir='ltr'>alia</span> <span class='ocrx_word' id='word_1_233' title='bbox 765 1721 812 1756; x_wconf 90' lang='lat' dir='ltr'>illi</span> <span class='ocrx_word' id='word_1_234' title='bbox 832 1721 1046 1764; x_wconf 86' lang='lat' dir='ltr'>difformior,</span> <span class='ocrx_word' id='word_1_235' title='bbox 1065 1721 1215 1764; x_wconf 89' lang='lat' dir='ltr'>scilicet,</span> <span class='ocrx_word' id='word_1_236' title='bbox 1235 1732 1319 1755; x_wconf 88' lang='lat' dir='ltr'>cum</span> <span class='ocrx_word' id='word_1_237' title='bbox 1337 1721 1579 1755; x_wconf 88' lang='lat' dir='ltr'>abdicacione</span> 
     </span>
     <span class='ocr_line' id='line_1_27' title="bbox 255 1778 1578 1823; baseline -0.001 -10"><span class='ocrx_word' id='word_1_238' title='bbox 255 1779 428 1822; x_wconf 89' lang='lat' dir='ltr'>dominii;</span> <span class='ocrx_word' id='word_1_239' title='bbox 463 1780 579 1814; x_wconf 90' lang='lat' dir='ltr'>habes</span> <span class='ocrx_word' id='word_1_240' title='bbox 616 1779 714 1814; x_wconf 91' lang='lat' dir='ltr'>enim</span> <span class='ocrx_word' id='word_1_241' title='bbox 749 1779 785 1813; x_wconf 91' lang='lat' dir='ltr'>in</span> <span class='ocrx_word' id='word_1_242' title='bbox 821 1779 978 1813; x_wconf 88' lang='lat' dir='ltr'>Phisicis</span> <span class='ocrx_word' id='word_1_243' title='bbox 1014 1779 1239 1823; x_wconf 83' lang='lat' dir='ltr'>patefactum</span> <span class='ocrx_word' id='word_1_244' title='bbox 1274 1779 1373 1823; x_wconf 90' lang='lat' dir='ltr'>quod</span> <span class='ocrx_word' id='word_1_245' title='bbox 1407 1778 1442 1812; x_wconf 93' lang='lat' dir='ltr'>in</span> <span class='ocrx_word' id='word_1_246' title='bbox 1478 1778 1578 1812; x_wconf 90' lang='lat' dir='ltr'>omni</span> 
     </span>
     <span class='ocr_line' id='line_1_28' title="bbox 254 1835 1578 1882; baseline -0.002 -10"><span class='ocrx_word' id='word_1_247' title='bbox 254 1849 388 1882; x_wconf 85' lang='lat' dir='ltr'>genere</span> <span class='ocrx_word' id='word_1_248' title='bbox 414 1837 503 1872; x_wconf 90' lang='lat' dir='ltr'>illud</span> <span class='ocrx_word' id='word_1_249' title='bbox 529 1838 628 1882; x_wconf 89' lang='lat' dir='ltr'>quod</span> <span class='ocrx_word' id='word_1_250' title='bbox 653 1844 709 1872; x_wconf 88' lang='lat' dir='ltr'>est</span> <span class='ocrx_word' id='word_1_251' title='bbox 735 1837 938 1882; x_wconf 87' lang='lat' dir='ltr'>proximius</span> <span class='ocrx_word' id='word_1_252' title='bbox 964 1836 1104 1882; x_wconf 90' lang='lat' dir='ltr'>optimo</span> <span class='ocrx_word' id='word_1_253' title='bbox 1130 1836 1167 1871; x_wconf 91' lang='lat' dir='ltr'>in</span> <span class='ocrx_word' id='word_1_254' title='bbox 1194 1836 1254 1871; x_wconf 93' lang='lat' dir='ltr'>illo</span> <span class='ocrx_word' id='word_1_255' title='bbox 1279 1848 1415 1881; x_wconf 82' lang='lat' dir='ltr'>genere</span> <span class='ocrx_word' id='word_1_256' title='bbox 1447 1835 1578 1871; x_wconf 90' lang='lat' dir='ltr'>melius</span> 
     </span>
     <span class='ocr_line' id='line_1_29' title="bbox 253 1896 562 1931; baseline 0 -1"><span class='ocrx_word' id='word_1_257' title='bbox 253 1902 309 1931; x_wconf 90' lang='lat' dir='ltr'>est</span> <span class='ocrx_word' id='word_1_258' title='bbox 326 1896 562 1931; x_wconf 86' lang='lat' dir='ltr'>censendum.</span> 
     </span>
    </p>
   </div>
   <div class='ocr_carea' id='block_1_5' title="bbox 36 2009 1578 2112">
    <p class='ocr_par' dir='ltr' id='par_1_6' title="bbox 36 2009 1578 2112">
     <span class='ocr_line' id='line_1_30' title="bbox 36 2009 1578 2050; baseline -0.001 -6"><span class='ocrx_word' id='word_1_259' title='bbox 36 2028 101 2049; x_wconf 61' lang='lat' dir='ltr'>ver.</span> <span class='ocrx_word' id='word_1_260' title='bbox 120 2029 183 2049; x_wconf 61' lang='lat' dir='ltr'>om.</span> <span class='ocrx_word' id='word_1_261' title='bbox 205 2025 235 2050; x_wconf 71' lang='grc' dir='ltr'>Β,</span> <span class='ocrx_word' id='word_1_262' title='bbox 303 2010 530 2044; x_wconf 84' lang='lat' dir='ltr'>IOHANNES.</span> <span class='ocrx_word' id='word_1_263' title='bbox 559 2010 597 2045; x_wconf 85' lang='lat' dir='ltr'>Si</span> <span class='ocrx_word' id='word_1_264' title='bbox 622 2009 739 2044; x_wconf 90' lang='lat' dir='ltr'>maior</span> <span class='ocrx_word' id='word_1_265' title='bbox 762 2009 999 2044; x_wconf 87' lang='lat' dir='ltr'>conformitas</span> <span class='ocrx_word' id='word_1_266' title='bbox 1026 2009 1224 2044; x_wconf 87' lang='lat' dir='ltr'>donacioni</span> <span class='ocrx_word' id='word_1_267' title='bbox 1248 2009 1372 2043; x_wconf 89' lang='lat' dir='ltr'>divine</span> <span class='ocrx_word' id='word_1_268' title='bbox 1398 2009 1578 2043; x_wconf 89' lang='lat' dir='ltr'>veriorem</span> 
     </span>
     <span class='ocr_line' id='line_1_31' title="bbox 200 2067 1578 2112; baseline 0.001 -12"><span class='ocrx_word' id='word_1_269' title='bbox 200 2079 240 2109; x_wconf 81' lang='lat'>30</span> <span class='ocrx_word' id='word_1_270' title='bbox 254 2073 289 2101; x_wconf 85' lang='lat' dir='ltr'>et</span> <span class='ocrx_word' id='word_1_271' title='bbox 308 2067 427 2111; x_wconf 87' lang='lat' dir='ltr'>magis</span> <span class='ocrx_word' id='word_1_272' title='bbox 445 2068 591 2112; x_wconf 90' lang='lat' dir='ltr'>proprie</span> <span class='ocrx_word' id='word_1_273' title='bbox 610 2068 747 2102; x_wconf 88' lang='lat' dir='ltr'>dictam</span> <span class='ocrx_word' id='word_1_274' title='bbox 763 2068 1007 2102; x_wconf 89' lang='lat' dir='ltr'>donacionem</span> <span class='ocrx_word' id='word_1_275' title='bbox 1025 2068 1141 2112; x_wconf 90' lang='lat' dir='ltr'>possit</span> <span class='ocrx_word' id='word_1_276' title='bbox 1159 2079 1321 2111; x_wconf 86' lang='lat' dir='ltr'>arguere,</span> <span class='ocrx_word' id='word_1_277' title='bbox 1333 2067 1400 2101; x_wconf 90' lang='lat' dir='ltr'>erit</span> <span class='ocrx_word' id='word_1_278' title='bbox 1416 2078 1578 2101; x_wconf 89' lang='lat' dir='ltr'>commu-</span> 
     </span>
    </p>
   </div>
   <div class='ocr_carea' id='block_1_6' title="bbox 1591 2009 1737 2040">
    <p class='ocr_par' dir='ltr' id='par_1_7' title="bbox 1591 2009 1737 2040">
     <span class='ocr_line' id='line_1_32' title="bbox 1591 2009 1737 2040; baseline 0.007 -1"><span class='ocrx_word' id='word_1_279' title='bbox 1591 2009 1737 2040; x_wconf 89' lang='lat' dir='ltr'>XXVII.</span> 
     </span>
    </p>
   </div>
   <div class='ocr_carea' id='block_1_7' title="bbox 1592 2059 1832 2125">
    <p class='ocr_par' dir='ltr' id='par_1_8' title="bbox 1592 2059 1832 2125">
     <span class='ocr_line' id='line_1_33' title="bbox 1593 2059 1819 2092; baseline 0 -7"><span class='ocrx_word' id='word_1_280' title='bbox 1593 2060 1637 2092; x_wconf 92' lang='lat' dir='ltr'>By</span> <span class='ocrx_word' id='word_1_281' title='bbox 1650 2059 1764 2092; x_wconf 84' lang='lat' dir='ltr'>sharing</span> <span class='ocrx_word' id='word_1_282' title='bbox 1777 2069 1819 2085; x_wconf 89' lang='lat' dir='ltr'>we</span> 
     </span>
     <span class='ocr_line' id='line_1_34' title="bbox 1592 2094 1832 2125; baseline 0.004 -7"><span class='ocrx_word' id='word_1_283' title='bbox 1592 2094 1656 2125; x_wconf 81' lang='lat' dir='ltr'>give</span> <span class='ocrx_word' id='word_1_284' title='bbox 1669 2103 1743 2119; x_wconf 87' lang='lat' dir='ltr'>more</span> <span class='ocrx_word' id='word_1_285' title='bbox 1757 2094 1832 2125; x_wconf 88' lang='lat' dir='ltr'>truly</span> 
     </span>
    </p>
   </div>
   <div class='ocr_carea' id='block_1_8' title="bbox 1832 225 1853 267">
    <p class='ocr_par' dir='ltr' id='par_1_9' title="bbox 1832 225 1853 267">
     <span class='ocr_line' id='line_1_35' title="bbox 1832 225 1853 267; baseline 0 0"><span class='ocrx_word' id='word_1_286' title='bbox 1832 225 1853 267; x_wconf 93' lang='lat'><strong><em>7</em></strong></span> 
     </span>
    </p>
   </div>
   <div class='ocr_carea' id='block_1_9' title="bbox 254 2124 1850 2169">
    <p class='ocr_par' dir='ltr' id='par_1_10' title="bbox 254 2124 1850 2169">
     <span class='ocr_line' id='line_1_36' title="bbox 254 2124 1850 2169; baseline 0 -11"><span class='ocrx_word' id='word_1_287' title='bbox 254 2124 398 2159; x_wconf 91' lang='lat' dir='ltr'>nicacio</span> <span class='ocrx_word' id='word_1_288' title='bbox 424 2126 672 2169; x_wconf 86' lang='lat' dir='ltr'>possessionis</span> <span class='ocrx_word' id='word_1_289' title='bbox 697 2126 810 2160; x_wconf 89' lang='lat' dir='ltr'>solius</span> <span class='ocrx_word' id='word_1_290' title='bbox 833 2137 906 2159; x_wconf 94' lang='lat' dir='ltr'>non</span> <span class='ocrx_word' id='word_1_291' title='bbox 931 2126 1049 2159; x_wconf 89' lang='lat' dir='ltr'>solum</span> <span class='ocrx_word' id='word_1_292' title='bbox 1072 2125 1148 2159; x_wconf 90' lang='lat' dir='ltr'>eius</span> <span class='ocrx_word' id='word_1_293' title='bbox 1170 2125 1379 2167; x_wconf 86' lang='lat' dir='ltr'>translacio,</span> <span class='ocrx_word' id='word_1_294' title='bbox 1400 2131 1434 2159; x_wconf 90' lang='lat' dir='ltr'>et</span> <span class='ocrx_word' id='word_1_295' title='bbox 1461 2125 1579 2168; x_wconf 87' lang='lat' dir='ltr'>magis</span> <span class='ocrx_word' id='word_1_296' title='bbox 1593 2127 1660 2164; x_wconf 65' lang='lat' dir='ltr'>than</span> <span class='ocrx_word' id='word_1_297' title='bbox 1672 2128 1709 2159; x_wconf 85' lang='lat' dir='ltr'>by</span> <span class='ocrx_word' id='word_1_298' title='bbox 1720 2128 1850 2165; x_wconf 64' lang='lat' dir='ltr'>traqsfer-</span> 
     </span>
    </p>
   </div>
   <div class='ocr_carea' id='block_1_10' title="bbox 200 2182 1579 2862">
    <p class='ocr_par' dir='ltr' id='par_1_11' title="bbox 201 2182 1579 2457">
     <span class='ocr_line' id='line_1_37' title="bbox 254 2182 1578 2228; baseline 0 -12"><span class='ocrx_word' id='word_1_299' title='bbox 254 2183 399 2228; x_wconf 86' lang='lat' dir='ltr'>proprie</span> <span class='ocrx_word' id='word_1_300' title='bbox 418 2184 516 2218; x_wconf 91' lang='lat' dir='ltr'>dicta</span> <span class='ocrx_word' id='word_1_301' title='bbox 530 2184 686 2218; x_wconf 90' lang='lat' dir='ltr'>donacio</span> <span class='ocrx_word' id='word_1_302' title='bbox 701 2195 811 2228; x_wconf 92' lang='lat' dir='ltr'>quam</span> <span class='ocrx_word' id='word_1_303' title='bbox 826 2183 947 2227; x_wconf 86' lang='lat' dir='ltr'>aliqua</span> <span class='ocrx_word' id='word_1_304' title='bbox 961 2183 1033 2217; x_wconf 89' lang='lat' dir='ltr'>alia</span> <span class='ocrx_word' id='word_1_305' title='bbox 1049 2194 1119 2227; x_wconf 89' lang='lat' dir='ltr'>que</span> <span class='ocrx_word' id='word_1_306' title='bbox 1137 2182 1214 2217; x_wconf 89' lang='lat' dir='ltr'>fieri</span> <span class='ocrx_word' id='word_1_307' title='bbox 1232 2189 1353 2227; x_wconf 89' lang='lat' dir='ltr'>potest</span> <span class='ocrx_word' id='word_1_308' title='bbox 1367 2183 1414 2216; x_wconf 90' lang='lat' dir='ltr'>ab</span> <span class='ocrx_word' id='word_1_309' title='bbox 1429 2182 1578 2217; x_wconf 91' lang='lat' dir='ltr'>homine</span> 
     </span>
     <span class='ocr_line' id='line_1_38' title="bbox 254 2240 1577 2286; baseline -0.001 -11"><span class='ocrx_word' id='word_1_310' title='bbox 254 2253 320 2286; x_wconf 89' lang='lat' dir='ltr'>per</span> <span class='ocrx_word' id='word_1_311' title='bbox 333 2241 615 2276; x_wconf 89' lang='lat' dir='ltr'>translacionem</span> <span class='ocrx_word' id='word_1_312' title='bbox 634 2241 878 2285; x_wconf 88' lang='lat' dir='ltr'>possessionis</span> <span class='ocrx_word' id='word_1_313' title='bbox 898 2241 974 2275; x_wconf 88' lang='lat' dir='ltr'>sive</span> <span class='ocrx_word' id='word_1_314' title='bbox 988 2240 1142 2274; x_wconf 88' lang='lat' dir='ltr'>dominii</span> <span class='ocrx_word' id='word_1_315' title='bbox 1161 2247 1223 2274; x_wconf 89' lang='lat' dir='ltr'>aut</span> <span class='ocrx_word' id='word_1_316' title='bbox 1237 2241 1355 2274; x_wconf 87' lang='lat' dir='ltr'>eciam</span> <span class='ocrx_word' id='word_1_317' title='bbox 1371 2240 1577 2285; x_wconf 88' lang='lat' dir='ltr'>utriusque;</span> 
     </span>
     <span class='ocr_line' id='line_1_39' title="bbox 214 2298 1579 2343; baseline -0.001 -10"><span class='ocrx_word' id='word_1_318' title='bbox 214 2303 338 2333; x_wconf 83' lang='lat' dir='ltr'>Ocum</span> <span class='ocrx_word' id='word_1_319' title='bbox 362 2299 422 2333; x_wconf 91' lang='lat' dir='ltr'>illa</span> <span class='ocrx_word' id='word_1_320' title='bbox 445 2299 491 2333; x_wconf 90' lang='lat' dir='ltr'>sit</span> <span class='ocrx_word' id='word_1_321' title='bbox 516 2299 667 2333; x_wconf 88' lang='lat' dir='ltr'>similior</span> <span class='ocrx_word' id='word_1_322' title='bbox 691 2299 886 2333; x_wconf 90' lang='lat' dir='ltr'>donacioni</span> <span class='ocrx_word' id='word_1_323' title='bbox 911 2298 1032 2333; x_wconf 89' lang='lat' dir='ltr'>divine</span> <span class='ocrx_word' id='word_1_324' title='bbox 1056 2299 1128 2332; x_wconf 89' lang='lat' dir='ltr'>alia</span> <span class='ocrx_word' id='word_1_325' title='bbox 1152 2298 1357 2332; x_wconf 89' lang='lat' dir='ltr'>donacione</span> <span class='ocrx_word' id='word_1_326' title='bbox 1379 2298 1395 2317; x_wconf 62' lang='lat'>³¹&lt;</span> <span class='ocrx_word' id='word_1_327' title='bbox 1417 2309 1579 2343; x_wconf 88' lang='lat' dir='ltr'>quacun-</span> 
     </span>
     <span class='ocr_line' id='line_1_40' title="bbox 201 2356 1578 2401; baseline -0.001 -10"><span class='ocrx_word' id='word_1_328' title='bbox 201 2364 238 2395; x_wconf 79' lang='lat'>35</span> <span class='ocrx_word' id='word_1_329' title='bbox 255 2368 335 2401; x_wconf 87' lang='lat' dir='ltr'>que,</span> <span class='ocrx_word' id='word_1_330' title='bbox 351 2357 524 2401; x_wconf 89' lang='lat' dir='ltr'>quoniam</span> <span class='ocrx_word' id='word_1_331' title='bbox 544 2358 648 2391; x_wconf 88' lang='lat' dir='ltr'>Deus</span> <span class='ocrx_word' id='word_1_332' title='bbox 666 2368 857 2401; x_wconf 89' lang='lat' dir='ltr'>nunquam</span> <span class='ocrx_word' id='word_1_333' title='bbox 875 2356 1079 2390; x_wconf 89' lang='lat' dir='ltr'>dominium</span> <span class='ocrx_word' id='word_1_334' title='bbox 1099 2368 1206 2391; x_wconf 89' lang='lat' dir='ltr'>suurn</span> <span class='ocrx_word' id='word_1_335' title='bbox 1223 2362 1285 2390; x_wconf 90' lang='lat' dir='ltr'>aut</span> <span class='ocrx_word' id='word_1_336' title='bbox 1304 2356 1578 2401; x_wconf 86' lang='lat' dir='ltr'>possessionem</span> 
     </span>
     <span class='ocr_line' id='line_1_41' title="bbox 255 2414 1299 2457; baseline -0.001 -9"><span class='ocrx_word' id='word_1_337' title='bbox 255 2426 359 2449; x_wconf 84' lang='lat' dir='ltr'>suam</span> <span class='ocrx_word' id='word_1_338' title='bbox 376 2415 560 2457; x_wconf 86' lang='lat' dir='ltr'>transfert,</span> <span class='ocrx_word' id='word_1_339' title='bbox 581 2421 634 2449; x_wconf 91' lang='lat' dir='ltr'>set</span> <span class='ocrx_word' id='word_1_340' title='bbox 650 2415 768 2448; x_wconf 90' lang='lat' dir='ltr'>solum</span> <span class='ocrx_word' id='word_1_341' title='bbox 787 2414 1036 2448; x_wconf 87' lang='lat' dir='ltr'>communicat</span> <span class='ocrx_word' id='word_1_342' title='bbox 1056 2414 1092 2447; x_wconf 90' lang='lat' dir='ltr'>in</span> <span class='ocrx_word' id='word_1_343' title='bbox 1111 2414 1299 2448; x_wconf 89' lang='lat' dir='ltr'>donando.</span> 
     </span>
    </p>

    <p class='ocr_par' dir='ltr' id='par_1_12' title="bbox 255 2471 1577 2631">
     <span class='ocr_line' id='line_1_42' title="bbox 304 2471 1577 2516; baseline 0.001 -11"><span class='ocrx_word' id='word_1_344' title='bbox 304 2473 529 2507; x_wconf 84' lang='lat' dir='ltr'>RICARDUS.</span> <span class='ocrx_word' id='word_1_345' title='bbox 555 2472 745 2506; x_wconf 87' lang='lat' dir='ltr'>Veraciter</span> <span class='ocrx_word' id='word_1_346' title='bbox 762 2483 888 2506; x_wconf 88' lang='lat' dir='ltr'>verum</span> <span class='ocrx_word' id='word_1_347' title='bbox 913 2472 1049 2514; x_wconf 84' lang='lat' dir='ltr'>infers;</span> <span class='ocrx_word' id='word_1_348' title='bbox 1075 2478 1111 2506; x_wconf 91' lang='lat' dir='ltr'>et</span> <span class='ocrx_word' id='word_1_349' title='bbox 1137 2478 1187 2514; x_wconf 86' lang='lat' dir='ltr'>ut,</span> <span class='ocrx_word' id='word_1_350' title='bbox 1214 2471 1314 2506; x_wconf 86' lang='lat' dir='ltr'>iuxta</span> <span class='ocrx_word' id='word_1_351' title='bbox 1339 2471 1518 2516; x_wconf 87' lang='lat' dir='ltr'>premissa</span> <span class='ocrx_word' id='word_1_352' title='bbox 1541 2472 1577 2506; x_wconf 91' lang='lat' dir='ltr'>in</span> 
     </span>
     <span class='ocr_line' id='line_1_43' title="bbox 255 2528 1577 2574; baseline 0.001 -11"><span class='ocrx_word' id='word_1_353' title='bbox 255 2529 374 2574; x_wconf 90' lang='lat' dir='ltr'>primo</span> <span class='ocrx_word' id='word_1_354' title='bbox 393 2529 510 2572; x_wconf 91' lang='lat' dir='ltr'>huius,</span> <span class='ocrx_word' id='word_1_355' title='bbox 525 2530 674 2574; x_wconf 88' lang='lat' dir='ltr'>quando</span> <span class='ocrx_word' id='word_1_356' title='bbox 693 2529 937 2564; x_wconf 89' lang='lat' dir='ltr'>donacionem</span> <span class='ocrx_word' id='word_1_357' title='bbox 952 2529 1023 2563; x_wconf 92' lang='lat' dir='ltr'>Dei</span> <span class='ocrx_word' id='word_1_358' title='bbox 1042 2528 1223 2564; x_wconf 85' lang='lat' dir='ltr'>veriorem</span> <span class='ocrx_word' id='word_1_359' title='bbox 1240 2534 1276 2563; x_wconf 87' lang='lat' dir='ltr'>et</span> <span class='ocrx_word' id='word_1_360' title='bbox 1294 2529 1413 2573; x_wconf 88' lang='lat' dir='ltr'>magis</span> <span class='ocrx_word' id='word_1_361' title='bbox 1432 2530 1577 2573; x_wconf 91' lang='lat' dir='ltr'>proprie</span> 
     </span>
     <span class='ocr_line' id='line_1_44' title="bbox 255 2586 1576 2631; baseline -0.001 -10"><span class='ocrx_word' id='word_1_362' title='bbox 255 2587 393 2621; x_wconf 87' lang='lat' dir='ltr'>dictam</span> <span class='ocrx_word' id='word_1_363' title='bbox 422 2593 457 2622; x_wconf 91' lang='lat' dir='ltr'>et</span> <span class='ocrx_word' id='word_1_364' title='bbox 490 2587 733 2621; x_wconf 88' lang='lat' dir='ltr'>liberaliorem</span> <span class='ocrx_word' id='word_1_365' title='bbox 763 2593 873 2631; x_wconf 89' lang='lat' dir='ltr'>atque</span> <span class='ocrx_word' id='word_1_366' title='bbox 906 2586 1087 2621; x_wconf 87' lang='lat' dir='ltr'>utiliorem</span> <span class='ocrx_word' id='word_1_367' title='bbox 1117 2597 1335 2631; x_wconf 88' lang='lat' dir='ltr'>quacunque</span> <span class='ocrx_word' id='word_1_368' title='bbox 1370 2586 1576 2621; x_wconf 89' lang='lat' dir='ltr'>donacione</span> 
     </span>
    </p>

    <p class='ocr_par' dir='ltr' id='par_1_13' title="bbox 200 2644 1574 2747">
     <span class='ocr_line' id='line_1_45' title="bbox 200 2644 1574 2688; baseline 0.001 -11"><span class='ocrx_word' id='word_1_369' title='bbox 200 2654 242 2684; x_wconf 89' lang='lat'>40</span> <span class='ocrx_word' id='word_1_370' title='bbox 255 2651 419 2679; x_wconf 82' lang='lat' dir='ltr'>creature</span> <span class='ocrx_word' id='word_1_371' title='bbox 453 2656 536 2679; x_wconf 89' lang='lat' dir='ltr'>esse</span> <span class='ocrx_word' id='word_1_372' title='bbox 569 2644 763 2687; x_wconf 87' lang='lat' dir='ltr'>suasimus,</span> <span class='ocrx_word' id='word_1_373' title='bbox 790 2644 905 2678; x_wconf 88' lang='lat' dir='ltr'>lacius</span> <span class='ocrx_word' id='word_1_374' title='bbox 933 2644 979 2679; x_wconf 93' lang='lat' dir='ltr'>de</span> <span class='ocrx_word' id='word_1_375' title='bbox 1014 2644 1085 2678; x_wconf 92' lang='lat' dir='ltr'>hoc</span> <span class='ocrx_word' id='word_1_376' title='bbox 1118 2650 1256 2688; x_wconf 89' lang='lat' dir='ltr'>puncto</span> <span class='ocrx_word' id='word_1_377' title='bbox 1288 2650 1499 2688; x_wconf 87' lang='lat' dir='ltr'>tractemus,</span> <span class='ocrx_word' id='word_1_378' title='bbox 1534 2650 1574 2679; x_wconf 91' lang='lat' dir='ltr'>tu</span> 
     </span>
     <span class='ocr_line' id='line_1_46' title="bbox 254 2701 1156 2747; baseline -0.001 -11"><span class='ocrx_word' id='word_1_379' title='bbox 254 2702 416 2746; x_wconf 86' lang='lat' dir='ltr'>exprime</span> <span class='ocrx_word' id='word_1_380' title='bbox 435 2702 523 2747; x_wconf 91' lang='lat' dir='ltr'>quid</span> <span class='ocrx_word' id='word_1_381' title='bbox 541 2702 606 2736; x_wconf 92' lang='lat' dir='ltr'>tibi</span> <span class='ocrx_word' id='word_1_382' title='bbox 625 2702 767 2736; x_wconf 90' lang='lat' dir='ltr'>videtur</span> <span class='ocrx_word' id='word_1_383' title='bbox 785 2713 866 2736; x_wconf 85' lang='lat' dir='ltr'>esse</span> <span class='ocrx_word' id='word_1_384' title='bbox 883 2713 970 2736; x_wconf 86' lang='lat' dir='ltr'>vera</span> <span class='ocrx_word' id='word_1_385' title='bbox 989 2701 1156 2736; x_wconf 89' lang='lat' dir='ltr'>donacio.</span> 
     </span>
    </p>

    <p class='ocr_par' dir='ltr' id='par_1_14' title="bbox 306 2758 1573 2804">
     <span class='ocr_line' id='line_1_47' title="bbox 306 2758 1573 2804; baseline 0 -10"><span class='ocrx_word' id='word_1_386' title='bbox 306 2760 394 2794; x_wconf 84' lang='lat' dir='ltr'>IOH.</span> <span class='ocrx_word' id='word_1_387' title='bbox 421 2760 590 2794; x_wconf 89' lang='lat' dir='ltr'>Solemus</span> <span class='ocrx_word' id='word_1_388' title='bbox 605 2759 653 2794; x_wconf 81' lang='lat' dir='ltr'>ita</span> <span class='ocrx_word' id='word_1_389' title='bbox 668 2759 885 2802; x_wconf 89' lang='lat' dir='ltr'>describere,</span> <span class='ocrx_word' id='word_1_390' title='bbox 899 2758 998 2804; x_wconf 89' lang='lat' dir='ltr'>quod</span> <span class='ocrx_word' id='word_1_391' title='bbox 1017 2760 1105 2793; x_wconf 89' lang='lat' dir='ltr'>dare</span> <span class='ocrx_word' id='word_1_392' title='bbox 1118 2764 1174 2793; x_wconf 89' lang='lat' dir='ltr'>est</span> <span class='ocrx_word' id='word_1_393' title='bbox 1192 2770 1315 2793; x_wconf 87' lang='lat' dir='ltr'>meum</span> <span class='ocrx_word' id='word_1_394' title='bbox 1328 2766 1430 2793; x_wconf 90' lang='lat' dir='ltr'>tuum</span> <span class='ocrx_word' id='word_1_395' title='bbox 1443 2759 1573 2794; x_wconf 81' lang='lat' dir='ltr'>facere.</span> 
     </span>
    </p>

    <p class='ocr_par' dir='ltr' id='par_1_15' title="bbox 303 2816 1571 2862">
     <span class='ocr_line' id='line_1_48' title="bbox 303 2816 1571 2862; baseline 0.002 -12"><span class='ocrx_word' id='word_1_396' title='bbox 303 2818 389 2851; x_wconf 84' lang='lat' dir='ltr'><strong>RIC.</strong></span> <span class='ocrx_word' id='word_1_397' title='bbox 428 2819 511 2852; x_wconf 90' lang='lat' dir='ltr'>Hoc</span> <span class='ocrx_word' id='word_1_398' title='bbox 546 2817 770 2862; x_wconf 88' lang='lat' dir='ltr'>descriptum</span> <span class='ocrx_word' id='word_1_399' title='bbox 803 2816 961 2851; x_wconf 85' lang='lat' dir='ltr'>maxime</span> <span class='ocrx_word' id='word_1_400' title='bbox 999 2817 1166 2861; x_wconf 82' lang='lat' dir='ltr'>congruit</span> <span class='ocrx_word' id='word_1_401' title='bbox 1202 2816 1397 2852; x_wconf 89' lang='lat' dir='ltr'>donacioni</span> <span class='ocrx_word' id='word_1_402' title='bbox 1437 2817 1571 2862; x_wconf 89' lang='lat' dir='ltr'>divine,</span> 
     </span>
    </p>
   </div>
   <div class='ocr_carea' id='block_1_11' title="bbox 886 2885 964 2916">
    <p class='ocr_par' dir='ltr' id='par_1_16' title="bbox 886 2885 964 2916">
     <span class='ocr_line' id='line_1_49' title="bbox 886 2885 964 2916; baseline 0.013 -1"><span class='ocrx_word' id='word_1_403' title='bbox 886 2885 964 2916; x_wconf 72' lang='lat' dir='ltr'>Ee</span> 
     </span>
    </p>
   </div>
   <div class='ocr_carea' id='block_1_12' title="bbox 1592 2169 1834 2193">
    <p class='ocr_par' dir='ltr' id='par_1_17' title="bbox 1592 2169 1834 2193">
     <span class='ocr_line' id='line_1_50' title="bbox 1592 2169 1834 2193; baseline 0.004 -8"><span class='ocrx_word' id='word_1_404' title='bbox 1592 2169 1654 2193; x_wconf 80' lang='lat' dir='ltr'>ring</span> <span class='ocrx_word' id='word_1_405' title='bbox 1667 2169 1834 2193; x_wconf 76' lang='lat' dir='ltr'>possession.</span> 
     </span>
    </p>
   </div>
   <div class='ocr_carea' id='block_1_13' title="bbox 1587 2764 1802 2858">
    <p class='ocr_par' dir='ltr' id='par_1_18' title="bbox 1587 2764 1802 2858">
     <span class='ocr_line' id='line_1_51' title="bbox 1590 2764 1802 2796; baseline 0.014 -8"><span class='ocrx_word' id='word_1_406' title='bbox 1590 2765 1596 2776; x_wconf 79' lang='lat'><em>¹</em></span> <span class='ocrx_word' id='word_1_407' title='bbox 1611 2764 1649 2789; x_wconf 78' lang='lat' dir='ltr'>To</span> <span class='ocrx_word' id='word_1_408' title='bbox 1658 2764 1725 2796; x_wconf 70' lang='lat' dir='ltr'>give</span> <span class='ocrx_word' id='word_1_409' title='bbox 1737 2765 1761 2790; x_wconf 82' lang='lat' dir='ltr'>is</span> <span class='ocrx_word' id='word_1_410' title='bbox 1774 2767 1802 2791; x_wconf 80' lang='lat' dir='ltr'>to</span> 
     </span>
     <span class='ocr_line' id='line_1_52' title="bbox 1588 2798 1763 2824; baseline 0.011 -2"><span class='ocrx_word' id='word_1_411' title='bbox 1588 2798 1672 2822; x_wconf 75' lang='lat' dir='ltr'>make</span> <span class='ocrx_word' id='word_1_412' title='bbox 1685 2799 1763 2824; x_wconf 79' lang='lat' dir='ltr'>mine</span> 
     </span>
     <span class='ocr_line' id='line_1_53' title="bbox 1587 2831 1684 2858; baseline 0.021 -2"><span class='ocrx_word' id='word_1_413' title='bbox 1587 2831 1684 2858; x_wconf 54' lang='lat' dir='ltr'>tln‘ness</span> 
     </span>
    </p>
   </div>
  </div>
 </body>
</html>
