2095 3278
51 182 139 211 CAP.
156 167 243 225 111.]
585 176 651 207 DE
685 173 928 207 PAUPERIE
963 171 1276 204 SALVATORIS.
1792 167 1872 213 337

161 285 252 327 150]
267 280 353 315 ralis
371 285 501 315 nature
520 278 772 324 corporalibus
791 276 966 312 creaturis
986 275 1155 320 indiguit,
1174 275 1275 319 quod
1292 285 1336 308 ex
1355 272 1599 318 suprapositis

266 338 313 373 de
336 339 483 373 Genese
507 337 612 371 nobis
636 337 760 378 claret,
778 335 840 369 ubi
866 333 1080 378 exprimitur
1097 333 1197 377 quod
1222 333 1326 366 Deus
1351 331 1451 365 dedit
1470 330 1600 375 primis

264 395 400 431 nostris
426 394 641 440 parentibus
668 404 811 427 omnem
828 392 989 434 herbam,
1008 398 1091 433 etc„
1110 395 1154 424 ut
1174 394 1292 424 essent
1314 391 1366 423 eis
1387 389 1428 423 in
1454 400 1571 423 escam
1585 401 1599 421 .-

264 460 301 488 et
330 453 417 498 quia
446 451 611 497 precepit
636 452 718 486 Ade
745 450 791 485 de
821 450 922 484 omni
953 450 1053 493 ligno
1081 447 1259 491 Paradisi,
1287 453 1521 492 preterquam
1549 446 1594 480 de
1612 458 1640 480 2.

231 521 249 552 5
263 511 364 555 ligno
396 510 553 545 sciencie
586 509 673 544 boni
707 515 742 543 et
771 507 871 551 mali,
902 507 1159 549 commedere3
1201 505 1467 540 nutrimentum
1496 503 1595 538 enim

263 568 515 603 necessarium
546 579 621 602 non
647 573 703 602 est
724 565 796 600 nisi
827 571 890 599 aut
917 565 965 599 ad
989 563 1300 599 restauracionem
1324 562 1505 607 deperditi
1532 568 1594 596 aut

263 627 311 660 ad
326 626 542 660 caucionem
560 624 750 670 perdendi,
764 631 800 659 et
818 630 1011 667 utrumque
1030 621 1268 656 infallibiliter
1282 620 1400 665 arguit
1419 619 1594 654 nutritam

262 689 435 718 naturam
453 695 561 728 posse
579 694 645 728 per
662 681 962 726 deperdicionem
980 686 1042 714 aut
1060 691 1126 724 per
1140 678 1465 723 consumpcionem
1485 677 1593 711 finem

261 741 442 786 accipere,
461 741 559 786 quod
577 747 633 775 est
651 739 745 774 mori
764 739 800 773 in
818 745 950 773 natura
963 737 1076 772 vitali.
1130 738 1224 772 Item
1243 736 1467 779 stomachus,
1483 735 1592 769 intes·
1609 741 1638 770 3·

208 812 248 834 10
261 799 349 842 tina,
363 798 497 842 vesica,
510 804 643 842 guttur,
657 804 693 832 et
709 808 839 832 omnes
856 801 961 840 porte
980 794 1139 839 corporis
1153 800 1189 829 et
1201 800 1358 837 meatus,
1371 793 1431 838 qui
1445 799 1595 837 propter

262 856 517 901 recepcionem
529 862 565 891 et
582 855 813 900 egestionem
825 854 1086 888 alimentorum
1104 852 1397 887 necessariorum
1416 851 1464 885 ad
1479 850 1594 884 vitam

260 914 422 958 corporis
448 914 699 958 peragendam
719 918 804 947 sunt
829 924 851 946 a
870 922 1015 946 summo
1034 910 1200 955 sapiente
1218 909 1371 944 Artifice
1396 909 1593 953 preparati,

260 977 429 1015 patenter
453 972 654 1006 ostendunt
680 976 852 1004 naturam
876 968 1038 1003 hominis
1059 969 1252 1002 mortalem
1276 966 1491 1001 naturaliter
1518 966 1594 1000 sive

259 1029 307 1063 ab
326 1029 467 1073 origine
485 1029 659 1064 extitisse.
711 1030 944 1062 Incrementa
962 1027 1110 1071 insuper
1128 1026 1283 1060 filiorum
1303 1037 1367 1070 per
1383 1031 1593 1069 temporum
1608 1031 1639 1062 4.

208 1096 245 1128 15
261 1087 464 1130 intervalla,
498 1098 589 1131 quos
623 1087 794 1131 parvulos
827 1084 930 1120 nasci
973 1084 1134 1129 oportuit
1166 1090 1317 1128 propter
1357 1082 1594 1117 artitudinem

260 1146 417 1179 materni
436 1152 590 1188 meatus,
606 1144 867 1179 mortalitatem
885 1149 1055 1177 natorum
1070 1141 1233 1176 ostendit
1251 1154 1257 1175 :
1285 1152 1375 1185 quos
1392 1140 1509 1175 eciam
1529 1152 1592 1175 sue
1607 1152 1636 1183 5.

260 1209 397 1237 matres
422 1203 545 1237 facere
574 1208 743 1246 poterant
772 1207 858 1235 ante
884 1207 1017 1243 ortum,
1043 1211 1118 1233 non
1145 1199 1312 1241 dubium,
1338 1198 1525 1232 abortivos
1557 1205 1593 1232 et

258 1267 367 1294 natos
386 1259 512 1294 statim
530 1266 701 1304 poterant
719 1259 920 1293 suffocasse
938 1269 1004 1303 per
1021 1268 1157 1302 aquam
1175 1263 1211 1291 et
1230 1255 1507 1300 consumpsisse
1526 1267 1592 1300 per

258 1317 391 1361 ignem,
409 1318 505 1352 ferro
522 1317 640 1351 eciam
659 1315 907 1351 confodiendo
926 1321 988 1349 aut
1007 1327 1029 1349 a
1046 1314 1230 1359 preruptis
1252 1314 1510 1359 precipitando
1529 1320 1591 1348 aut

205 1390 244 1411 20
258 1375 443 1419 lapidibus
465 1374 655 1409 obruendo
681 1380 744 1408 aut
762 1373 800 1407 in
825 1373 916 1408 locis
942 1372 1143 1407 humilibus
1171 1371 1393 1416 deponendo
1419 1377 1481 1405 aut
1507 1371 1590 1405 aliis

258 1432 378 1467 modis
397 1432 599 1467 innumeris
624 1431 792 1466 occidere
818 1431 1036 1476 potuissent.
1088 1430 1200 1465 Unde
1225 1429 1493 1473 ambigendum
1515 1440 1589 1463 non

257 1490 390 1524 estimo
417 1497 589 1524 naturam
617 1489 780 1524 hominis
809 1489 846 1523 in
874 1500 941 1523 sua
967 1488 1108 1532 origine
1135 1487 1248 1522 fuisse
1274 1487 1494 1521 mortalem:
1522 1498 1590 1521 nec

255 1548 373 1592 magis
401 1555 457 1582 est
486 1549 534 1582 ab
565 1548 672 1582 unius
707 1547 840 1582 summi
869 1546 962 1581 Boni
997 1545 1197 1580 cultoribus
1231 1545 1468 1579 hesitandum
1502 1544 1591 1589 quin

256 1617 399 1640 summe
413 1606 533 1639 bonus
548 1616 691 1640 summe
705 1610 836 1649 potens
848 1616 891 1638 ac
904 1615 1047 1638 summe
1059 1603 1208 1647 sapiens
1221 1602 1364 1636 Artifex
1376 1601 1589 1636 huiusmodi

209 1668 241 1696 D
259 1663 446 1698 *creature
474 1663 598 1697 omnia
626 1662 696 1697 sibi
728 1661 955 1696 sufficiencia
982 1661 1031 1695 ad
1058 1660 1311 1706 peragendam
1342 1672 1448 1694 suam
1475 1660 1590 1693 vitam

254 1722 448 1755 mortalem
475 1720 646 1765 providit,
678 1720 785 1754 sicuti
812 1726 848 1754 et
877 1719 1007 1753 ceteris
1037 1719 1239 1762 creaturis;
1281 1730 1364 1752 cum
1394 1724 1590 1762 propterea

38 1783 120 1815 Gen.
139 1785 171 1816 ii.
190 1794 216 1816 1.
254 1785 348 1814 extet
368 1779 519 1822 dictum,
537 1779 703 1823 Penfecti
717 1782 807 1812 sant
824 1777 894 1811 celi
907 1781 944 1810 et
959 1781 1062 1811 terra
1080 1781 1116 1810 et
1137 1777 1258 1810 omnis
1275 1780 1432 1809 ornalzcs
1449 1787 1588 1818 eorum,

254 1838 353 1881 quod
377 1837 530 1881 insuper
547 1837 724 1871 clarescet
749 1835 923 1870 inferius:
951 1842 987 1869 et
1005 1841 1156 1878 propter
1182 1834 1252 1868 hoc
1278 1834 1314 1867 in
1334 1833 1589 1877 descripcione

35 1890 198 1922 adz'buz'ss.
254 1894 405 1928 dominii
424 1894 580 1929 verbum
606 1893 763 1927 mortale
789 1892 952 1936 adhibui,
978 1892 1130 1935 scilicet,
1150 1891 1236 1936 quia
1262 1891 1351 1925 illud
1379 1891 1588 1925 dominium

200 1965 240 1996 30
255 1951 340 1987 solis
360 1952 577 1986 mortalibus
596 1958 696 1986 extat
716 1952 857 1985 datum.

302 2011 392 2044 IOH.
421 2010 508 2044 Non
528 2009 637 2043 video
655 2021 713 2043 me
731 2021 841 2053 posse
859 2007 928 2043 nisi
948 2008 1115 2052 improbe
1134 2007 1206 2042 ista
1222 2018 1371 2051 negare,
1388 2013 1441 2041 set
1458 2006 1587 2040 nichil-

252 2067 398 2102 ominus
424 2067 541 2102 habes
570 2066 622 2110 (ut
649 2066 760 2101 michi
788 2066 945 2110 videtur)
974 2066 1167 2100 ostendere
1193 2065 1381 2110 quomodo
1408 2064 1588 2099 veraciter

253 2131 351 2159 extat
387 2125 527 2159 dictum
562 2124 759 2169 Sapiencie
790 2124 826 2159 ii.
863 2136 878 2156 2
886 2134 917 2168 3,
951 2124 1057 2159 Deus
1089 2123 1234 2157 creavit
1264 2123 1449 2157 bominem
1483 2123 1585 2156 inex-

252 2183 536 2218 terminabilem.

199 2244 238 2275 35
301 2242 389 2276 RIC.
417 2241 607 2285 Scriptura
649 2240 787 2275 ibidem
830 2240 868 2274 id
911 2240 1000 2275 satis
1042 2239 1201 2275 elucidat
1217 2251 1224 2274 :
1269 2238 1433 2283 sequitur
1474 2238 1585 2281 enirn,

33 2303 96 2324 ver·
117 2303 166 2334 24·
252 2299 408 2333 Invidia
426 2300 523 2332 enim
542 2299 691 2342 dyaboli
706 2310 806 2332 mors
823 2299 988 2332 intravit
1004 2299 1044 2332 in
1071 2298 1190 2331 orbem
1208 2301 1399 2330 terrarum
1406 2308 1426 2337 ;
1451 2296 1584 2340 quibus

33 2358 103 2389 cap.
120 2349 140 2381 i·
158 2358 206 2388 13,
254 2356 360 2390 dictis
380 2356 416 2390 in
436 2356 594 2400 capitulo
620 2356 737 2401 primo
756 2356 988 2401 premittitur,
1007 2356 1111 2389 Deus
1136 2359 1291 2389 mortem
1310 2365 1383 2387 non
1397 2354 1502 2398 fecit,
1522 2365 1587 2388 nec

37 2400 85 2431 14‘
251 2415 393 2447 lelatur
408 2415 450 2447 in
462 2415 677 2458 perdicione
696 2416 873 2448 vivorum
892 2426 905 2447 .·
930 2415 1073 2447 creavit
1088 2414 1186 2446 enim
1205 2416 1248 2446 ut
1264 2416 1382 2446 essent
1398 2413 1535 2454 omnia,
1550 2416 1587 2445 et

250 2472 434 2505 sanabiles
442 2472 537 2515 ficit
554 2473 724 2505 naciones
742 2472 839 2505 orbis
856 2476 1045 2505 terrarum
1052 2484 1072 2512 ;
1097 2476 1133 2505 et
1151 2481 1218 2515 pro
1233 2481 1345 2504 causa
1364 2469 1413 2503 ibi
1433 2469 1583 2504 subiun-

33 2542 97 2563 ver.
115 2541 164 2572 15.
250 2529 357 2573 gitur,
377 2531 535 2563 Iusticia
553 2531 650 2563 enim
669 2532 855 2574 perpetua
871 2534 925 2563 est
940 2534 975 2563 et
991 2529 1227 2571 immortalis,
1246 2528 1441 2561 iniuslicia
1459 2530 1584 2561 autem

249 2588 382 2621 mortis
406 2591 461 2620 est
484 2588 695 2631 acquisicio.
755 2589 813 2621 Ex
839 2586 970 2631 quibus
996 2598 1071 2620 non
1099 2586 1218 2620 solum
1244 2585 1352 2619 nobis
1379 2585 1584 2619 ostenditur

250 2644 407 2689 qualiter
421 2646 524 2679 Deus
540 2645 626 2679 fecit
640 2645 831 2680 hominem
843 2643 1209 2686 inexterminabilem,
1227 2643 1376 2686 scilicet,
1392 2649 1582 2688 potentem

252 2703 330 2737 sine
347 2703 657 2738 exterminacione
675 2703 752 2738 sive
770 2710 887 2738 morte
902 2703 939 2737 in
957 2710 1124 2737 eternum
1142 2700 1298 2744 vixisse3
1326 2713 1369 2735 eo
1384 2702 1482 2745 quod
1502 2701 1582 2745 ipse

252 2760 355 2795 Deus
372 2767 528 2798 mortem
547 2772 620 2796 non
640 2761 740 2805 fecit,
761 2767 814 2796 set
831 2760 917 2795 fecit
936 2760 972 2794 in
992 2760 1110 2805 primo
1128 2759 1279 2794 homine
1298 2758 1493 2801 iusticiam,
1509 2769 1581 2802 qua

894 2834 919 2864 Z
