2008 3305
156 216 208 259 28
822 225 885 256 DE
918 222 1135 256 DOMINIO
1167 223 1342 256 Drero
1589 208 1694 269 [CAP.
1718 223 1775 252 iv.

158 339 390 406 {fflle'fssffnissggvgffi
403 340 434 366 0s
500 339 680 378 Secunda
700 340 912 389 responsi0‚
934 352 1052 389 quam
1073 340 1164 377 alias
1184 340 1391 389 plurimum
1414 338 1627 387 explanavi,
1649 344 1720 374 stat
1740 337 1776 372 in
1794 338 1866 380 [9B

158 407 419 474 issrjriffnlzfflffiffssso
443 412 530 457 isto,
547 410 653 460 quod
670 411 766 448 sicut
781 410 888 448 Deus
904 418 1079 447 naturam
1099 416 1328 459 peccantem
1344 416 1446 446 amat
1462 408 1592 457 quoad
1612 408 1779 457 primum

442 494 526 520 esse
560 488 707 528 nature,
741 487 777 518 et
812 481 893 519 odit
923 480 1053 530 quoad
1083 480 1295 518 secundum
1325 491 1421 526 esse,
1454 479 1511 516 vel
1545 478 1708 516 deficere
1743 484 1779 515 et

441 564 521 589 non
548 552 711 589 univoce
733 563 817 588 esse
840 551 907 588 sed
928 551 1064 600 pocius
1095 552 1238 596 deesse,
1261 550 1427 588 maxime
1450 550 1593 586 distans
1615 561 1636 586 a
1656 548 1780 597 prima

439 624 625 668 essencia,
648 622 709 659 cui
730 634 813 659 esse
834 627 891 659 est
916 622 1112 671 proprium
1127 634 1135 667 3
1176 621 1244 659 sed
1274 621 1462 670 approbat
1491 621 1618 669 ipsum
1648 619 1776 668 quoad
1793 625 1810 657 5

157 702 413 763 erlfflltgsistesssgchgrrz-
443 692 658 731 secundum
691 692 772 729 eius
805 705 901 738 esse,
933 692 1038 741 quod
1073 699 1129 729 est
1162 691 1455 729 occasionaliter
1486 691 1694 740 proficere:
1743 698 1780 726 et

157 771 264 803 onlyas
278 771 299 796 it
311 771 418 803 profits-
443 764 532 814 quia
560 763 609 800 ad
636 763 774 800 servire
801 762 888 800 Deo
916 763 1117 812 requiritur
1137 763 1286 800 creacio
1316 762 1412 799 servi
1436 768 1472 799 et
1493 760 1780 809 complacencia

442 847 525 872 esse
546 834 669 883 primi,
684 833 773 871 ideo
790 834 936 870 nullum
950 840 1155 882 peccatum
1173 833 1316 871 dictum
1332 832 1540 870 formaliter
1554 832 1665 868 servit
1681 830 1779 868 Deo.

159 907 196 935 iii.
219 908 400 935 Anotherar-
498 905 641 943 Tereia
674 905 877 954 responsio
912 904 1042 954 quoad
1076 904 1242 953 primam
1282 911 1432 953 partem
1471 903 1652 940 convenit
1691 914 1780 939 cum

179 949 275 968 ument
290 942 380 969 which

157 951 425 1036 ῗξὲῗίζὲξξοῗῇοῗᾞη
444 976 634 1014 secunda:
688 976 766 1022 sed,
809 983 850 1013 ut
895 988 1011 1013 omne
1056 975 1270 1012 dominium
1317 975 1519 1012 reducatur
1564 973 1614 1010 ad
1658 985 1779 1009 unum
1796 988 1835 1009 10

159 1043 385 1103 §sgigsscun‘lum
443 1046 686 1096 principium,
716 1046 807 1083 dicit
840 1045 946 1095 quod
980 1052 1196 1095 peccatum,
1229 1057 1308 1083 non
1343 1045 1556 1082 secundum
1586 1045 1667 1081 eius
1697 1055 1780 1080 esse

443 1118 622 1167 primurn,
650 1117 718 1154 sed
748 1116 960 1154 secundum
990 1128 1073 1154 esse
1104 1116 1183 1153 eius
1213 1116 1424 1153 secundum
1456 1115 1568 1153 servit
1597 1114 1704 1161 Deo;
1745 1120 1782 1151 et

444 1188 537 1225 illud
576 1200 660 1225 esse
699 1187 807 1225 Deus
847 1188 1037 1236 approbat
1075 1187 1373 1224 misericorditer
1415 1199 1459 1224 ac
1498 1186 1782 1234 omnipotenter

444 1266 560 1304 creat,
581 1265 618 1296 et
644 1271 711 1309 per
732 1270 975 1308 consequens
1003 1259 1230 1295 auctorisat:
1256 1257 1273 1276 *
1296 1265 1333 1295 θῖ
1353 1257 1484 1295 omnia
1504 1257 1543 1293 in
1564 1256 1780 1306 oppositum
1797 1273 1823 1302 0

161 1345 227 1372 isto
240 1345 274 1371 be
288 1345 409 1384 rejected
444 1331 647 1380 alleganda
677 1330 941 1379 intelliguntur
970 1329 1017 1366 de
1049 1341 1132 1367 esse
1161 1329 1285 1378 primo
1314 1329 1471 1378 peccati.
1531 1327 1608 1365 Sed
1631 1328 1702 1364 ista
1726 1340 1779 1364 re-
1798 1340 1835 1371 15

161 1380 391 1439 Ῑιῖιῖξῖῑῗιῗῖὗῖιῇἓ
446 1402 604 1452 sponsio
638 1401 796 1438 minime
828 1401 953 1450 placet
987 1400 1091 1446 mihi,
1120 1401 1209 1449 quia
1242 1412 1323 1438 non
1355 1400 1445 1437 dicit
1474 1399 1647 1436 absolute
1678 1398 1783 1448 quod

161 1447 433 1508 iffiiiit‘isiffffs‘ffflble
445 1479 648 1523 peccatum
686 1478 743 1510 est
782 1478 957 1510 creatura
992 1471 1049 1509 vel
1089 1471 1200 1508 servit
1234 1470 1332 1516 Deo,
1367 1470 1474 1520 quo'd
1512 1478 1642 1507 tamen
1679 1469 1782 1519 prin-

443 1544 615 1593 cipaliter
645 1549 701 1581 est
730 1542 936 1592 quesitum.
995 1542 1113 1588 Quod
1142 1543 1173 1579 si
1204 1542 1316 1588 dicat,
1341 1548 1490 1591 oportet
1521 1541 1647 1578 dicere
1677 1539 1783 1590 quod

444 1615 552 1653 Deus
579 1614 785 1652 auctorisat
814 1620 1016 1663 peccatum
1047 1613 1261 1651 secundum
1291 1613 1371 1650 eius
1401 1624 1485 1650 esse
1515 1612 1680 1661 primum
1695 1624 1706 1658 3
1746 1618 1783 1648 et

443 1699 510 1736 per
542 1697 799 1734 consequens,
834 1696 925 1722 cum
964 1691 1168 1734 peccatum
1208 1684 1262 1721 sic
1302 1684 1446 1721 dictum
1486 1684 1532 1721 sit
1569 1689 1782 1721 creaturam
1799 1693 1838 1715 20

444 1769 604 1807 peccare
643 1763 680 1793 et
718 1755 772 1793 sic
806 1755 947 1793 viciose
986 1768 1031 1792 ac
1070 1755 1207 1792 iniuste
1245 1767 1371 1804 agere,
1408 1754 1515 1792 Deus
1554 1755 1784 1803 approbaret

446 1827 551 1878 quod
571 1833 743 1865 creatura
763 1826 817 1864 sic
838 1838 877 1863 se
898 1825 1065 1872 haberet,
1089 1826 1195 1875 quod
1217 1833 1273 1863 est
1294 1825 1552 1875 impossibile;
1584 1836 1673 1862 cum
1694 1832 1784 1861 tunc

447 1911 527 1936 non
560 1904 637 1935 tam
672 1897 859 1934 instanter
892 1897 1104 1946 preciperet
1138 1903 1175 1933 et
1211 1896 1373 1934 doceret
1400 1895 1636 1945 oppositum,
1672 1895 1785 1944 puni÷

446 1969 546 2007 endo
577 1967 781 2005 iustissime
812 1974 1058 2016 peccatores:
1094 1980 1197 2017 ymo,
1224 1973 1315 2004 tunc
1345 1974 1546 2016 peccatum
1575 1972 1675 2003 esset
1703 1977 1783 2002 non

446 2046 663 2088 peccatum,
681 2051 728 2076 eo
745 2038 851 2088 quod
867 2038 1179 2088 qualitercunque
1201 2038 1325 2087 placet
1341 2037 1427 2076 Deo
1449 2044 1505 2075 est
1525 2038 1667 2074 iustum
1688 2049 1781 2074 esse.
1798 2050 1837 2082 25

449 2111 487 2148 Si
508 2123 601 2160 ergo
631 2110 756 2159 placet
783 2109 870 2148 Deo
896 2110 1001 2159 quod
1021 2109 1128 2147 Deus
1157 2109 1295 2147 iniuste
1316 2116 1414 2157 agat,
1439 2115 1530 2146 tunc
1558 2108 1699 2145 iustum
1727 2115 1784 2144 est

446 2181 552 2232 quod
573 2181 710 2218 iniuste
735 2181 835 2230 agit;
869 2193 972 2230 ymo,
995 2180 1109 2218 debet
1136 2180 1189 2217 sic
1211 2192 1321 2228 agere
1342 2179 1499 2217 sciendo
1525 2178 1599 2216 hoc
1626 2190 1709 2215 esse
1737 2178 1784 2215 de

447 2253 640 2291 voluntate
670 2253 791 2301 prime
819 2252 975 2298 iusticie,
999 2263 1074 2300 que
1102 2257 1190 2288 sunt
1218 2250 1468 2300 inpossibilia,
1493 2256 1532 2287 ut
1555 2255 1659 2299 patet
1684 2249 1783 2286 alibi.

447 2324 554 2362 Deus
580 2336 683 2373 ergo,
705 2324 735 2360 si
764 2324 993 2373 approbaret
1020 2329 1221 2372 peccatum
1250 2321 1480 2366 huiusmodi,
1502 2327 1541 2357 ut
1568 2327 1783 2358 creaturam

449 2407 571 2441 suam,
592 2395 826 2443 approbaret
846 2394 927 2431 eius
947 2393 1159 2430 naturalem
1184 2392 1502 2430 informacionem
1524 2391 1580 2428 vel
1608 2391 1781 2428 denomi-
1797 2409 1838 2439 30

169 2474 298 2534 ἰςῐηυεῃὲἒεῖ
310 2473 438 2534 ὶὸἓὲῃξεῖ-
452 2466 677 2503 nacionem:
709 2465 854 2502 videtur
870 2476 962 2513 ergo
983 2464 1075 2500 mihi
1096 2464 1241 2513 primus
1263 2475 1398 2500 sensus
1421 2462 1598 2499 securior.
1655 2461 1783 2506 Unde,

168 2519 302 2574 lgrdship-
452 2537 549 2574 sicut
582 2536 709 2585 aliqua
744 2542 831 2573 sunt
865 2535 1006 2573 directe
1039 2535 1079 2572 in
1113 2547 1251 2582 genere
1282 2541 1319 2571 et
1349 2533 1474 2583 aliqua
1506 2533 1699 2577 indirecte,
1731 2532 1784 2570 sic

451 2607 578 2656 aliqua
603 2616 689 2644 sunt
719 2607 860 2644 directe
891 2607 962 2643 sub
992 2605 1065 2642 Dei
1096 2605 1280 2650 dominio,
1302 2612 1342 2641 ut
1367 2603 1516 2652 singule
1545 2610 1726 2648 creature,
1747 2610 1784 2640 et

450 2678 576 2727 aliqua
597 2677 790 2722 indirecte,
818 2683 857 2714 ut
882 2676 978 2714 vicia
1003 2683 1038 2713 et
1063 2672 1242 2724 peccata,
1279 2688 1359 2712 non
1385 2675 1490 2724 quod
1517 2675 1600 2723 ipsa
1621 2674 1783 2711 serviant

483 2768 522 2791 31.
538 2757 737 2791 primusAC:
753 2757 886 2790 priorB,
930 2766 968 2789 32.
992 2756 1130 2788 etaliqua
1142 2756 1212 2782 AC:
1232 2758 1259 2781 ct
1268 2756 1331 2782 alia
1343 2755 1373 2781 B.
1410 2765 1450 2787 34.
1469 2755 1655 2787 alz'quaAC:
1673 2755 1735 2780 alia
1749 2755 1781 2781 Β.

860 2830 885 2851 1.
912 2821 963 2852 Cf.
982 2821 1020 2852 de
1039 2821 1088 2852 civ
1116 2821 1213 2852 Dom.
1233 2820 1252 2850 i.
1276 2828 1286 2849 1
1309 2830 1340 2861 p.
1361 2821 1390 2850 8.
