2008 3305
47 176 133 204 CAP.
156 163 243 217 XX.]
607 173 671 205 DE
705 173 950 205 PAUPERIE
983 171 1298 205 SALVATORIS.
1786 172 1869 215 309

175 280 250 322 9A]
264 276 414 312 nemine
443 276 638 312 cohibente
671 276 844 322 recipere,
872 276 1047 322 quoniam
1082 274 1425 321 inconsumptibiles
1460 285 1593 320 suppo-

218 339 249 367 B
263 340 407 368 nuntur.
458 335 539 369 Nec
561 334 686 369 utilius
707 341 830 379 potest
848 334 868 355 *
883 335 981 369 solus
1000 334 1195 379 quicquam
1215 333 1400 368 commodi
1419 333 1465 368 de
1482 333 1594 367 rebus

262 391 332 427 illis
351 392 487 427 habere
505 403 613 437 quam
635 392 734 437 quod
750 403 817 437 pro
835 392 1010 426 racionali
1026 393 1215 427 voluntate
1236 392 1398 435 deberet,
1416 390 1595 436 quoniam

263 449 293 484 si
320 449 622 484 irracionabiliter
647 449 844 495 quicquam
871 449 906 483 in
933 449 1003 484 illis
1028 449 1139 484 rebus
1168 455 1349 494 quereret,
1378 448 1497 482 minor
1525 447 1594 482 sibi

229 519 245 550 5
262 507 472 552 proveniret
498 507 649 550 utilitas,
667 519 751 542 cum
776 514 960 552 peccaret.
1012 508 1072 542 De
1089 506 1277 541 communi
1294 506 1406 541 maris
1428 505 1594 540 dominio

262 565 362 600 istud
403 566 529 608 claret,
562 565 737 610 quoniam
778 576 845 609 pro
887 564 1059 599 omnibus
1102 564 1235 599 sufficit
1274 564 1352 600 eius
1387 563 1593 598 commodis

45 625 147 670 utent3
167 628 216 651 M:
261 620 435 655 racionali
478 621 663 655 voluntate
704 619 890 654 utentibus
912 631 919 663 ;
970 630 1040 654 nec
1081 619 1280 665 quicquam
1321 618 1487 654 utilitatis
1530 625 1593 653 aut

45 664 203 696 coz‘orzbus
217 671 247 696 Β·
260 678 439 713 ubertatis
464 677 528 712 uni
559 677 625 712 soli
655 684 890 720 accresceret,
918 677 948 712 si
975 677 1094 712 tocius
1119 677 1243 720 maris,
1270 677 1400 712 ceteris
1427 676 1594 718 mortuis,

261 735 466 771 dominium
499 735 705 780 optineret:
743 735 856 770 nichil
886 735 995 779 igitur
1025 735 1190 770 dominio
1220 734 1440 780 cuiusquam
1474 734 1593 769 detra-

209 805 249 829 10
261 794 368 838 hitur,
389 805 472 828 cum
498 793 547 828 ad
573 793 739 828 eiusdem
765 793 817 828 rei
843 792 1051 827 dominium
1080 793 1202 827 socius
1231 792 1350 838 quivis
1375 791 1594 833 admittitur,

261 855 430 894 respectu
455 848 507 883 rei
534 859 682 893 semper
715 847 789 882 suis
824 847 985 882 dominis
1015 847 1251 882 affluenciam
1281 859 1348 892 pro
1378 846 1594 882 racionabili

261 910 348 939 voto
362 903 571 949 prestantis.
621 904 726 939 Tolle
738 902 979 948 cupiditatem
996 910 1032 938 et
1049 909 1168 937 statue
1182 903 1375 938 caritatem
1387 902 1423 936 in
1441 902 1567 936 animo
1584 914 1593 945 ;

44 961 183 993 alterum
262 966 298 994 et
315 959 458 994 videbis
481 965 606 1004 aperte
630 959 730 1004 quod
755 958 838 993 talis
860 958 1006 993 animus
1029 969 1106 993 non
1130 960 1249 993 solum
1270 970 1346 993 non
1364 957 1594 1003 computabit

44 1016 111 1036 non
128 1015 192 1036 0¹³³·
211 1012 241 1035 Β·
262 1026 329 1060 pro
349 1014 510 1059 dampno
533 1020 588 1049 set
606 1014 785 1049 veraciter
806 1014 989 1058 reputabit
1015 1025 1081 1059 pro
1104 1014 1216 1057 lucro,
1235 1014 1334 1059 quod
1359 1025 1469 1058 super
1485 1014 1595 1048 rebus

38 1080 143 1118 posset
159 1083 198 1107 M.
263 1069 494 1104 affluenciam
531 1080 677 1113 semper
709 1068 958 1113 prestantibus
996 1069 1113 1113 possit
1147 1068 1268 1104 socios
1299 1068 1368 1103 sibi
1401 1068 1594 1103 condomi-

263 1131 413 1159 natores
438 1125 593 1168 efficere,
619 1130 656 1159 et
680 1124 819 1158 habere
844 1135 928 1158 cum
953 1135 998 1158 eo
1024 1135 1113 1158 casu
1143 1124 1392 1167 commodum,
1422 1123 1521 1168 quod
1548 1123 1595 1157 de

46 1197 112 1217 non
125 1186 226 1228 possit
266 1180 336 1215 illis
363 1180 474 1214 rebus
500 1185 627 1224 posset
654 1179 856 1224 percipere,
883 1179 998 1213 minui
1026 1179 1180 1214 omnino
1208 1190 1283 1214 non
1316 1180 1454 1224 posset,
1485 1185 1521 1213 et
1550 1189 1595 1212 ex

47 1238 78 1261 Β·
264 1241 342 1270 tam
369 1234 530 1279 gloriosa
559 1245 624 1269 seu
650 1234 764 1268 nobili
790 1240 973 1279 potestate
1001 1234 1120 1269 socios
1148 1234 1336 1269 statuendi
1363 1245 1408 1268 ac
1441 1245 1486 1268 ex
1518 1239 1596 1268 tam

264 1296 370 1334 grata
395 1289 570 1325 societate
595 1289 665 1324 sibi
690 1289 853 1324 leticiam
880 1290 1092 1324 cumularet.
1143 1290 1224 1324 Nec
1248 1289 1359 1333 igitur
1376 1289 1414 1323 in
1431 1294 1509 1323 toto
1526 1299 1596 1322 nec

46 1343 119 1374 viri
133 1350 183 1374 M:
265 1345 303 1379 in
329 1351 434 1390 parte
459 1351 603 1389 oportet
627 1344 742 1378 minui
768 1355 831 1378 seu
853 1345 1042 1379 transferri
1061 1344 1276 1388 dominium,
1295 1356 1379 1379 cum
1397 1343 1511 1388 aliqui
1528 1343 1597 1378 viri

47 1387 129 1424 iuri,
148 1390 183 1417 ut
204 1386 252 1416 vi-

48 1430 154 1468 detur,
171 1437 201 1460 Β.
266 1400 371 1445 probi
389 1399 438 1434 ad
455 1399 585 1434 talium
603 1410 725 1434 rerum
745 1399 950 1434 dominium
967 1399 1108 1434 socium
1125 1406 1271 1444 gratum
1289 1399 1500 1434 admittunt,

313 1512 545 1545 IOH'ANNES.
572 1510 754 1545 Exultans
771 1510 889 1545 fateor
907 1510 958 1545 ita
975 1521 1066 1545 esse.
1612 1508 1697 1543 XX.

312 1567 543 1600 RICARDUS.
572 1565 639 1599 Isti
672 1576 759 1609 ergo
793 1565 934 1599 domini
978 1565 1217 1600 Guillelmum
1258 1565 1488 1600 constituunt
1533 1565 1878 1599 do-Sincetheninthe

264 1621 405 1655 minum
416 1632 538 1655 rerum
555 1620 710 1662 illarum,
726 1627 788 1654 aut
802 1620 973 1654 faciendo
985 1620 1021 1654 in
1035 1621 1232 1655 Guillelmo
1243 1632 1381 1655 novum
1395 1620 1601 1655 dominium
1610 1602 1866 1663 ξζζῗξξζρξὲῗξᾱῑ.

213 1681 251 1712 25
266 1681 329 1709 aut
353 1674 386 1709 ei
413 1675 722 1709 communicando
757 1674 963 1709 dominium
988 1687 1116 1710 eorum
1149 1675 1353 1720 antiquum,
1389 1676 1468 1710 sine
1494 1675 1600 1709 abdi·
1610 1671 1847 1730 ffirtgsssseossftrssffi'

269 1729 419 1764 cacione
445 1741 510 1764 seu
535 1729 786 1764 translacione
821 1729 960 1774 ipsius3
1000 1730 1175 1775 quoniam
1206 1730 1395 1765 transferri
1422 1730 1496 1764 dici
1525 1742 1600 1765 non
1610 1737 1684 1771 ship,

47 1781 140 1813 ultra
159 1789 196 1813 M.
268 1785 390 1827 debet,
438 1785 537 1829 quod
585 1791 752 1819 remanet
798 1796 956 1829 usquam
999 1785 1137 1820 fixum:
1181 1785 1281 1820 unde
1325 1797 1398 1820 non
1442 1785 1601 1820 dicimus

266 1840 489 1874 racionalem
514 1839 678 1874 animam
704 1839 905 1884 transferri,
925 1852 1020 1884 cum,
1039 1848 1149 1875 aucto
1173 1852 1327 1886 corpore
1348 1840 1520 1884 hominis,
1541 1841 1602 1875 illa

265 1894 406 1929 noviter
431 1894 468 1928 in
494 1900 599 1938 parte
624 1901 800 1938 generata
826 1894 969 1938 existit3
997 1906 1065 1930 nec
1084 1895 1131 1929 ad
1149 1902 1292 1930 motum
1308 1897 1424 1941 partis
1444 1895 1602 1930 dicimus

211 1960 252 1990 30
265 1961 347 1984 eam
375 1949 526 1992 moveri,
555 1960 640 1984 cum
668 1949 705 1983 in
736 1955 814 1984 toto
845 1961 998 1994 corpore
1032 1950 1245 1995 quiescente
1278 1957 1403 1985 manet
1437 1950 1602 1993 immota,

265 2005 350 2039 licet
383 2004 432 2039 ad
466 2011 607 2039 motum
640 2004 758 2039 tocius
795 2005 958 2049 corporis
993 2006 1131 2040 moveri
1165 2006 1283 2050 possit
1316 2017 1383 2051 per
1414 2006 1601 2040 accidens.

267 2061 348 2095 Nec
365 2066 454 2104 puto
474 2059 572 2104 quod
591 2058 744 2093 inficiari
763 2059 902 2094 audeas
921 2060 1009 2105 quin
1028 2061 1087 2096 isti
1107 2061 1258 2104 domini,
1279 2061 1332 2096 sic
1344 2061 1602 2096 constituendo

266 2114 473 2149 dominium
495 2113 532 2148 in
549 2114 757 2158 Guillelmo,
775 2126 834 2149 res
859 2115 1045 2150 subiectas
1072 2115 1123 2150 illi
1148 2115 1315 2150 dominio
1341 2115 1411 2150 sibi
1433 2116 1576 2150 donant
1593 2128 1602 2157 ;

267 2182 351 2205 cum
375 2170 477 2204 nullo
504 2170 577 2204 alio
605 2181 718 2214 quam
742 2169 963 2205 donacionis
986 2171 1064 2205 iure
1088 2182 1154 2205 seu
1172 2171 1279 2205 titulo
1300 2171 1520 2206 Guillelmus
1539 2182 1604 2206 eas

214 2229 253 2261 35
269 2225 447 2270 optineat.
500 2226 557 2259 Ex
584 2225 718 2269 quibus
745 2231 915 2270 patenter
939 2226 1178 2271 consequitur
1208 2227 1309 2271 quod
1336 2227 1508 2261 homines
1536 2237 1605 2261 sua

268 2280 368 2314 bona
401 2286 557 2324 possunt
592 2280 732 2314 donare
773 2279 853 2314 sine
889 2280 1133 2315 abdicacione
1168 2280 1293 2325 aliqua
1336 2280 1391 2315 sui
1433 2280 1602 2315 dominii.

271 2335 397 2379 Igitur,
416 2346 499 2369 cum
528 2336 631 2369 Deus
658 2346 716 2369 res
744 2334 873 2369 mundi
901 2335 1093 2370 inferiores
1118 2336 1170 2382 ita
1193 2335 1364 2379 instituit,
1382 2337 1483 2381 quod
1500 2336 1599 2370 diem
1610 2339 1694 2365 much
1708 2349 1782 2381 more
1797 2348 1848 2364 can

268 2397 304 2424 et
337 2396 496 2433 noctem,
531 2401 678 2434 yemem
705 2396 740 2424 et
766 2397 937 2434 estatem,
973 2398 1219 2435 autumpnum
1248 2399 1285 2426 et
1313 2403 1388 2435 ver,
1419 2398 1523 2425 motu
1557 2373 1824 2440 ac}?„f³ed„3{{g'u‘³td

267 2445 407 2480 lumine
437 2445 537 2488 solis,
567 2446 663 2489 lune,
694 2456 737 2480 ac
768 2445 936 2480 siderum
970 2446 1226 2481 indeficienter
1260 2447 1405 2481 efficere
1439 2448 1524 2481 Noe
1557 2439 1881 2506 acssfgiisffiffitffigdg's

213 2510 256 2541 40
269 2499 353 2534 filiis
389 2500 466 2534 eius
494 2500 715 2545 promiserit,
750 2507 789 2534 ut
823 2500 1000 2534 redivivis
1034 2501 1343 2535 circulacionibus
1379 2496 1703 2546 consumptagiven.

269 2562 462 2599 restauret,
482 2555 628 2590 infirma
652 2557 876 2599 corroboret,
897 2563 935 2590 ut
959 2567 1028 2600 par
1053 2567 1177 2590 rerum
1201 2556 1396 2590 affluencia
1413 2556 1450 2590 in
1466 2557 1602 2591 eodem

271 2611 411 2644 mundo
437 2621 584 2654 semper
606 2610 822 2653 habundet;
862 2611 1015 2645 omnino
1042 2611 1289 2655 consequitur,
1315 2610 1409 2645 sicut
1436 2611 1604 2655 superius

54 2670 197 2701 valuisse
221 2678 260 2701 M.
276 2665 439 2699 constitit
474 2665 645 2699 homines
672 2665 794 2700 facere
829 2665 1005 2710 potuisse,
1036 2666 1090 2700 sic
1125 2668 1247 2700 Deum
1280 2666 1401 2700 facere
1430 2665 1605 2708 voluisse,

278 2719 429 2763 scilicet,
448 2720 547 2764 quod
565 2721 644 2754 sine
663 2721 911 2755 translacione
938 2727 999 2755 aut
1021 2720 1283 2755 imminucione
1302 2721 1357 2754 sui
1376 2720 1529 2755 dominii
1548 2727 1606 2755 res

58 2771 111 2803 deo
129 2780 159 2802 B·
280 2785 365 2810 suas
401 2775 540 2810 donare
569 2775 700 2820 potuit,
733 2782 768 2810 et
804 2775 982 2810 donavit:
1027 2775 1204 2820 quoniam
1237 2775 1331 2810 sicut
1359 2776 1464 2810 Deus
1497 2776 1605 2811 rebus
