2095 3278
219 209 304 252 454
853 209 1056 241 RICARDI
1088 208 1392 240 ARMACHANI
1851 194 1955 253 [Lm.
1978 208 2038 238 1v.

220 334 295 360 since
309 333 329 359 it
342 334 447 371 always
500 323 554 358 vel
582 323 658 365 uni,
685 322 860 367 quoniam
890 329 946 358 est
973 334 1120 368 semper
1148 323 1335 358 exclusiva
1365 321 1611 368 possessionis
1638 320 1755 357 civilis
1785 320 1822 355 in
1837 320 1937 362 [42])

219 367 430 433 Ξξξζξὲξζξᾚι
498 381 578 415 aliis
593 392 601 424 ;
628 381 745 415 eciam
765 380 795 415 si
813 381 934 425 plures
953 392 1032 415 rem
1049 392 1162 415 unam
1180 380 1406 425 possideant,
1422 391 1496 414 non
1516 379 1620 414 sicud
1638 379 1824 424 possessio

220 434 324 461 0³¹2ss-
497 438 675 473 naturalis
702 438 807 472 iustis
833 438 1005 473 omnibus
1029 445 1086 473 est
1110 438 1187 472 iure
1211 437 1431 479 communis,
1450 437 1557 471 sicuti
1581 448 1688 471 suum
1709 448 1732 471 a
1753 448 1826 482 quo

497 496 691 531 descendit
725 495 903 540 originale
937 495 1142 530 dominium
1176 495 1283 530 iustis
1318 495 1491 529 omnibus
1526 501 1583 530 est
1617 506 1824 529 commune.
1837 494 1988 536 dependit
2001 502 2031 525 B.

498 555 624 590 Debes
661 554 750 589 item
783 555 974 589 advertere
1009 555 1118 599 quod,
1146 554 1239 588 sicut
1272 554 1459 599 possessio
1492 554 1668 588 naturalis
1702 565 1725 588 a
1759 563 1858 595 suo5

497 613 666 657 originali
692 612 858 658 dominio
881 619 936 647 est
958 612 1143 654 distincta,
1162 613 1262 647 velut
1288 612 1439 647 effectus
1458 623 1480 645 a
1498 622 1620 654 causa,
1640 611 1691 645 ita
1709 610 1825 645 civilis

499 672 575 706 sive
593 671 749 716 positive
768 671 860 715 legis
878 671 1066 715 possessio
1085 682 1107 705 a
1125 683 1191 705 suo
1209 671 1367 715 positivo
1387 670 1551 704 dominio
1569 676 1625 705 est
1644 669 1801 705 diversa.

548 728 638 761 IOH.
665 727 726 760 Ad
743 733 881 770 quanta
900 737 939 760 se
957 726 1054 760 valet
1073 726 1271 760 extendere
1290 725 1360 760 ista
1377 725 1591 769 possessio?

548 787 634 819 RIC.
663 784 702 819 Si
732 785 778 819 de
812 784 873 819 illa
900 783 995 818 civili
1026 784 1263 829 possessione
1292 794 1363 828 que
1393 794 1584 827 nunquam
1611 788 1667 817 est
1701 780 1826 826 impia,

500 855 612 888 quam
629 842 689 877 hic
708 854 819 886 supra
844 842 1119 887 descripsimus,
1138 842 1227 876 illud
1249 841 1382 886 queris,
1401 840 1468 875 tibi
1494 841 1704 885 respondeo
1729 839 1828 885 quod
1842 846 1950 877 supra,
1967 847 2000 877 Ρ-

499 901 547 936 ad
566 900 691 935 omnia
708 901 756 935 ad
775 912 846 945 que
865 912 904 935 se
922 901 1018 934 valet
1037 900 1234 935 extendere
1252 899 1357 934 civile
1378 910 1400 933 a
1424 910 1496 943 quo
1521 898 1688 943 procedit
1710 897 1829 932 domi·
1842 888 1916 920 453·

501 959 603 993 nium
624 971 630 993 :
659 958 720 992 illa
737 970 824 992 vero
843 958 1031 1002 possessio
1054 969 1165 1002 quam
1187 958 1286 1001 leges
1312 956 1470 1001 positive
1497 956 1643 990 civilem
1661 967 1724 990 seu
1745 967 1830 1000 pos·
1843 960 1890 987 set
1905 964 1936 987 B.

503 1017 707 1051 sessionem
737 1016 825 1050 facti
854 1016 1042 1060 appellant
1077 1016 1192 1049 multo
1226 1022 1282 1049 est
1317 1014 1534 1059 generalior,
1565 1020 1619 1048 set
1654 1013 1831 1057 illegalior

502 1086 601 1119 sepe,
627 1085 737 1119 quam
763 1074 869 1108 civile
896 1072 1124 1115 dominium;
1162 1084 1246 1107 cum
1272 1072 1369 1106 fures
1396 1078 1431 1107 et
1457 1078 1624 1116 raptores
1649 1082 1694 1105 eo
1720 1071 1832 1105 modo

501 1133 606 1177 plura
623 1131 849 1176 possideant,
867 1142 1023 1176 quorum
1042 1142 1115 1165 non
1135 1131 1273 1165 habent
1292 1129 1397 1164 civile
1415 1129 1631 1163 dominium.
1847 1133 1885 1165 15

553 1192 642 1224 IOH.
672 1191 786 1233 Perge
805 1189 966 1223 ulterius.

551 1250 636 1282 RIC.
664 1248 828 1281 Verbum
847 1248 960 1291 plene
987 1246 1118 1280 utendi
1142 1246 1334 1290 posuimus
1363 1245 1602 1289 intelligendo
1631 1256 1696 1289 per
1721 1246 1833 1289 plene

503 1306 715 1340 facultatem
745 1305 869 1349 quoad
897 1315 1026 1338 omnes
1052 1310 1158 1338 actus
1184 1303 1350 1337 dominio
1376 1309 1638 1347 competentes,
1664 1302 1832 1337 usuarios

503 1362 822 1398 accomodatarios
851 1362 1093 1404 excludendo,
1124 1361 1184 1406 qui
1214 1368 1319 1396 actus
1349 1362 1491 1406 aliquos
1517 1367 1572 1395 set
1597 1372 1671 1395 non
1701 1371 1831 1395 omnes

503 1428 661 1467 possunt
679 1419 893 1465 regulariter
910 1431 1089 1455 exercere.
1141 1419 1251 1454 Posui
1275 1426 1400 1454 autem
1421 1419 1661 1464 conformiter
1676 1419 1832 1462 racz'onz',
1849 1423 1889 1446 20

504 1487 543 1515 ut
576 1478 873 1514 irracionabilem
906 1489 1013 1512 usum
1048 1477 1127 1512 sive
1160 1478 1317 1512 abusum
1353 1477 1588 1512 ostenderem
1618 1488 1641 1512 a
1668 1476 1833 1511 dominio

503 1539 604 1573 nullo
622 1549 706 1573 vere
724 1536 933 1582 procedere.

392 1664 493 1697 ΧΙΠ,
555 1659 784 1693 IOHANNES.
811 1657 1033 1701 Suspectum
1060 1655 1182 1690 habeo
1206 1655 1361 1690 verbum
1391 1655 1624 1700 regulariter
1646 1654 1746 1699 quod
1774 1653 1836 1689 hic

506 1727 616 1760 supra
639 1716 818 1760 ponebas,
837 1714 923 1759 quia
940 1726 985 1749 ex
1001 1725 1046 1749 eo
1065 1713 1231 1758 suspicor
1248 1714 1348 1758 quod
1366 1713 1402 1748 in
1421 1724 1510 1748 casu
1528 1718 1650 1758 potest
1667 1711 1835 1747 usuarius

505 1775 655 1819 plenum
673 1784 781 1808 usum
799 1772 947 1807 habere.
1851 1779 1891 1814 25

553 1833 783 1866 RICARDUS.
811 1830 911 1864 Infra
929 1830 1002 1864 cito
1020 1830 1210 1872 clarescet,
1223 1829 1372 1874 quando
1391 1829 1437 1864 de
1456 1829 1532 1863 iure
1549 1827 1676 1863 utendi
1694 1833 1836 1872 agetur,

506 1891 607 1935 quod
624 1891 756 1934 plenus
775 1888 946 1923 usuarius
964 1888 1103 1923 habere
1121 1894 1242 1932 potest
1260 1888 1410 1932 plenum
1428 1898 1546 1922 usum.

228 1951 327 1989 (qs-the
340 1950 444 1989 acts-of
556 1949 645 1983 Ion.
673 1948 733 1981 De
751 1947 896 1981 actibus
915 1946 951 1980 in
970 1947 1079 1981 rebus
1098 1945 1239 1979 homini
1260 1945 1437 1980 subiectis
1455 1944 1583 1979 utendi
1600 1944 1755 1979 ostende
1774 1954 1838 1988 per

227 1986 291 2011 mvn
305 1985 437 2017 lord³h¹p'
507 2006 676 2041 ordinem
705 2005 825 2049 (sicud
855 2003 1022 2049 superius
1049 2003 1191 2038 feceras
1219 2003 1266 2037 de
1295 2003 1439 2038 actibus
1467 2002 1643 2037 subiectis
1669 2001 1838 2046 originali
1851 2017 1959 2048 supra,
1976 2005 2034 2036 lib.

508 2063 702 2107 dominio),
722 2063 822 2108 quod
840 2068 875 2097 et
899 2073 970 2107 quo
989 2061 1102 2096 modo
1120 2067 1333 2106 competunt
1356 2061 1442 2095 huic
1460 2060 1557 2095 civili
1580 2060 1658 2095 sive
1676 2059 1838 2104 positivo
1851 2051 1896 2081 ffi-
1917 2051 2031 2089 18-34·

230 2129 270 2156 Of
280 2129 386 2162 giving.
508 2123 675 2156 dominio
693 2120 885 2166 acquisitO,
904 2126 939 2154 et
966 2119 1134 2164 nunquid
1159 2118 1291 2164 aliquis
1317 2125 1438 2164 potest
1464 2118 1604 2152 donare
1629 2116 1838 2152 communi-

509 2180 630 2215 cando
659 2179 763 2214 alteri
793 2190 900 2213 suum
928 2178 1032 2212 civile
1063 2177 1269 2212 dominium
1284 2188 1292 2220 ;
1329 2188 1414 2211 cum
1443 2176 1543 2211 enim
1569 2176 1689 2210 nullus
1720 2175 1838 2220 possit

509 2238 784 2273 communicare
804 2248 911 2271 suum
929 2236 1108 2280 originale
1126 2235 1332 2270 dominium
1349 2234 1470 2280 (sicud
1488 2246 1599 2279 supra
1617 2233 1654 2267 in
1672 2233 1837 2268 secundo
1852 2246 1957 2278 supra,
1975 2247 2008 2277 p.

510 2296 618 2331 huius
636 2293 888 2341 probaveras),
907 2294 1082 2339 quoniam
1100 2304 1168 2328 nec
1187 2293 1284 2328 iusto
1302 2299 1425 2338 potest
1449 2291 1735 2335 communicare,
1753 2302 1838 2325 cum
1852 2280 1926 2320 36²·

510 2355 666 2399 quisque
692 2354 810 2388 iustus
837 2353 926 2387 illud
953 2352 1168 2397 prehabeat,
1194 2362 1263 2386 nec
1289 2350 1436 2393 iniusto,
1455 2362 1540 2385 curn
1565 2349 1722 2384 iniustus
1749 2348 1839 2383 illud
1854 2358 1894 2389 35

510 2412 529 2432 *
546 2424 678 2457 capere
696 2410 880 2445 iniusticia
898 2416 1019 2445 stante
1044 2421 1120 2444 non
1140 2410 1272 2452 valeat,
1292 2409 1344 2443 sic
1364 2420 1433 2443 nec
1450 2408 1597 2443 videtur
1614 2418 1839 2453 quemquam
1852 2413 1936 2442 43A

509 2482 619 2515 posse
638 2469 913 2504 communicare
933 2479 1039 2503 suum
1058 2467 1165 2502 civile
1183 2467 1400 2501 dominium.

232 2538 294 2564 One
308 2536 437 2575 canlgivgs
451 2537 489 2569 by
523 2524 526 2528 ’
558 2529 646 2562 Rlc.
683 2527 873 2562 Pueriliter
904 2526 975 2561 ista
1002 2526 1154 2570 profers,
1186 2536 1269 2559 cum
1299 2536 1373 2559 non
1404 2524 1523 2558 omnis
1554 2523 1671 2557 iustus
1701 2523 1840 2557 habeat

232 2576 480 2636 ἓῗὲῑᾞῗὲῗὲζᾊᾝ,
510 2586 686 2631 cuiusque
705 2586 757 2620 rei
776 2584 960 2619 donabilis
979 2584 1085 2618 civile
1104 2583 1333 2625 dominium3
1361 2594 1425 2617 cur
1451 2582 1560 2626 igitur
1582 2582 1725 2615 habens
1751 2580 1841 2615 illud

511 2655 585 2678 non
604 2643 755 2678 habenti
775 2642 1050 2677 communicare
1068 2652 1143 2675 non
1162 2641 1291 2685 possit,
1311 2651 1385 2674 non
1403 2640 1504 2674 vales
1522 2638 1727 2673 ostendere.
1854 2648 1898 2680 40

561 2704 651 2736 IOH.
680 2701 740 2735 Sic
758 2712 841 2735 esse
866 2700 1075 2745 perspicio3
1102 2700 1200 2733 unde
1222 2698 1398 2733 confiteor
1423 2698 1521 2742 quod
1547 2708 1612 2741 per
1637 2695 1840 2730 communi-

513 2761 701 2796 cacionem
721 2759 874 2794 dominii
894 2765 1014 2803 potest
1033 2758 1191 2792 donacio
1209 2769 1290 2791 esse
1309 2763 1413 2791 actus
1432 2756 1548 2790 civilis
1567 2755 1733 2790 dominii.

560 2821 647 2853 Rlc.
685 2820 759 2852 Cur
786 2817 905 2852 eciam
940 2829 1003 2861 per
1038 2815 1418 2851 communicacionem
1451 2815 1565 2849 solam
1596 2812 1841 2859 possessionis
