2095 3278
216 181 304 221 410
861 172 1065 211 RICARDI
1098 171 1407 210 ARMACHANI
1858 166 1958 225 [Lm.
1975 180 2043 208 111·
2088 189 2093 197 ⁴

496 286 599 318 utere
623 294 665 318 ea
691 286 736 318 ut
759 282 871 326 libet,·
895 289 931 318 et
954 283 1035 318 Iud.
1054 282 1100 318 iii.
1123 290 1176 328 15,
1201 282 1367 326 Utraque
1392 291 1509 315 manu
1534 279 1736 316 utebantur
1750 283 1825 326 pro
1840 281 1930 322 [320

494 342 673 384 dextera;
696 348 732 376 et
751 341 894 376 Thobie
911 341 970 376 xii.
992 351 1034 385 19
1052 341 1141 376 dixit
1161 341 1330 385 Raphael
1348 340 1514 384 angelus,
1534 341 1617 385 Ego
1635 340 1709 374 cibo
1725 340 1825 374 invi-

494 400 598 434 sibili
611 404 648 433 et
662 402 759 445 potu
776 400 845 444 qui
859 400 905 434 ab
921 400 1132 434 bominibus
1149 410 1222 433 non
1232 401 1355 443 potest
1371 398 1497 432 videri
1512 401 1623 432 utor:
1647 404 1683 433 et
1709 398 1827 432 multa

495 463 581 492 sunt
607 457 740 492 similia
766 457 803 492 in
830 457 1041 502 Scripturis.
1093 459 1248 492 Constat
1270 464 1395 491 autem
1421 456 1521 501 quod
1545 456 1591 490 de
1613 456 1760 499 ancilla,
1780 456 1827 491 de

495 514 679 559 manibus,
693 516 738 550 de
756 515 839 550 cibo
858 515 1032 550 invisibili
1047 515 1249 560 Raphaelis
1267 514 1403 549 utilitas
1422 513 1558 559 percipi
1577 514 1695 559 potuit
1713 513 1825 548 salvis
1840 522 1857 554 5

496 571 578 617 ipsa
608 572 772 618 ipsarum
798 585 919 608 rerum
949 573 1186 608 substanciis.
1235 574 1285 608 At
1321 578 1473 607 econtra
1507 571 1698 617 Scriptura
1723 571 1825 606 testi-

496 629 632 665 moniis
650 637 748 666 extat
771 631 882 675 plena
899 632 998 676 quod
1021 643 1109 666 usus
1134 638 1190 667 est
1216 642 1337 666 rerum
1363 636 1448 665 actu
1474 629 1824 675 consumptibilium.

497 689 612 723 Unde
642 689 709 723 Ex.
738 689 858 724 xxviii.
884 699 941 733 42,
967 699 1023 733 43,
1048 689 1179 724 Facies
1197 688 1404 734 femoralia
1433 688 1534 723 linea
1559 691 1595 722 et
1622 692 1751 722 utetur
1774 688 1827 722 eis

495 747 658 788 Aaron,·
688 752 725 782 et
753 747 834 781 Iud.
861 747 905 781 ix.
933 757 954 791 9
981 749 1115 792 legitur
1140 747 1178 781 in
1208 747 1385 792 parabola
1414 746 1461 781 de
1489 746 1597 790 oliva,
1626 746 1832 791 Numquid

487 806 644 849 possum
677 804 840 839 deserere
871 806 1143 851 pinguedinem
1185 816 1304 848 meanz
1337 816 1413 849 qua
1445 808 1481 839 et
1511 804 1570 838 dii
1599 807 1765 838 utuntur
1794 806 1831 837 et
1844 811 1884 833 10

495 863 662 896 lzomines
675 863 695 897 ?
719 869 756 897 et
782 872 802 896 2
823 864 915 907 Reg.
933 863 1006 897 xiii.
1028 864 1080 906 18,
1103 862 1339 897 Huiusmodi
1360 864 1459 897 enim
1473 862 1561 907 filie
1586 862 1685 907 regis
1712 860 1729 879 '⁴‘
1745 861 1827 895 vir·
1840 865 1873 893 D

490 920 603 965 gines
619 921 783 955 vestibus
803 921 1014 956 utebantur.
1066 923 1173 964 Item,
1194 922 1300 955 Hest.
1321 921 1356 955 ii.
1378 930 1430 964 12,
1448 921 1660 966 Pzgrmentis
1684 923 1720 953 et
1743 930 1828 953 aro-

498 978 661 1013 matibus
693 982 899 1014 uterentur.
950 981 1057 1022 Item,
1092 979 1206 1014 Eccli.
1235 979 1329 1013 xxxi.
1359 988 1412 1022 19,
1443 978 1552 1013 Utere
1580 978 1693 1022 quasi
1722 977 1829 1011 homo

485 1036 609 1082 frugi
620 1036 696 1071 hiis
712 1048 782 1081 que
798 1037 869 1071 tibi
888 1040 1144 1082 apponuntur,
1163 1041 1207 1071 ut
1230 1048 1304 1071 non
1330 1048 1412 1071 cum
1438 1037 1643 1070 manducas
1666 1034 1829 1069 multum

499 1095 582 1128 odio
609 1095 807 1137 habearis:
839 1102 875 1130 et
907 1096 1043 1130 Paulus
1071 1095 1120 1130 ad
1150 1095 1411 1139 Tymotheum,
1439 1094 1531 1128 Vino
1559 1094 1699 1128 modico
1729 1096 1831 1127 utere
1846 1100 1884 1132 15

492 1155 653 1198 propter
673 1153 903 1187 stomachum
930 1157 1050 1197 tuum,
1073 1163 1101 1188 1.
1120 1153 1168 1187 ad
1187 1153 1310 1188 Thim.
1329 1165 1362 1187 v.
1382 1162 1447 1196 233
1474 1159 1510 1187 et
1530 1153 1603 1186 Ios.
1622 1163 1656 1186 v.
1677 1161 1731 1195 12,
1753 1151 1833 1186 Nec
1843 1152 1905 1183 Ios.
1922 1161 1952 1182 v.
1961 1161 1972 1182 .·

499 1212 563 1244 usi
576 1215 668 1245 sunt
683 1211 787 1245 ultra
804 1212 880 1246 cibo
896 1211 974 1246 illo.
1018 1212 1174 1246 Constat
1191 1217 1317 1245 autem
1333 1210 1534 1252 femoralia,
1552 1208 1829 1255 pinguedinem,
1843 1196 1906 1227 Ios.
1924 1194 1943 1225 6
1961 1202 1992 1225 B·

498 1275 631 1313 vestes,
649 1269 821 1315 apposita
846 1270 895 1304 ad
921 1269 1237 1313 manducandum,
1256 1280 1337 1304 esse
1362 1270 1410 1304 de
1434 1269 1544 1304 rebus
1571 1279 1639 1303 usu
1663 1279 1728 1303 seu
1745 1273 1830 1302 actu

499 1328 868 1372 consumptibilibus;
896 1328 995 1363 unde
1012 1328 1158 1363 videtur
1176 1328 1275 1373 quod
1298 1327 1427 1362 talium
1450 1337 1574 1362 rerum
1592 1326 1638 1361 sit
1656 1337 1767 1360 usus:
1794 1331 1831 1360 et

498 1385 571 1420 hoc
611 1385 745 1421 dicitur
781 1386 896 1421 Levit.
927 1394 947 1429 7
982 1386 1052 1421 isto
1094 1386 1217 1430 modo,
1250 1386 1414 1430 Adipern
1455 1384 1662 1427 cadaveris,
1696 1389 1764 1418 etc.
1796 1386 1833 1417 et
1847 1386 1887 1408 20

497 1444 579 1478 eius
595 1443 776 1478 animalis
792 1445 895 1489 quod
907 1456 931 1478 a
948 1444 1072 1478 bestiis
1088 1447 1238 1489 captum
1255 1448 1310 1478 est
1325 1443 1502 1478 habebitis
1519 1443 1560 1476 in
1575 1453 1666 1476 usus
1677 1442 1833 1482 varios;
1845 1438 1940 1487 codd.
1957 1437 2014 1468 lta-

498 1508 535 1538 et
563 1502 643 1537 Iud.
668 1501 738 1537 xiX.
768 1511 810 1547 19
837 1502 980 1546 dicitur,
1006 1502 1195 1537 Habentes
1212 1504 1353 1547 panem
1381 1505 1419 1536 et
1443 1502 1578 1536 vinum
1605 1500 1647 1534 in
1677 1510 1773 1534 meos
1797 1502 1833 1534 et
1844 1481 1934 1513 hebd·

499 1561 634 1595 ancille
650 1564 713 1595 tue
729 1572 831 1595 usus.

220 1624 281 1651 Use
294 1632 390 1650 means
546 1621 776 1654 RICARDUS.
802 1619 967 1654 Verbum
986 1619 1118 1654 utendi
1141 1618 1191 1654 ibi
1215 1616 1367 1663 exposui
1391 1629 1457 1663 per
1474 1616 1754 1653 racionabiliter
1767 1627 1832 1651 seu
1845 1631 1951 1662 supra,
1968 1631 2002 1662 p.

221 1656 486 1724 ᾗῇξέιῑᾷξῗέἓῖἓξὶε
499 1678 648 1712 utiliter
658 1689 737 1712 reni
753 1678 971 1719 tractandi,-
990 1683 1027 1712 et
1045 1677 1217 1721 intelligo,
1232 1677 1310 1712 sive
1328 1676 1365 1710 id
1383 1676 1447 1711 fiat
1465 1676 1511 1710 de
1529 1675 1639 1710 rebus
1657 1674 1830 1710 subiectis
1845 1673 1918 1705 335·

220 1724 316 1758 things
501 1735 667 1770 dominio
692 1741 818 1770 mente
843 1736 935 1779 sola,
962 1736 1021 1770 vel
1046 1741 1170 1770 mente
1196 1741 1232 1770 et
1259 1745 1373 1770 sensu
1398 1744 1576 1778 corporeo
1605 1732 1712 1778 (sicut
1737 1733 1832 1767 infra
1844 1734 1938 1774 infra,
1954 1745 1986 1776 p.

500 1792 681 1838 patebit):
708 1800 744 1829 et
770 1793 933 1838 intelligo
956 1793 1113 1837 utiliter,
1134 1793 1285 1836 scilicet,
1303 1804 1388 1827 vere
1413 1792 1471 1826 vel
1496 1791 1628 1826 saltem
1654 1790 1753 1825 iuxta
1778 1790 1831 1824 in·
1843 1787 1918 1819 413·

501 1851 639 1886 dicium
679 1852 843 1896 practice
884 1851 1069 1895 racionis;
1112 1852 1183 1886 hoc
1218 1851 1300 1885 dico
1341 1855 1494 1895 propter
1527 1860 1655 1884 casum
1688 1849 1726 1883 in
1759 1860 1832 1894 quo

500 1909 776 1945 racionabiliter
799 1909 946 1945 videtur
967 1921 1054 1945 usus
1083 1909 1278 1945 utilitatem
1306 1908 1447 1951 afferre,
1474 1914 1510 1943 et
1538 1906 1706 1942 fortassis
1732 1908 1832 1942 nulla

500 1967 639 2003 utilitas
665 1967 752 2003 inde
777 1967 1015 2013 consequitur
1039 1974 1190 2013 propter
1215 1967 1496 2012 providenciam
1515 1966 1586 2001 Dei
1605 1965 1832 2011 superiorem
1846 1974 1887 2005 30

499 2026 608 2061 nobis
641 2027 838 2069 occultam,
873 2033 936 2061 aut
970 2032 1122 2071 propter
1155 2032 1308 2060 eventus
1346 2024 1515 2059 fortuitos
1549 2023 1610 2069 qui
1645 2029 1833 2068 speratam

501 2083 699 2119 utilitatem
725 2083 943 2129 impediunt,
969 2091 1033 2119 aut
1060 2090 1211 2130 propter
1236 2090 1430 2128 peccatum
1460 2082 1555 2117 illius
1581 2082 1745 2117 futurum
1770 2082 1831 2127 qui

501 2142 625 2186 utitur,
655 2142 716 2188 qui
745 2142 913 2177 fortassis
943 2154 1010 2187 per
1039 2154 1147 2177 suum
1180 2148 1376 2187 peccatum
1409 2141 1557 2176 cohibet
1590 2146 1736 2185 sperate
1768 2146 1833 2175 aut

221 2220 244 2236 2.
261 2210 441 2237 consumable
499 2201 591 2236 alias
617 2201 742 2236 debite
766 2201 934 2236 utilitatis
960 2207 1146 2235 eventum.
1197 2201 1302 2244 Item,
1322 2199 1486 2244 intelligo
1511 2198 1730 2243 generaliter
1755 2198 1832 2233 sive

220 2253 398 2304 ξζξζὲζοη
500 2259 538 2294 id
560 2260 623 2294 fiat
649 2271 688 2295 re
713 2265 871 2294 tractata
897 2259 1001 2294 salva
1027 2258 1105 2293 sive
1130 2257 1250 2303 ipsam
1276 2258 1529 2293 consumendo
1556 2256 1665 2301 (sicut
1691 2256 1741 2291 ibi
1766 2256 1830 2291 tibi
1844 2267 1952 2298 supra,
1969 2268 2001 2298 p.

498 2317 701 2363 expressi);
737 2317 913 2362 quoniam
941 2317 988 2351 de
1017 2316 1183 2361 utrisque
1212 2316 1321 2351 rebus
1352 2315 1543 2360 Scriptura
1571 2314 1734 2350 ostendit
1763 2326 1830 2349 nos
1844 2300 1917 2340 336·

500 2387 608 2410 usum
634 2376 782 2417 habere,
811 2375 904 2409 sicut
930 2386 995 2420 per
1024 2381 1060 2409 te
1087 2374 1318 2419 supraposita
1343 2374 1434 2408 satis
1460 2374 1656 2408 affirmant.
1707 2374 1758 2407 Et
1782 2373 1831 2407 ob

499 2435 571 2469 hoc
588 2434 687 2468 nulla
704 2439 760 2468 est
778 2432 1031 2478 repugnancia
1049 2432 1085 2467 in
1099 2433 1289 2477 Scriptura
1307 2444 1417 2477 super
1433 2432 1504 2466 hiis
1524 2443 1594 2476 que
1608 2437 1647 2466 tu
1665 2430 1832 2476 superius

500 2491 708 2535 adduxisti3
737 2491 906 2536 quamvis
924 2490 1036 2536 aliqui
1063 2497 1259 2536 sequentes
1278 2491 1432 2524 modum
1450 2489 1612 2534 positum
1631 2489 1667 2523 in
1686 2488 1830 2533 legibus

501 2550 675 2585 humanis
688 2562 795 2584 usum
810 2561 885 2584 non
900 2555 1039 2595 ponant
1055 2549 1091 2583 in
1108 2550 1217 2584 rebus
1228 2555 1313 2584 actu
1328 2548 1455 2583 utendi
1469 2547 1828 2593 consumpffibilibus,
1842 2558 1885 2588 40

500 2615 556 2643 set
582 2615 707 2643 actum
733 2608 1032 2652 consumpcionis
1059 2618 1186 2642 earum
1211 2606 1368 2641 abusum
1392 2606 1605 2651 appellant:
1632 2617 1702 2640 nec
1719 2616 1830 2649 super
1841 2612 1916 2639 actu
1934 2616 1964 2638 Β.

501 2666 709 2701 voluntario
734 2677 803 2700 usu
829 2665 1015 2711 loquendi,
1048 2672 1103 2700 set
1129 2677 1236 2710 super
1264 2676 1374 2700 sensu
1400 2664 1596 2699 verborum
1623 2675 1733 2709 quem
1763 2674 1830 2708 per

502 2735 646 2759 sacram
677 2724 908 2769 Scripturam
938 2724 1096 2768 Spiritus
1128 2730 1276 2758 sanctus
1307 2722 1413 2757 nobis
1443 2721 1634 2767 expressit,
1664 2721 1831 2766 congruit

503 2782 610 2817 nobis
636 2782 827 2827 inquirere.
880 2782 917 2817 Si
942 2788 1067 2817 tamen
1094 2782 1141 2816 ad
1168 2793 1288 2816 rerum
1315 2787 1483 2816 naturam
1507 2779 1743 2823 attendimus,
1762 2791 1829 2815 nee
