2095 3278
49 238 136 267 CAP.
159 228 273 281 xr11.]
583 236 648 267 DE
682 235 927 268 PAUPERIE
959 235 1270 267 SALVATORIS.
1782 232 1866 276 455

152 350 252 392 43A]
265 362 339 386 non
365 356 484 396 potest
511 350 627 385 civilis
653 349 824 385 dominus
851 362 917 385 sua
943 350 1031 384 dare
1059 349 1179 393 (sicud
1205 350 1250 384 de
1277 349 1399 383 Adam
1428 349 1464 383 in
1492 354 1588 384 statu
1602 357 1652 384 but
1666 363 1713 384 not
1727 358 1764 396 by
1777 367 1851 397 φωρ,

50 414 156 446 supra,
174 416 230 446 ΡΡ·
266 409 480 444 innocencie
500 420 611 453 supra
628 408 860 443 ostendimus
880 408 916 442 in
941 408 1044 442 istius
1063 408 1176 442 tercio
1194 414 1230 442 et
1249 409 1295 442 de
1312 407 1525 442 hominibus
1551 406 1589 441 in
1601 398 1837 458 Ξῗῐζοᾞζέζξῑζξζοῃ

48 457 112 490 4¹4
129 458 217 490 seqq·
264 466 452 511 presenti),
471 466 589 501 eciam
608 466 678 509 dic,
698 466 727 501 si
747 467 853 501 nosti.

314 525 403 559 IOH.
431 525 526 569 Quia
544 536 619 559 non
637 531 692 559 est
710 524 762 558 rei
780 523 996 569 cuiusquam
1015 523 1182 566 donacio,
1200 523 1269 558 nisi
1289 522 1504 558 donatarius
1526 535 1590 568 per

232 591 249 623 5
264 583 509 617 donacionem
528 583 707 617 efficiatur
724 582 897 616 dominus
916 582 966 616 rei
987 582 1133 616 donate.

48 651 155 684 supra,
171 652 226 684 pp.
312 642 399 675 RIC.
439 642 639 675 Ostensum
673 648 727 675 est
763 652 874 685 supra
904 640 1155 682 contrarium;
1192 639 1378 684 quoniam,
1409 652 1493 674 cum
1526 652 1591 685 per

48 693 199 727 4¹7⁵eq·
264 698 645 733 communicacionem
680 704 742 732 aut
776 697 1065 732 translacionem
1098 697 1347 742 possessionis
1388 698 1499 732 solius
1534 704 1589 732 est

262 756 361 790 facta
390 755 558 799 donacio,
586 765 661 790 non
688 755 887 800 acquiritur
917 755 1112 789 donatario
1142 756 1257 789 ullum
1287 755 1503 798 dominium,
1534 761 1589 789 set

263 812 397 849 sufficit
424 813 491 848 sibi
517 813 694 857 originale
721 813 984 857 prehabitum;
1019 824 1093 846 non
1120 812 1229 856 igitur
1258 813 1509 847 necessarium
1534 819 1589 847 est

211 887 250 909 10
263 871 458 905 donacioni
486 878 524 905 ut
549 870 763 905 donatarius
790 882 855 915 per
879 869 1126 904 donacionem
1153 876 1215 904 aut
1245 870 1280 904 in
1309 871 1484 905 donando
1515 871 1590 905 effi-

264 929 381 963 ciatur
398 928 569 963 dominus
586 928 637 963 rei
657 929 803 963 donate.

314 987 403 1021 IOH.
441 985 503 1021 Sic
537 997 671 1029 cerno3
710 992 745 1021 et
776 985 862 1031 quia
895 985 931 1020 in
968 986 1309 1021 communicacione
1342 986 1591 1031 possessionis

262 1043 379 1078 civilis
399 1044 587 1078 dumtaxat
607 1055 681 1079 non
700 1044 901 1089 acquiritur
918 1044 1022 1079 civile
1042 1044 1247 1078 dominium
1271 1056 1340 1079 nec
1357 1056 1379 1078 a
1397 1045 1593 1079 donatario

261 1102 493 1146 prehabetur,
513 1113 595 1136 curn
620 1108 744 1136 tamen
770 1101 1021 1136 necessarium
1049 1101 1094 1136 sit
1119 1101 1312 1136 donatario
1337 1108 1376 1136 ut
1403 1101 1449 1136 sit
1475 1102 1592 1136 domi-

209 1175 246 1206 15
262 1171 330 1194 nus
356 1159 407 1194 rei
434 1159 580 1203 donate,
600 1159 683 1194 ideo
708 1171 781 1194 non
808 1166 928 1204 potest
954 1160 1024 1201 hic,
1049 1167 1087 1194 ut
1114 1159 1163 1194 ibi
1190 1160 1252 1194 ubi
1279 1159 1483 1194 dominium
1510 1172 1589 1204 pre-

261 1218 429 1260 habetur,
454 1229 519 1262 per
545 1217 831 1251 translacionem
862 1219 979 1251 solam
1005 1224 1067 1252 aut
1095 1217 1474 1252 communicacionem
1503 1229 1590 1262 pos-

262 1275 437 1310 sessionis
456 1276 532 1310 fieri
551 1275 696 1320 proprie
715 1275 815 1309 dicta
832 1275 1002 1310 donacio.

309 1334 396 1368 RIC.
435 1333 592 1367 Provide
622 1333 682 1367 hic
712 1332 848 1377 aptasti
878 1340 981 1367 tuum
1011 1332 1210 1378 ingenium.
1262 1335 1336 1368 Cur
1363 1345 1438 1367 non
1469 1340 1589 1378 potest

262 1391 338 1425 fieri
358 1390 474 1425 civilis
493 1390 650 1425 donacio
669 1402 733 1435 per
751 1391 1037 1425 translacionem
1056 1391 1221 1434 dominii,
1240 1391 1310 1434 dic,
1330 1391 1360 1426 si
1379 1392 1504 1426 habes.

209 1459 248 1481 20
311 1450 400 1483 IOH.
428 1450 515 1483 Non
534 1449 572 1482 id
590 1460 685 1492 nego
704 1455 758 1483 set
775 1455 926 1483 econtra
943 1449 1096 1484 affirmo.

43 1525 148 1556 supra,
168 1526 224 1556 pp,
307 1508 396 1541 RIC.
434 1508 568 1541 Nonne
598 1512 654 1541 est
683 1512 873 1540 ostensum
909 1507 1076 1551 superius
1110 1507 1209 1551 quod
1244 1506 1444 1542 translacio
1473 1506 1589 1541 civilis
1603 1514 1804 1553 'lpansferenqe
1817 1515 1849 1554 pf

44 1567 104 1598 421
127 1568 213 1600 seqq·
261 1564 414 1598 dominii
432 1576 506 1599 non
524 1564 564 1598 fit
583 1575 647 1609 per
663 1571 786 1598 actum
805 1564 970 1608 dominii,
991 1565 1078 1610 quia
1096 1576 1171 1599 non
1189 1565 1358 1609 procedit
1384 1565 1445 1599 illa
1471 1571 1588 1599 trans·
1602 1549 1869 1615 {ffgcltog‘fiffiffisfflp

260 1622 355 1656 lacio
373 1623 420 1656 ab
438 1622 560 1666 aliquo
578 1621 747 1666 originali
774 1633 839 1656 seu
865 1621 961 1656 civili
981 1622 1155 1665 dominio,
1174 1629 1210 1657 et
1228 1622 1276 1657 ob
1302 1623 1373 1657 hoc
1398 1634 1588 1668 nunquam
1601 1616 1760 1675 ἓξέξξίῖξξν

260 1691 326 1724 per
351 1680 607 1722 donacionem,
632 1691 703 1724 que
727 1686 783 1714 est
810 1686 915 1714 actus
943 1680 1105 1723 dominii,
1126 1681 1344 1715 transfertur
1369 1681 1589 1725 dominium,
1736 1669 1742 1681 ¹

42 1744 100 1775 das
117 1754 181 1776 om,
198 1752 230 1777 Β,
260 1738 328 1772 nisi
353 1738 445 1772 forte
471 1749 537 1782 per
562 1737 759 1772 accidens?
808 1739 901 1782 Esto
927 1739 1049 1781 modo,
1070 1750 1153 1773 cum
1171 1745 1210 1773 tu
1229 1739 1296 1773 das
1319 1739 1431 1773 michi
1456 1750 1590 1784 equum
1602 1744 1677 1771 since
1690 1745 1711 1771 it
1724 1746 1849 1784 dep-ends

260 1796 319 1830 vel
345 1796 490 1830 asinum
515 1795 568 1830 sic
594 1795 804 1830 abdicando
824 1806 846 1829 a
869 1803 904 1830 te
930 1795 1036 1831 civile
1058 1796 1272 1840 dominium,
1293 1796 1322 1831 si
1340 1808 1409 1841 ego
1427 1799 1588 1840 voluero,
1602 1788 1658 1838 {³15ss
1661 1780 1808 1840 {¹222}ssssss
1821 1780 1854 1806 of

261 1852 349 1888 illud
375 1859 552 1897 accepto:
581 1860 636 1888 set
661 1853 746 1898 quia
772 1853 843 1887 ista
860 1854 1030 1888 voluntas
1055 1866 1129 1889 non
1155 1861 1211 1889 est
1237 1854 1450 1890 necessaria
1476 1854 1589 1889 michi

260 1911 454 1946 donatario
472 1911 692 1955 admittenti,
712 1911 742 1945 si
761 1912 839 1946 sola
857 1912 1092 1956 possessione
1116 1912 1272 1947 naturali
1293 1924 1376 1947 cum
1395 1912 1590 1958 prehabito

259 1968 427 2014 originali
462 1968 625 2003 dominio
658 1970 808 2004 voluero
841 1970 1060 2013 contentari,
1096 1970 1179 2005 ideo
1215 1971 1245 2005 si
1278 1982 1450 2016 recepero
1484 1971 1590 2005 civile

205 2042 246 2073 30
260 2027 465 2062 dominium
492 2038 513 2061 a
538 2033 574 2061 te
600 2026 824 2069 abdicatum,
845 2039 981 2072 equum
1004 2034 1066 2062 aut
1088 2028 1237 2063 asinum
1263 2029 1375 2064 michi
1403 2029 1588 2071 donando,

259 2091 321 2119 aut
345 2085 618 2129 possessionem
637 2084 793 2127 civilem,
813 2097 895 2119 cum
921 2091 1091 2119 neutrum
1118 2086 1163 2120 sit
1186 2086 1298 2120 michi
1324 2087 1587 2130 necessarium,

260 2154 329 2177 nec
358 2142 425 2177 tibi
455 2142 620 2186 donanti,
648 2148 687 2176 ut
718 2143 875 2177 donator
904 2143 1085 2178 veraciter
1111 2144 1315 2188 affirmetis,
1346 2156 1420 2179 non
1456 2156 1520 2189 per
1550 2157 1589 2180 se

259 2201 478 2235 transfertur
501 2201 537 2235 in
562 2212 620 2235 me
639 2200 744 2235 civile
764 2201 980 2244 dominium,
1001 2208 1056 2236 set
1075 2202 1194 2236 solum
1218 2213 1283 2247 per
1300 2202 1484 2244 accidens,
1503 2203 1590 2247 quia

43 2267 85 2307 ig,
103 2276 168 2297 om.
186 2273 215 2297 B.
260 2258 365 2302 volo;
396 2269 471 2292 non
496 2265 551 2293 est
578 2258 688 2302 igitur
713 2259 912 2293 translacio
939 2259 1093 2293 dominii
1119 2265 1223 2294 actus
1249 2260 1403 2294 dominii
1429 2260 1499 2295 nisi
1525 2272 1591 2305 per

206 2329 245 2360 35
260 2316 444 2351 accidens.
496 2317 577 2351 Nec
598 2317 701 2350 Deus
720 2323 840 2360 potest
859 2317 981 2351 taliter
998 2317 1196 2361 quicquam
1213 2317 1313 2359 dare,
1333 2317 1392 2362 qui
1415 2319 1589 2363 propriis-

261 2373 353 2408 sime
375 2385 420 2407 ac
437 2373 675 2408 veracissime
701 2380 755 2408 est
775 2374 943 2408 donator.
995 2375 1101 2417 Item,
1121 2385 1205 2408 cum
1231 2386 1306 2409 non
1333 2375 1380 2409 sit
1406 2378 1589 2420 completa

260 2430 417 2466 donacio
444 2431 480 2465 in
506 2431 688 2476 premisso
715 2443 803 2466 casu
828 2438 1029 2476 antequam
1056 2431 1102 2466 sit
1129 2432 1344 2467 abdicatum
1371 2433 1587 2478 dominium,

260 2489 434 2534 quoniam
468 2489 628 2523 donacio
657 2489 761 2523 accio
791 2495 846 2523 est
876 2496 912 2523 et
942 2489 1077 2534 passiO,
1106 2491 1204 2525 unde
1238 2502 1312 2525 non
1341 2499 1395 2526 est
1430 2492 1587 2526 donacio

260 2552 459 2590 antequam
477 2558 499 2581 a
517 2546 710 2581 donatario
735 2546 781 2581 sit
799 2546 937 2580 donum
956 2554 1151 2591 acceptum
1168 2560 1176 2591 3
1203 2549 1380 2593 quoniam
1405 2560 1479 2583 uno
1501 2561 1586 2584 con-

204 2622 246 2652 40
260 2605 414 2639 cedente
433 2616 498 2639 seu
516 2605 691 2638 offerente
709 2604 778 2645 vel,
797 2611 976 2648 quantum
1001 2605 1036 2638 in
1062 2616 1106 2639 eo
1123 2612 1189 2647 est,
1208 2618 1274 2650 per
1291 2607 1403 2641 verba
1421 2607 1586 2641 donandi

258 2673 431 2706 expressa
449 2663 623 2705 donante,
642 2661 712 2696 nisi
732 2663 824 2696 alter
841 2661 1012 2696 admittat
1030 2674 1103 2697 non
1122 2670 1177 2698 est
1196 2663 1293 2698 facta
1312 2664 1482 2707 donacio,
1501 2671 1537 2699 et
1556 2665 1585 2700 si

213 2728 244 2756 B
259 2719 473 2758 admi*serit
490 2726 578 2754 tunc
604 2719 723 2763 primo
741 2725 796 2754 est
823 2719 921 2753 facta
939 2720 1106 2763 donacio,
1126 2727 1161 2755 et
1181 2732 1225 2755 eo
1252 2721 1402 2756 instanti
1429 2733 1504 2756 non
1530 2729 1586 2757 est

43 2769 246 2800 *grimm-B·
260 2777 354 2812 illius
378 2777 483 2812 civile
503 2777 707 2811 dominium
735 2777 771 2811 in
798 2777 971 2821 donante,
991 2784 1046 2812 set
1074 2778 1109 2812 in
1136 2779 1330 2813 donatario
1356 2786 1411 2814 est
1438 2779 1468 2814 si
1487 2780 1584 2822 velit,

259 2841 295 2870 et
326 2835 357 2869 si
385 2834 474 2870 nolit
505 2835 593 2869 illud
623 2834 817 2870 admittere
847 2835 892 2870 de
923 2835 1044 2870 medio
1073 2837 1272 2881 evanescit,
1305 2848 1387 2872 curn
1419 2837 1454 2871 in
1485 2838 1585 2872 nulla
