2008 3305
174 214 253 267 158

169 1186 190 1211 it
204 1185 226 1211 is
240 1186 307 1212 both
322 1195 418 1218 specu-

168 1219 253 1245 lative
266 1220 322 1246 and
336 1229 413 1253 prac-

168 1253 242 1279 tical.

167 1906 231 1932 The
245 1915 320 1932 same
334 1914 416 1938 argu-

168 1946 245 1965 ment
260 1940 281 1965 is
295 1945 355 1965 true
369 1940 429 1965 also

167 1974 202 1998 of
213 1973 300 2000 God’s
313 1973 412 1998 intelli-

167 2016 257 2039 gence
270 2007 326 2032 and
341 2006 404 2032 will.

172 2293 195 2308 1.
219 2283 382 2315 Obsectz‘ons
395 2290 403 2309 .·

166 2342 197 2358 a.
218 2333 295 2358 Does
310 2332 396 2358 God's

170 2366 225 2391 will
240 2366 327 2391 admit
340 2367 371 2392 of

169 2399 299 2432 mobility
312 2409 342 2426 or
355 2400 402 2425 the

169 2433 245 2459 like?

168 2568 334 2599 (answered
341 2568 433 2600 above,

163 2605 194 2634 p·
211 2603 278 2634 149)-

852 224 916 255 DE
948 223 1167 258 DoMrNIO
1200 224 1378 257 DIVINo
1524 214 1630 275 [CAP.
1654 228 1777 256 xvm.

450 351 533 376 ram
550 352 559 385 ;
592 338 697 389 quod
716 346 815 377 esset
836 340 948 377 nimis
969 340 1215 389 superfluum,
1231 353 1320 379 cum
1341 341 1511 390 qualibet
1531 341 1595 379 tali
1617 341 1782 379 sciencia
1796 343 1892 386 [53B

451 411 734 448 distinctissime
759 411 963 459 cognoscit
983 423 1099 448 omne
1120 412 1321 460 cognitum
1350 424 1418 461 per
1439 413 1616 450 eandem.
1676 412 1782 449 Sicut

450 494 543 530 ergo
573 481 642 519 iste
661 481 780 518 homo
801 488 856 518 est
882 482 1039 531 species,
1060 494 1194 531 genus,
1216 489 1253 519 et
1273 494 1342 519 ens
1372 482 1603 532 analogum,·
1635 483 1688 520 sic
1719 482 1783 520 illa

450 552 616 589 sciencia
646 563 724 601 qua
744 551 854 589 Deus
881 553 1082 601 cognoscit
1102 564 1171 590 ens
1199 553 1410 601 analogum
1437 554 1638 603 cognoscit
1658 560 1782 591 totum

448 634 572 671 genus
601 623 832 668 substancie‚
863 635 1023 660 omnem
1053 624 1232 672 speciem,
1263 623 1321 660 vel
1355 623 1595 661 individuum
1626 623 1813 674 speciei.5

450 692 535 731 Nec
564 698 621 731 θεῖ
648 693 852 732 distinccio
882 694 979 731 inter
1000 694 1186 731 sciencias
1216 694 1289 731 nisi
1311 695 1476 732 termino
1496 695 1674 741 racionis,
1699 693 1716 713 ’¹‘
1738 698 1822 732 uto

449 764 547 801 sicut
572 765 642 802 iste
671 764 791 802 homo
821 771 878 802 est
907 765 1054 814 species
1083 772 1120 801 θῖ
1149 764 1349 814 quodlibet
1378 777 1491 802 suurn
1520 766 1705 814 superius,
1728 766 1782 803 sic

449 835 522 872 ista
552 835 758 884 specularis
788 835 930 873 noticia
965 836 1061 872 illius
1092 835 1260 872 bominis
1295 842 1352 873 est
1385 836 1605 873 communis
1640 836 1783 873 noticia

448 906 591 954 speciei
624 913 661 944 et
695 907 857 955 generis,
889 906 1063 955 quamvis
1093 906 1270 943 laterales
1302 906 1442 943 noticie
1478 906 1775 955 distinguuntur.

449 975 533 1014 Nec
554 977 785 1026 percipietur
804 977 907 1014 istud
927 977 999 1013 nisi
1020 978 1068 1014 ab
1089 976 1160 1013 illis
1181 977 1247 1026 qui
1267 977 1306 1013 in
1327 977 1471 1014 noticia
1491 976 1538 1014 de
1558 977 1781 1014 universali·
1798 993 1838 1015 10

449 1047 520 1084 bus
555 1047 780 1084 educuntur.
837 1047 917 1085 Ista
951 1047 1078 1096 itaque
1113 1047 1254 1085 noticia
1285 1054 1353 1093 θεῖ,
1388 1053 1429 1084 ut
1464 1047 1610 1084 dictum
1644 1054 1701 1085 est
1735 1047 1784 1085 de

449 1117 632 1163 dominio,
654 1118 878 1155 universalis
899 1118 1052 1155 obiecto
1073 1124 1109 1154 et
1131 1117 1435 1166 singularissima
1463 1130 1531 1167 per
1551 1118 1782 1156 subiectum.

447 1187 619 1225 Ulterius
638 1194 754 1237 patet,
776 1200 865 1226 cum
886 1188 1012 1225 omnis
1032 1188 1159 1237 operis
1191 1188 1239 1225 sit
1260 1187 1388 1225 divina
1409 1188 1577 1225 sciencia
1597 1188 1780 1225 directiva

448 1259 750 1308 terminaturque
782 1259 831 1296 ad
862 1270 961 1308 opus
997 1257 1191 1296 Creatoris
1225 1263 1267 1295 ut
1297 1270 1466 1304 causam,
1497 1258 1604 1308 quod
1629 1258 1674 1296 sit
1702 1264 1783 1296 tam

447 1329 679 1378 speculativa
713 1341 831 1378 quam
870 1329 1041 1378 practica
1074 1328 1194 1366 modo
1229 1341 1312 1366 suo.
1368 1329 1418 1366 Et
1452 1329 1539 1367 dico
1579 1330 1681 1366 modo
1717 1342 1782 1366 suo
1798 1342 1836 1374 15

447 1400 537 1449 quia
575 1399 732 1437 indubie
771 1399 936 1437 multum
982 1399 1166 1448 equivoce
1215 1399 1352 1437 dicitur
1391 1399 1557 1437 sciencia
1602 1406 1783 1449 respectu

447 1471 609 1508 sciencie
636 1477 820 1509 creature.
878 1470 974 1508 Ideo
1001 1470 1199 1520 loquendo
1225 1483 1319 1519 pure
1349 1470 1513 1507 univoce
1538 1469 1586 1507 de
1614 1470 1783 1508 sciencia

448 1541 681 1591 speculativa
711 1542 770 1579 vel
807 1542 980 1591 practica
1014 1539 1072 1593 (ut
1106 1541 1276 1591 loquitur
1307 1540 1574 1590 philosophus,
1608 1541 1782 1579 secundo

449 1612 740 1662 Methaphisice,
759 1610 835 1663 iit),
854 1613 951 1650 foret
973 1613 1139 1650 sciencia
1160 1625 1230 1650 nec
1253 1612 1487 1662 speculativa
1503 1624 1575 1649 nec
1592 1611 1780 1661 practica;

448 1684 515 1722 sed
536 1696 626 1721 cum
647 1684 692 1722 sit
713 1684 874 1721 finaliter
903 1684 1033 1732 gracia
1052 1684 1220 1721 veritatis
1246 1689 1283 1720 et
1305 1689 1462 1733 propter
1481 1694 1581 1732 opus
1606 1682 1656 1720 ad
1677 1681 1782 1732 quod
1797 1697 1838 1720 20

448 1755 711 1805 principaliter
741 1755 977 1800 terminatur,
1014 1754 1185 1803 sequitur
1216 1754 1322 1803 quod
1351 1753 1554 1803 analogice
1584 1752 1783 1802 participet

448 1827 657 1876 utriusque.
726 1825 946 1863 Praeticum
975 1825 1080 1862 enim
1110 1838 1132 1862 a
1152 1826 1313 1873 praxis,
1344 1824 1451 1874 quod
1480 1830 1594 1862 sonat
1622 1830 1782 1872 operam,

449 1909 594 1934 nomen
614 1896 737 1934 trahit.
796 1896 900 1934 Sicut
921 1908 1014 1945 ergo
1036 1896 1083 1933 de
1108 1895 1285 1941 sciencia,
1309 1895 1361 1933 sic
1391 1895 1438 1932 de
1466 1894 1726 1943 intelligencia
1746 1899 1783 1931 et

448 1968 622 2006 volencia
642 1967 716 2005 Dei
737 1980 825 2005 cum
846 1967 917 2004 sibi
939 1967 1126 2004 similibus
1146 1973 1203 2003 est
1224 1966 1445 2004 dicendum,

860 2170 1190 2209 CAPITULUM
1222 2171 1373 2209 XVIII.
1797 2175 1835 2207 25

505 2276 587 2314 PER
611 2275 683 2313 hec
704 2275 805 2313 dicta
829 2276 868 2312 in
892 2288 1032 2325 genere
1053 2281 1158 2325 patet
1184 2275 1361 2313 introitus
1383 2275 1432 2313 ad
1463 2274 1779 2324 respondendum

448 2347 712 2396 particularius
728 2347 965 2396 argumentis
980 2359 1057 2396 que
1074 2346 1246 2383 videntur
1259 2345 1465 2395 infringere
1482 2345 1719 2383 sentenciam
1733 2345 1783 2383 de

449 2418 632 2465 libertate,
665 2418 947 2467 confflngencia,
980 2424 1016 2454 et
1046 2417 1313 2466 dependencia
1341 2416 1543 2454 volicionis
1575 2416 1700 2453 divine
1717 2416 1741 2440 ἅ
1759 2424 1827 2454 aD

449 2489 615 2526 termino
639 2496 747 2526 extra
766 2488 905 2533 Deum,
924 2494 1111 2537 quantum
1133 2487 1182 2525 ad
1202 2487 1465 2532 mobilitatem,
1484 2486 1778 2534 trahibilitatem,

450 2566 518 2596 etc.
576 2559 684 2596 Patet
704 2572 752 2596 ex
774 2559 897 2608 prima
917 2565 1009 2595 nota
1030 2557 1184 2607 capituli
1207 2557 1387 2607 proximo
1416 2556 1655 2606 precedentis
1675 2555 1780 2608 quod
1795 2564 1836 2595 30

449 2629 595 2666 nullum
617 2629 766 2667 illorum
788 2630 968 2678 sequitur.

906 2740 944 2764 19.
963 2731 1115 2764 anteferet
1131 2731 1152 2756 B
1167 2739 1215 2757 nec
1229 2730 1335 2758 inserit.

521 2825 569 2846 11.
593 2816 712 2857 Supra,
731 2816 780 2847 ch.
800 2816 865 2847 viii.
883 2826 914 2856 p.
934 2825 984 2855 52.
1155 2825 1203 2857 19.
1228 2816 1328 2847 Arist.
1347 2815 1494 2856 Metaph.
1511 2826 1540 2846 α.
1560 2825 1592 2856 p.
1613 2824 1675 2856 993
1687 2816 1711 2845 b.
