2095 3278
227 174 314 218 474
885 175 1089 208 RICARDI
1122 175 1426 208 ARMACHANI
1869 165 1971 224 [Lm.
1988 180 2045 209 1v.=
2088 151 2095 207 ἶ

503 286 592 321 tere,
619 279 689 314 nisi
719 286 759 314 tu
793 280 882 315 velis
913 278 1003 314 illud
1032 280 1239 322 admittere,
1266 287 1304 315 tu
1341 281 1434 316 iuste
1470 292 1508 316 re
1535 281 1647 316 uteris
1683 287 1719 316 et
1745 292 1828 316 eam
1844 284 1939 327 [470

504 338 598 372 iuste
625 337 813 373 consumis
844 344 882 373 ut
909 345 1023 381 tuam,
1053 339 1132 374 sine
1165 338 1261 373 civili
1296 340 1461 374 dominio
1494 346 1623 375 contra
1655 340 1829 384 originale

503 395 688 439 distincto,
708 402 769 430 aut
789 396 861 430 alio
878 396 982 430 titulo
1001 396 1088 431 iuris
1105 397 1316 432 necessario
1334 398 1514 443 acquisito
1531 409 1538 441 ;
1566 398 1741 444 quoniam
1758 397 1828 432 etsi

501 454 656 489 licencia
673 454 769 488 nolis
788 454 852 496 uti,
870 454 986 489 habes
1012 454 1068 489 ius
1094 455 1220 490 utendi
1246 467 1291 490 eo
1315 467 1404 490 casu
1423 457 1620 499 sufficiens,
1638 462 1674 492 et
1692 457 1739 491 ob
1756 456 1829 490 hoc

500 512 605 546 titulo
624 511 805 557 acquisito
822 523 896 546 non
922 511 1066 556 indiges
1092 512 1129 547 in
1155 514 1227 548 hoc
1253 525 1353 548 casu.
1403 514 1443 549 Si
1469 526 1557 549 vero
1582 525 1658 549 non
1683 514 1860 558 indiges5

500 581 569 605 usu
587 570 638 605 rei
657 570 765 613 illius,
785 577 839 605 set
856 570 904 604 ad
923 571 1161 605 commodum
1187 571 1337 617 aliquod
1363 574 1565 618 temporale
1590 579 1653 607 aut
1671 572 1762 606 alias
1780 572 1829 606 ad

500 629 725 672 voluptatem
743 639 851 662 usum
864 628 1045 673 reciperes
1063 628 1114 663 rei
1134 629 1240 673 illius,
1260 630 1290 665 si
1309 629 1344 664 in
1364 641 1452 665 casu
1470 630 1670 675 voluptatis
1697 629 1829 664 cadere

501 685 618 731 possit
637 697 736 729 usus,
755 692 845 731 puto
864 687 965 731 quod
982 698 1026 721 eo
1045 684 1133 721 casu
1147 699 1186 722 re
1205 686 1266 722 illa
1283 688 1335 722 uti
1354 699 1428 723 non
1446 689 1584 733 poteris
1602 699 1677 723 non
1696 699 1829 732 accep-

500 750 579 778 tato
597 743 782 787 domini03
811 744 898 789 quin
923 744 1054 789 pocius
1080 756 1157 780 rem
1177 745 1275 779 illam
1294 745 1427 781 iniuste
1446 758 1682 781 consumeres
1701 751 1829 780 contra

501 802 551 837 rei
571 801 686 847 ipsius
705 802 845 837 domini
864 803 1103 846 voluntatem,
1123 803 1208 848 quia
1225 815 1294 838 nec
1311 811 1405 846 tunc.
1418 815 1462 839 ex
1479 803 1645 848 originali
1664 803 1829 839 dominio
1845 811 1883 833 10

500 867 602 895 extra
619 872 748 895 casum
766 860 973 905 indigencie
991 860 1212 896 constitutus
1230 861 1377 896 titulum
1396 862 1637 898 sufficientem
1657 862 1705 897 ad
1723 874 1830 897 usum

500 918 669 963 haberes,
687 918 783 953 civili
802 918 1051 954 dominio-tibi
1070 919 1243 954 obstante
1262 920 1298 954 in
1317 920 1400 955 alio.

374 1021 489 1056 XXII.
551 1024 779 1058 IOHANNES.
814 1023 1019 1059 Assencio:
1055 1029 1110 1057 set
1144 1023 1233 1068 quid
1267 1023 1297 1058 si
1328 1024 1500 1058 dominus
1531 1035 1638 1059 usum
1672 1024 1724 1059 rei
1753 1025 1831 1059 vult

223 1081 265 1120 Qf
275 1081 447 1109 conditional
502 1081 615 1116 michi
649 1082 863 1125 concedere,
896 1082 1015 1116 eciam
1049 1082 1378 1127 consumpcionem
1420 1082 1546 1127 ipsius,
1580 1090 1722 1119 retento
1759 1082 1828 1118 sibi

222 1116 298 1148 ἐῶς’
502 1139 694 1175 dominio?
743 1140 935 1185 Numquid
953 1141 1102 1185 potest?
1846 1150 1883 1182 15

548 1199 778 1233 RICARDUS.
822 1199 908 1232 Hoc
941 1204 997 1233 est
1036 1199 1233 1243 probatum
1273 1198 1309 1233 in
1343 1198 1488 1234 decimo
1527 1210 1627 1234 nono
1659 1199 1830 1244 capitulo.

502 1257 770 1291 Verumtamen
797 1256 911 1291 debes
937 1257 1125 1291 attendere
1155 1257 1255 1301 quod
1286 1256 1459 1292 dominus
1485 1269 1606 1292 rerum
1633 1258 1733 1292 varie
1762 1257 1829 1292 tibi

501 1319 623 1359 potest
654 1326 760 1349 suam
790 1314 1070 1349 concessionem
1100 1314 1328 1359 exprimere:
1366 1321 1429 1350 aut
1461 1315 1714 1349 modificando
1746 1327 1829 1350 eam

499 1372 623 1407 taliter
640 1373 738 1417 quod
764 1372 911 1407 racione
937 1372 1232 1407 modificacionis
1257 1379 1448 1408 remaneat
1472 1384 1587 1417 penes
1606 1384 1691 1408 eum
1709 1373 1829 1408 domi-

499 1430 601 1465 nium
628 1431 749 1465 donec
774 1442 832 1465 res
859 1430 940 1475 ipsa
966 1436 1206 1465 consumatur
1233 1430 1264 1464 si
1295 1431 1452 1465 donetur
1476 1438 1539 1465 aut
1566 1431 1671 1466 aliter
1695 1431 1828 1466 distra·
1844 1436 1885 1458 20

499 1489 609 1524 hatur
638 1488 868 1532 dominium3
905 1495 944 1523 ut
979 1488 1008 1522 si
1040 1487 1155 1531 dicat,
1189 1488 1365 1523 Concedo
1398 1489 1463 1523 tibi
1499 1489 1830 1534 consumpcionem

498 1558 619 1583 rerum
646 1547 810 1590 istarum,
836 1553 872 1581 et
897 1553 936 1581 ut
961 1546 1082 1591 possis
1109 1558 1172 1582 eas
1198 1547 1361 1582 vendere
1387 1553 1424 1582 et
1449 1542 1591 1582 donare
1620 1553 1684 1582 aut
1713 1548 1830 1591 aliter,

497 1611 606 1649 prout
634 1605 699 1640 tibi
730 1605 831 1648 libet,
858 1605 1075 1648 distrahere,
1105 1604 1157 1639 ita
1186 1611 1313 1639 tamen
1341 1605 1453 1650 quod,
1481 1605 1511 1640 si
1537 1617 1606 1650 ego
1633 1617 1830 1651 consump-

498 1662 655 1706 cionem,
674 1663 943 1706 vendicionem,
969 1662 1227 1706 donacionem,
1253 1669 1317 1698 aut
1341 1663 1454 1697 aliam
1479 1663 1649 1708 quamvis
1676 1664 1830 1698 distrac-

498 1721 644 1756 cionem
659 1722 819 1766 petendo
834 1733 891 1755 res
910 1721 1011 1766 ipsas
1029 1721 1254 1766 preveniam,
1267 1733 1330 1756 eas
1344 1721 1457 1756 libere
1472 1727 1511 1756 ut
1525 1733 1629 1756 meas
1643 1721 1829 1766 recipiam.
1845 1727 1883 1759 25

499 1780 582 1824 Quo
608 1780 721 1814 modo
747 1786 920 1824 parentes
948 1779 1031 1814 filiis
1058 1780 1143 1823 suis,
1164 1791 1256 1824 quos
1282 1779 1439 1815 forsitan
1460 1779 1477 1799 ‘¹‘
1495 1780 1541 1814 de
1568 1779 1875 1825 prodigalitateD

498 1838 639 1872 habent
666 1843 869 1882 suspectos,
898 1843 1042 1871 retento
1075 1837 1145 1871 sibi
1175 1837 1352 1880 dominio,
1380 1848 1438 1872 res
1468 1838 1590 1882 plures
1624 1849 1713 1882 sepe
1742 1849 1829 1872 con-

499 1896 661 1938 cedunt3
697 1902 732 1930 et
758 1895 862 1929 multi
893 1895 1071 1929 mundani
1102 1894 1275 1930 timentes
1305 1895 1616 1930 confiscacionem
1645 1896 1829 1930 bonorum

499 1965 648 1989 suorum
679 1965 724 1987 ea
753 1952 969 1997 simpliciter
998 1953 1138 1987 donant
1167 1952 1242 1988 suis
1272 1953 1413 1996 amicis,
1441 1954 1487 1988 de
1517 1952 1651 1998 quibus
1680 1954 1828 1998 plenam

498 2017 630 2055 gerunt
657 2010 841 2054 fiduciam,
860 2017 898 2045 ut
925 2010 995 2055 ipsi
1022 2011 1205 2045 bonorum
1231 2011 1374 2046 illorum
1401 2023 1509 2046 usum
1531 2017 1566 2045 et
1591 2022 1701 2045 omne
1727 2022 1828 2045 com-
1842 2017 1884 2048 30

498 2070 652 2103 modum
685 2074 838 2104 econtra
871 2068 940 2103 illis
977 2069 1184 2104 concedant
1219 2075 1281 2104 aut
1316 2080 1380 2104 eos
1421 2069 1560 2103 habere
1601 2069 1830 2113 permittant,

498 2133 641 2162 retento
666 2127 928 2161 nichilominus
954 2139 1070 2172 penes
1095 2127 1177 2161 illos
1196 2127 1336 2162 amicos
1362 2127 1565 2162 secundum
1583 2127 1685 2171 leges
1704 2126 1829 2162 civiles

499 2185 596 2220 civili
627 2185 805 2219 dominio.
857 2186 940 2229 Quo
970 2186 1082 2219 modo
1112 2184 1231 2220 eciam
1263 2185 1436 2220 dominus
1469 2185 1675 2219 Nicholaus
1703 2187 1762 2220 III
1793 2186 1829 2220 in

499 2243 675 2278 decretali
711 2244 833 2285 Exiit,
862 2243 908 2277 de
942 2243 1122 2288 peccunia
1153 2243 1328 2278 fratribus
1364 2243 1567 2278 minoribus
1600 2254 1666 2288 pro
1700 2255 1829 2278 eorum

498 2301 679 2346 preteritis
714 2300 997 2335 necessitatibus
1030 2302 1240 2336 relevandis
1275 2313 1466 2341 concessa,
1498 2301 1625 2336 statuit
1655 2301 1829 2336 fratribus
1844 2308 1883 2340 35

498 2359 784 2402 observandum,
813 2358 963 2402 scilicet,
991 2360 1089 2404 quod
1117 2371 1263 2404 semper
1286 2360 1405 2394 donec
1430 2359 1588 2404 pecunia
1614 2359 1650 2393 in
1677 2359 1830 2393 fratrum

499 2418 627 2452 usibus
645 2417 691 2452 sit
709 2429 872 2462 expensa
890 2418 969 2453 sine
987 2418 1285 2453 contradiccione
1308 2419 1461 2453 fratrum
1487 2417 1600 2453 libere
1624 2417 1670 2452 sit
1694 2419 1829 2453 elemo-

499 2476 621 2511 sinam
653 2475 834 2517 facientis,
868 2475 920 2510 ita
954 2476 1054 2521 quod
1089 2476 1299 2511 concedens
1342 2476 1582 2511 elemosinam
1625 2475 1830 2510 dominium

499 2535 634 2568 habeat
652 2540 687 2568 et
706 2533 821 2578 possit
841 2545 925 2567 cum
943 2533 1099 2577 libuerit,
1119 2535 1238 2568 donec
1255 2545 1419 2578 expensa
1443 2533 1553 2568 fuerit
1575 2534 1636 2568 illa
1659 2534 1828 2578 pecunia,

498 2603 582 2626 eam
611 2591 723 2626 libere
756 2603 928 2625 revocare
958 2598 996 2625 ut
1028 2603 1145 2626 suam.
1197 2592 1309 2627 Unde
1339 2592 1410 2625 hoc
1439 2592 1551 2625 modo
1582 2592 1676 2625 bene
1706 2598 1827 2636 potest
1841 2599 1884 2630 40

498 2650 582 2695 quis
609 2649 936 2694 consumpcionem
966 2649 1016 2683 rei
1044 2649 1109 2684 tibi
1142 2650 1345 2684 concedere
1380 2649 1449 2683 sibi
1477 2656 1619 2684 retento
1651 2649 1827 2684 dominio.

498 2707 615 2742 Aliter
640 2713 761 2752 potest
788 2707 853 2741 tibi
882 2707 1051 2741 absolute
1082 2707 1407 2752 consumpcionem
1436 2707 1484 2741 rei
1514 2718 1580 2741 sue
1608 2707 1827 2752 cuiusquam

499 2765 714 2809 concedere,
744 2765 856 2799 nichil
886 2764 983 2799 aliud
1016 2765 1161 2809 penitus
1196 2764 1436 2810 exprimendo
1472 2776 1537 2809 per
1565 2764 1663 2810 quod
1694 2764 1826 2809 poterit
