2008 3305
175 226 230 278 96
850 237 915 268 DE
948 236 1164 269 DOMINIO
1195 234 1374 267 D1V1No
1574 222 1678 281 [CAP.
1701 235 1777 264 ΧΠ.

454 352 529 390 dua
553 358 735 390 creatura.
794 352 844 389 Et
869 353 929 397 ita,
952 352 1052 390 facta
1076 352 1294 390 exclusione
1318 351 1478 389 alietatis
1499 350 1677 396 essencie,
1698 355 1780 387 tan-
1798 349 1891 391 [31D

454 430 535 460 tum
552 423 666 461 Pater
685 429 741 461 est
756 422 875 468 Deus,
893 424 989 460 sicut
1005 423 1132 460 omnis
1149 422 1257 460 Deus
1278 428 1335 460 est
1356 421 1477 459 Pater.
1516 421 1633 458 Facta
1653 426 1782 457 autem

453 494 675 532 exclusione
692 494 850 531 alietatis
866 505 1041 543 persone,
1060 500 1151 530 tunc
1172 492 1471 543 correspondent
1488 492 1547 530 isti
1567 491 1782 536 universali,

453 564 593 602 Omnis
612 577 778 613 persona
798 564 925 601 divina
944 571 1000 601 est
1020 563 1139 601 Pater.

172 634 442 695 {ksszi‘slzssffssssng
506 634 621 671 Unde
642 634 772 684 regula
788 633 993 683 Augustini
1013 641 1081 680 est,
1098 640 1207 671 sexto
1228 633 1277 672 de
1293 633 1491 679 Trinitate,
1514 632 1678 682 capitulo
1694 632 1778 680 viii.‚
1795 640 1813 674 5

171 703 339 734 ‘’neptim-
452 704 557 754 quod
587 704 914 754 quandocumque
938 704 977 741 in
1000 703 1193 753 Scriptura
1218 716 1325 742 sacra
1349 705 1571 743 nominatur
1594 716 1671 741 una
1696 716 1781 753 per-

451 786 559 820 sona,
586 775 709 812 eciam
740 773 862 811 *cum
896 775 1119 812 exclusione
1151 775 1209 812 vel
1236 775 1463 824 exceptione
1496 774 1624 824 quoad
1654 775 1781 823 predi·
1795 780 1840 809 32
1860 780 1894 808 A

172 836 409 896 ffsscssffifiseffiiss
452 852 579 883 catum
614 845 719 895 quod
750 846 903 883 cuilibet
934 852 990 883 est
1020 858 1238 891 commune,
1271 846 1568 895 cointelligenda
1599 851 1656 882 est
1690 857 1783 894 que-

172 905 438 970 ξξῇἳζζιξῖξέξῃῖξ
453 917 543 954 libet
563 916 785 962 earundem,
801 928 890 953 cum
907 916 1063 965 quilibet
1079 917 1124 954 sit
1139 916 1412 954 indivisibiliter
1428 916 1565 954 eadem
1586 916 1758 953 essencia
1771 929 1781 963 ;

452 987 492 1019 ut
516 981 598 1019 Ioh.
619 982 705 1018 xvii.
730 995 774 1030 3:
806 981 888 1018 Hec
924 986 977 1018 est
1004 982 1082 1018 vila
1114 985 1246 1027 eterna,
1280 986 1323 1018 ul
1348 986 1567 1031 cognoscant
1596 986 1637 1027 le,
1666 982 1781 1018 solum
1798 989 1837 1011 10

451 1065 577 1089 verum
609 1052 743 1097 Deum,
773 1064 852 1089 non
883 1051 1093 1089 excluditur
1123 1051 1281 1101 Spiritus
1311 1059 1476 1098 sanctus,
1503 1064 1590 1089 cum
1621 1064 1702 1090 non
1736 1052 1783 1089 sit

451 1123 553 1160 aliud
587 1135 609 1160 a
642 1122 765 1160 Patre.
822 1122 872 1159 Et
908 1122 961 1160 sic
996 1122 1043 1159 de
1078 1122 1140 1159 illo
1172 1121 1254 1160 Ioh.
1285 1122 1356 1160 xiv.
1388 1124 1423 1167 6,
1458 1122 1574 1160 lVemo
1605 1124 1705 1160 venit
1733 1122 1787 1159 ad

450 1193 607 1232 Patrem
638 1194 717 1230 m'sz'
739 1200 807 1241 per
839 1206 901 1239 me,
929 1192 1237 1230 subaudiendum
1269 1199 1337 1238 est,
1368 1193 1441 1230 nisi
1469 1193 1595 1231 veniat
1623 1206 1691 1242 per
1722 1205 1782 1231 es-

452 1264 620 1302 senciam
642 1275 716 1311 que
738 1275 824 1301 sum
845 1275 918 1312 ego
938 1263 997 1300 vel
1018 1263 1089 1299 nisi
1109 1275 1177 1312 per
1197 1276 1259 1300 me
1279 1263 1414 1301 veniat.
1458 1264 1509 1301 Et
1530 1263 1624 1302 Mat.
1645 1264 1694 1301 xi.
1721 1272 1783 1311 27,

450 1333 569 1372 Nemo
594 1335 698 1371 novit
715 1333 871 1370 Patrem
896 1334 975 1370 m‘sz'
990 1333 1118 1370 Filius
1145 1338 1179 1370 et
1201 1335 1266 1370 cuz'
1286 1335 1443 1371 voluerit
1458 1334 1502 1370 F
1498 1336 1587 1372 z'lz'us
1612 1336 1781 1372 revelare.
1798 1343 1835 1376 15

452 1403 580 1441 Nichil
606 1405 708 1441 enim
736 1410 863 1453 potest
890 1416 1057 1453 persona
1086 1404 1211 1441 divina
1232 1405 1560 1453 comprehendere
1581 1405 1652 1442 nisi
1673 1404 1783 1442 fuerit

452 1481 587 1512 natura
608 1474 744 1519 divina,
761 1474 821 1511 vel
841 1475 890 1511 ab
909 1475 994 1523 ipsa
1014 1475 1230 1524 specialiter
1249 1475 1483 1513 illustratum.
1519 1475 1569 1513 Et
1590 1476 1642 1513 sic
1663 1487 1782 1524 gene—

452 1545 585 1590 raliter,
603 1545 668 1582 ubi
690 1545 730 1582 fit
749 1545 903 1582 mencio
925 1545 972 1582 de
991 1557 1068 1582 una
1088 1557 1255 1595 persona
1272 1546 1399 1583 divina
1416 1546 1711 1595 cointelligentia
1727 1552 1783 1583 est

452 1615 629 1665 quelibet,
651 1615 681 1652 si
710 1615 926 1664 permiserit
953 1615 1191 1665 predicatum
1208 1628 1217 1662 3
1247 1622 1289 1653 ut
1309 1616 1391 1653 Ioh.
1412 1616 1446 1662 i.,
1466 1629 1547 1654 non
1568 1616 1608 1653 fit
1628 1616 1781 1653 mencio

451 1686 631 1735 explicita
655 1686 702 1723 de
730 1685 872 1735 Spiritu
893 1692 1038 1732 sancto,
1059 1687 1155 1724 sicut
1175 1699 1246 1724 nec
1268 1686 1314 1724 de
1335 1686 1440 1732 Filio,
1459 1686 1544 1724 Ioh.
1560 1708 1610 1713 —-
1631 1687 1669 1723 in
1691 1698 1780 1735 pro·
1796 1696 1838 1718 20

452 1757 627 1794 cessione
658 1756 820 1805 Spiritus
847 1757 966 1794 sancti
981 1770 989 1802 3
1021 1763 1057 1794 et
1077 1763 1206 1794 tamen
1233 1757 1516 1806 cointelligendi
1540 1762 1627 1794 sunt
1648 1769 1779 1795 neces-

453 1827 563 1872 sario,
588 1834 628 1864 ut
657 1833 761 1876 patet
789 1840 836 1865 ex
867 1827 1088 1865 racionibus
1118 1834 1156 1864 et
1185 1827 1461 1865 collacionibus
1488 1827 1782 1877 Scripturarum.

452 1897 699 1948 Quandoque
729 1904 858 1935 autem
888 1898 927 1935 fit
952 1898 1122 1935 exclusio
1152 1898 1375 1947 personalis,
1398 1904 1437 1935 ut
1459 1898 1634 1935 Tantum
1664 1897 1782 1935 Filius

451 1969 681 2005 incarnatur.
736 1968 786 2005 Et
815 1968 926 2005 istam
956 1975 1109 2017 oportet
1137 1968 1361 2018 theologum
1399 1975 1597 2014 annotare,
1623 1968 1718 2005 sicut
1743 1974 1781 2005 et

451 2038 711 2075 differenciam
732 2039 996 2076 terminorum.
1053 2039 1170 2076 Aliud
1195 2039 1349 2088 quidem
1376 2039 1468 2076 dicit
1489 2039 1778 2077 distinccionem
1795 2047 1833 2079 25

451 2109 634 2154 essencie,
676 2116 713 2146 et
751 2109 893 2158 aliquid
933 2108 1054 2159 (quod
1093 2110 1227 2147 dicitur
1260 2110 1369 2160 quasi
1402 2111 1511 2147 aliud
1550 2110 1656 2161 quid)
1691 2109 1782 2147 dicit

451 2180 711 2218 substanciam
739 2180 946 2229 designati3
978 2187 1015 2217 et
1034 2193 1103 2218 ens
1129 2193 1218 2218 cum
1244 2181 1377 2218 ceteris
1404 2180 1576 2230 analogis
1596 2187 1652 2218 est
1673 2192 1780 2218 com-

452 2263 580 2288 mune.
637 2250 753 2288 Unde
784 2251 883 2288 bene
914 2251 1098 2300 sequitur,
1132 2251 1212 2288 Ista
1243 2258 1376 2288 natura
1406 2257 1462 2288 est
1492 2251 1614 2298 Pater,
1644 2257 1680 2288 et
1709 2251 1781 2288 ista

450 2321 586 2358 eadem
608 2327 664 2358 est
680 2321 821 2368 Filius3
851 2334 944 2371 ergo
964 2321 1055 2358 illud
1077 2321 1183 2370 quod
1203 2328 1260 2358 est
1276 2321 1388 2358 Pater
1407 2328 1464 2359 est
1479 2321 1608 2360 Filius.
1645 2320 1778 2369 Sequi-

450 2399 509 2429 tur
541 2392 676 2438 eciam,
712 2391 851 2430 Omnis
882 2399 1018 2429 natura
1045 2392 1171 2429 divina
1206 2399 1261 2429 est
1295 2392 1627 2430 communicabilis
1661 2392 1777 2429 tribus
1794 2404 1837 2435 30

453 2462 686 2511 *personis;
717 2463 844 2500 omnis
874 2474 1043 2511 persona
1073 2462 1198 2499 divina
1229 2468 1285 2500 est
1323 2469 1457 2500 natura
1486 2463 1613 2500 divina
1630 2475 1639 2509 ;
1683 2474 1822 2511 ergoB

450 2533 577 2570 omnis
606 2545 773 2582 persona
802 2533 928 2570 divina
957 2539 1013 2570 est
1042 2533 1363 2570 communicabile
1383 2534 1440 2570 vel
1469 2533 1641 2571 essencia
1670 2545 1776 2570 com-

449 2603 689 2640 municabilis
716 2604 835 2640 tribus
862 2604 1046 2653 personis.
1102 2604 1152 2641 Et
1177 2603 1228 2640 ita
1249 2604 1288 2640 in
1312 2604 1483 2641 secundo
1512 2603 1631 2640 modo
1654 2602 1777 2652 prime

450 2674 594 2725 figure:
631 2673 745 2711 Nulla
772 2681 906 2711 natura
932 2674 1060 2710 divina
1088 2680 1143 2711 est
1173 2673 1567 2720 incommunicabilis;
1608 2673 1777 2724 quelibet

968 2768 1005 2791 15-
1026 2761 1034 2789 ΙΙ
1048 2760 1089 2785 Et
1104 2760 1125 2785 B
1140 2759 1156 2785 f.
1173 2761 1253 2785 2260.

491 2836 518 2867 5.
545 2828 682 2867 August.
702 2827 741 2858 de
759 2827 848 2857 Trin.
866 2828 906 2857 vi.
926 2836 943 2867 9
965 2830 978 2864 5
1004 2836 1053 2866 10,
1072 2826 1159 2868 Opp.
1180 2828 1207 2857 8.
1228 2828 1301 2867 849.
1443 2835 1491 2857 21.
1518 2826 1589 2857 Ioh.
1609 2836 1657 2857 xv.
1680 2823 1728 2856 26.
