2095 3278
224 173 308 223 462

226 362 249 388 is
263 361 286 387 it
299 365 347 387 not
359 360 429 386 false
442 364 471 386 to

225 404 277 428 say
283 395 343 433 that
353 395 492 426 lordships

224 428 385 493 3233?ss
399 461 447 486 the

225 495 281 521 will
295 495 327 520 of
335 495 382 520 the

225 528 360 562 lawgiver
368 529 379 554 ⁴?

226 601 248 618 1.
267 591 350 623 They
362 591 398 617 do
411 595 461 617 not

224 634 256 651 so
269 625 389 657 depend,
404 625 447 651 sor

224 659 272 684 the
285 659 338 684 law
351 667 410 690 pre-

224 701 360 730 supposes
372 692 420 717 the

224 731 366 751 eX1stence
379 726 413 751 of

224 759 290 785 civil
303 759 438 791 lordship.

224 946 248 962 2.
269 936 364 962 Those
377 936 440 962 who

223 970 284 996 first
298 970 354 996 laid
367 971 449 996 down

224 1003 289 1029 civil
303 1004 370 1029 laws
382 1003 479 1029 touch-

225 1036 274 1069 ing
287 1037 412 1069 lordship

223 1071 308 1096 could
321 1070 460 1102 prescribe

224 1103 345 1136 nothing
359 1109 490 1136 contrary

224 1142 254 1162 to
267 1137 315 1162 the
328 1137 428 1169 higher

224 1171 278 1196 law
291 1171 323 1196 os
333 1170 397 1197 God
410 1180 441 1197 or
453 1170 486 1197 of

222 1210 332 1231 nature.

226 1700 252 1724 3.
273 1689 433 1723 Supposing

225 1725 295 1751 such
307 1733 325 1750 a
341 1725 395 1749 law
407 1722 491 1749 could

225 1758 336 1790 exist‚it
350 1757 432 1783 could
443 1762 491 1783 not

224 1792 304 1824 place
318 1790 477 1817 conditions

224 1834 260 1851 on
275 1825 322 1850 the
334 1825 454 1850 transfer

223 1859 256 1884 of
264 1858 389 1890 lordship
398 1857 491 1883 which

224 1892 328 1922 would,
342 1900 373 1916 as
386 1891 465 1916 these

223 1925 328 1956 would,
343 1924 367 1950 if
377 1924 483 1950 carried

223 1964 282 1990 out,
295 1958 358 1984 lead
372 1963 401 1984 to
415 1958 464 1983 im—

222 1991 345 2025 possible
357 1992 467 2018 results.

878 180 1083 212 RICARDI
1116 179 1419 211 ARMACHANI
1867 167 1970 226 [Lm.
1993 182 2050 211 1v.

503 295 603 340 quod
622 306 696 330 non
716 301 903 330 transeant
921 295 968 330 de
986 306 1143 339 persona
1157 294 1194 328 in
1211 293 1323 328 aliam
1337 293 1407 328 nisi
1425 292 1613 328 mediante
1630 293 1832 328 tradicione
1846 294 1940 334 [440

504 364 569 388 seu
592 353 829 398 possessione
846 353 1039 398 corporali,
1057 364 1132 387 non
1155 352 1284 394 video;
1312 351 1489 396 quoniam
1505 362 1526 386 e
1544 351 1728 386 contrario
1746 363 1833 386 con-

505 411 679 456 sequitur,
700 411 729 445 si
753 422 826 445 non
853 417 1019 455 possunt,
1039 411 1137 455 quod
1162 409 1243 454 ipsa
1266 409 1431 444 dominia
1454 416 1489 444 et
1515 409 1593 444 iura
1613 421 1741 444 eorum
1759 420 1834 443 non

504 470 668 514 pendent
691 481 713 503 a
739 470 926 503 voluntate
951 468 1042 512 legis
1065 468 1191 502 latoris
1212 467 1289 502 sive
1310 467 1471 502 datoris:
1499 467 1598 502 unde
1623 478 1699 501 non
1722 467 1834 501 michi

503 527 650 562 videtur
667 527 765 571 quod
784 526 869 561 talis
886 527 943 560 lex
962 526 1194 571 iniquitatem
1213 525 1411 567 contineat,
1429 531 1467 559 ut
1486 524 1621 559 dixisti.
1849 534 1866 565 5

552 586 639 619 RIC.
674 575 812 619 Nonne
855 584 892 618 in
935 583 1045 618 inicio
1088 582 1293 628 questionis
1336 582 1442 617 istius
1475 582 1543 617 tibi
1585 581 1833 627 expressimus
1846 585 1966 617 Nonne
1983 586 2042 617 z'n:

504 644 603 688 quod
637 643 693 677 lex
723 642 806 677 talis
839 641 967 684 civilis,
997 642 1217 685 contingens
1247 641 1399 675 modum
1430 640 1687 675 translacionis
1717 640 1833 674 civilis
1846 629 2052 660 Nonneiam

503 700 668 743 dominii,
689 700 794 735 civile
814 699 1021 734 dominium
1039 699 1308 744 presupponit?
1333 698 1496 743 alioquin
1514 697 1606 742 legis
1624 698 1719 732 lator
1737 697 1834 732 circa
1845 679 1953 756 ἔφη,
1969 725 2002 756 Ρ·

503 758 762 793 translacionis
797 758 910 802 ipsius
944 758 1097 791 modum
1130 756 1278 790 nonnisi
1322 755 1483 790 inaniter
1521 767 1586 790 seu
1619 756 1833 799 retrogrado
1846 759 1919 798 487.

506 815 560 857 (ut
586 817 746 851 solemus
777 815 914 859 dicere)
947 815 1077 849 ordine
1106 815 1300 857 laboraret,
1326 820 1365 848 ut
1396 814 1445 848 ad
1474 813 1680 858 profectum
1708 813 1833 858 populi
1849 826 1889 847 10

506 874 523 893 '¹‘
538 874 683 909 civilem
702 874 821 918 legem
838 873 1009 908 habentis
1034 873 1080 907 de
1098 884 1220 907 rerum
1239 871 1411 906 dominiis
1431 870 1696 915 superadderet
1721 872 1834 905 talem
1848 874 1881 903 D

502 933 635 976 legem.
686 933 793 970 Item,
822 938 901 966 esto
935 931 1035 976 quod
1065 930 1174 975 primi
1209 929 1428 983 conditores.⁸
1451 928 1542 973 legis
1576 928 1693 963 civilis
1724 940 1834 973 super

503 1001 625 1024 rerum
659 988 834 1024 dominiis
869 989 978 1023 simul
1012 1000 1097 1023 cum
1131 987 1250 1032 prima
1283 988 1365 1031 lege
1399 987 1555 1021 dominii
1588 987 1741 1021 modum
1771 987 1834 1021 do-

502 1047 680 1090 nacionis,
704 1046 948 1089 vendicionis,
976 1058 1020 1081 ac
1047 1045 1335 1091 permutacionis
1365 1044 1578 1079 huiusmodi
1605 1044 1834 1088 statuissent,

502 1105 594 1140 alios
626 1105 882 1150 reprobando:
921 1115 1158 1149 nequaquam
1192 1110 1319 1138 tamen
1349 1109 1520 1147 poterant
1548 1102 1702 1137 modum
1731 1102 1834 1137 illum
1850 1110 1889 1142 15

502 1163 623 1199 taliter
649 1163 846 1208 reprobare
872 1162 972 1207 quod
995 1162 1095 1207 apud
1121 1162 1242 1205 legem
1266 1160 1493 1205 superiorem
1520 1160 1699 1204 reprobus
1722 1161 1834 1195 habe-

502 1228 626 1264 retur;
663 1232 749 1255 cum
777 1220 1034 1255 auctoritatem
1061 1230 1136 1253 non
1164 1220 1327 1254 habeant
1356 1218 1527 1252 homines
1554 1224 1683 1252 contra
1711 1218 1835 1253 Deum

503 1286 567 1314 aut
591 1280 712 1323 legem
733 1278 849 1322 ipsius
872 1284 935 1312 aut
960 1284 1089 1312 contra
1110 1278 1231 1321 legem
1253 1283 1382 1311 nature
1400 1283 1571 1319 statuere,
1591 1287 1664 1321 qua
1681 1276 1836 1321 quisque

502 1349 612 1372 verus
636 1336 809 1371 dominus
835 1337 933 1381 (cum
957 1347 1062 1370 amor
1085 1334 1240 1380 proximi
1264 1341 1327 1369 aut
1351 1334 1458 1369 aliter
1481 1334 1725 1369 observancia
1742 1334 1835 1378 legis

503 1396 629 1430 divine
648 1402 683 1430 et
702 1406 766 1429 sue
785 1394 914 1429 salutis
932 1394 1071 1428 utilitas
1089 1400 1152 1428 aut
1172 1394 1304 1428 saltem
1322 1392 1526 1427 necessitas
1544 1393 1615 1427 hoc
1632 1391 1833 1437 requirant)
1851 1400 1892 1422 20

503 1454 603 1488 bona
626 1464 694 1487 sua
720 1452 957 1487 conformiter
982 1451 1053 1496 legi
1081 1451 1202 1485 divine
1227 1450 1344 1496 possit
1371 1451 1548 1492 conferre,
1575 1449 1775 1485 existencia
1799 1450 1836 1484 in

504 1513 587 1547 loco
611 1511 770 1546 distante
793 1510 842 1544 ab
868 1522 922 1553 eo,
948 1521 1032 1544 cum
1058 1510 1288 1554 corporalem
1311 1508 1601 1553 occupacionem
1625 1508 1676 1542 rei
1700 1508 1836 1543 donate

505 1571 701 1604 donatario
719 1570 865 1604 tradere
883 1575 970 1603 tunc
988 1579 1061 1602 non
1081 1567 1207 1612 possit.

555 1629 646 1663 IOH.
675 1629 790 1671 Perge
809 1638 881 1672 quo
899 1626 1035 1661 tendis.

552 1687 640 1721 RIC.
667 1687 760 1720 Esto
787 1685 937 1730 insuper
965 1684 1065 1729 quod
1091 1685 1147 1718 lex
1176 1684 1341 1717 humana
1366 1689 1493 1727 posset
1524 1684 1645 1727 legem
1676 1687 1836 1717 statuere
1853 1689 1891 1721 ²5

505 1755 617 1789 quam
647 1743 793 1786 finxisti,
821 1754 1058 1788 nequaquam
1088 1748 1214 1776 tamen
1244 1748 1370 1787 posset
1398 1747 1559 1775 statuere
1587 1740 1686 1785 quod
1715 1740 1836 1774 nullus

504 1808 631 1847 posset
665 1802 743 1837 sine
776 1801 982 1836 tradicione
1016 1800 1217 1844 corporalis
1251 1797 1497 1844 possessionis
1532 1809 1652 1833 rerum
1687 1808 1836 1832 suarum

503 1860 768 1905 proprietatem
793 1871 856 1894 seu
875 1859 981 1894 civile
1000 1857 1206 1893 dominium
1226 1869 1248 1892 a
1270 1869 1309 1891 se
1329 1863 1507 1901 perpetuo
1531 1856 1725 1898 abdicare;
1752 1866 1836 1889 cum

503 1919 551 1953 ad
581 1919 652 1953 hoc
689 1918 809 1961 (sicud
844 1917 881 1951 in
912 1923 1014 1952 sexto
1047 1916 1168 1959 huius,
1199 1917 1297 1949 Luce
1331 1915 1436 1958 duce,
1468 1915 1648 1949 clarescet
1682 1913 1728 1948 de
1755 1914 1837 1957 lege

504 1975 645 2019 divina)
666 1975 813 2020 plurimi
832 1975 905 2010 sint
924 1974 1075 2017 astricti,
1091 1980 1153 2008 aut
1173 1974 1317 2015 saltem,
1333 1984 1408 2007 non
1427 1973 1598 2007 obstante
1617 1982 1835 2017 quacunque
1850 1981 1893 2013 30

502 2035 584 2079 lege
604 2035 779 2077 humana,
798 2045 863 2078 per
880 2034 1000 2077 legem
1019 2031 1184 2066 divinam
1207 2031 1252 2065 de
1272 2029 1470 2075 superioris
1488 2036 1661 2074 precepto
1679 2029 1774 2063 iuste
1791 2040 1835 2063 ac

503 2098 631 2126 sancte
672 2098 844 2136 poterunt
884 2090 1052 2135 obligari.
1115 2090 1240 2134 Igitur,
1274 2090 1358 2133 lege
1391 2099 1502 2133 quam
1537 2087 1645 2132 fingis
1686 2093 1834 2130 statuta,

502 2150 655 2192 scilicet,
675 2149 774 2194 quod
795 2160 870 2183 non
898 2148 970 2183 nisi
995 2147 1263 2183 tradicionibus
1287 2158 1410 2181 rerum
1427 2146 1695 2181 transferantur
1712 2156 1835 2180 rerum

503 2207 679 2251 dominia,
707 2208 737 2241 si
763 2213 894 2241 contra
919 2207 1015 2240 hanc
1041 2206 1163 2250 legem
1192 2205 1274 2250 quis
1303 2210 1451 2239 tenetur
1477 2203 1663 2246 donando,
1689 2214 1834 2248 permu-

502 2266 627 2309 tando,
647 2277 712 2300 seu
730 2265 927 2299 vendendo
950 2264 1148 2298 transferre
1173 2274 1277 2297 suum
1300 2262 1516 2303 dominium,
1536 2261 1688 2296 omnino
1707 2271 1834 2295 conse·
1850 2266 1889 2298 35

504 2323 627 2369 quitur
644 2324 743 2368 quod
770 2322 849 2367 ipse
868 2322 1018 2356 abdicat
1037 2333 1059 2356 a
1082 2332 1121 2355 se
1140 2320 1192 2355 sic
1213 2321 1360 2364 agendo
1379 2331 1486 2354 suum
1504 2318 1610 2353 civile
1629 2318 1835 2352 dominium

503 2387 539 2416 et
567 2381 622 2415 ius
648 2380 776 2414 utendi
804 2379 910 2413 civile
936 2386 1054 2413 totum
1080 2379 1180 2423 quod
1206 2378 1332 2420 habet,
1351 2377 1436 2411 licet
1462 2382 1612 2421 propter
1636 2375 1726 2420 legis
1752 2387 1834 2420 pro-

503 2439 728 2473 hibicionem
755 2438 861 2472 aliter
887 2448 962 2471 non
991 2436 1108 2481 possit
1138 2436 1227 2470 illud
1258 2435 1476 2470 admittere:
1512 2441 1548 2469 et
1577 2433 1723 2479 pariter,
1750 2445 1835 2468 cum

502 2497 620 2532 civilis
639 2508 726 2531 vera
744 2495 932 2540 possessio
952 2495 1030 2529 sine
1056 2494 1133 2528 iure
1151 2493 1278 2528 utendi
1299 2492 1394 2527 civili
1413 2503 1605 2527 remanere
1624 2503 1697 2526 non
1716 2491 1834 2536 possit

504 2554 540 2589 in
571 2554 706 2599 aliqUO,
738 2553 976 2597 consequitur
1005 2552 1103 2596 quod
1134 2551 1202 2586 iste
1230 2551 1357 2585 volens
1386 2550 1437 2584 ita
1464 2550 1603 2584 donare
1630 2549 1731 2583 omni
1759 2548 1834 2583 iure
1848 2554 1891 2585 40

505 2612 633 2647 utendi
655 2611 752 2646 civili
778 2610 829 2645 rei
854 2610 949 2645 illius
975 2621 1088 2654 quam
1114 2609 1214 2653 cupit
1242 2609 1380 2643 donare
1406 2613 1572 2642 remanet
1600 2607 1833 2650 denudatus;

505 2676 542 2705 et
569 2671 671 2704 nulla
700 2674 867 2703 remanet
896 2668 932 2702 in
961 2667 1041 2712 ipso
1068 2667 1120 2701 rei
1155 2666 1252 2701 illius
1286 2666 1410 2711 quoad
1445 2664 1648 2700 dominium
1682 2670 1744 2699 aut
1778 2663 1833 2698 ius

505 2727 632 2762 utendi
663 2727 740 2761 sive
766 2726 1046 2771 possessionum
1073 2724 1289 2769 proprietas,
1316 2724 1386 2758 nisi
1416 2722 1662 2769 possessionis
1688 2720 1834 2767 proprie
1847 2700 2039 2778 {gigrgffnlssss'

507 2791 651 2820 tantum
671 2784 717 2819 de
737 2785 834 2818 facto
859 2783 1076 2828 proprietas,
1095 2793 1165 2826 que
1185 2781 1238 2826 (ut
1260 2780 1297 2815 in
1316 2781 1429 2816 tercio
1452 2780 1561 2816 huius
1584 2778 1768 2825 apparuit)
1787 2779 1834 2813 ab
1849 2781 1922 2829 38²7

2089 757 2091 771 l

2090 824 2091 834 l

2089 840 2091 858 ι

2090 862 2091 886 l
