2008 3305
866 214 929 245 DE
964 213 1179 245 DOMINIO
1212 213 1388 244 D1V1No
1607 201 1710 259 [CAP.
1735 215 1791 242 rx.

468 330 656 378 contingit
685 330 723 366 in
754 342 838 367 esse
868 330 1076 368 formaliter
1105 331 1200 368 libro
1219 331 1303 376 vite,
1329 330 1391 367 cui
1421 329 1546 367 solum
1576 341 1708 367 verum
1738 329 1793 365 in·
1811 317 1926 372 [2113‘

467 400 653 436 scribitur.
710 399 761 437 Et
784 400 890 438 Deus
916 401 1032 438 nichil
1057 401 1242 449 intelligit,
1266 401 1339 438 nisi
1362 400 1468 450 quod
1494 400 1545 437 ibi
1569 399 1797 448 inscriptum

468 471 683 508 eternaliter
703 472 802 508 intus
822 472 911 520 legit
927 478 965 508 et
985 471 1116 509 Verbo
1134 484 1213 514 suo,
1236 484 1315 521 quo
1336 472 1461 520 primo
1482 483 1522 508 se
1543 470 1671 519 ipsum
1693 469 1796 515 dicit,

469 541 587 579 semel
608 542 824 579 eternaliter
841 542 1018 591 loquitur,
1041 543 1174 579 omnia
1194 543 1246 579 ibi
1267 542 1419 591 scripta.

523 611 639 650 Unde
671 619 830 662 propter
868 613 1210 662 equivocacionem
1241 612 1347 650 modi
1378 611 1616 660 intelligendi
1646 609 1721 648 Dei
1760 617 1828 651 et5

469 683 589 720 nostri
629 684 809 721 concedit
837 683 1073 722 Anshelmus
1106 684 1301 733 insipienti
1331 684 1439 733 quod
1470 683 1590 720 homo
1625 683 1799 732 intelligit

468 754 592 791 maius
621 753 720 800 Deo,
742 754 780 791 id
800 762 869 801 est,
889 755 1064 803 intelligit
1084 754 1213 792 Deum
1234 761 1271 792 et
1297 767 1495 803 magnum,
1517 755 1571 792 sic
1591 754 1799 792 fantasma-

467 825 540 861 tice
580 825 851 874 conponendo.
907 826 958 862 Et
996 832 1126 863 tamen
1165 825 1272 863 Deus
1311 838 1391 863 non
1430 831 1557 874 potest
1589 825 1799 874 intelligere

469 896 593 933 maius
617 896 715 934 Deo.
770 897 821 933 Et
846 897 1081 946 equivocans
1109 897 1147 933 in
1170 896 1233 933 tali
1262 895 1553 945 composicione
1577 902 1684 933 actus
1705 907 1800 933 con-

469 967 590 1003 notati
611 967 764 1004 liberius
784 967 961 1016 loquetur
984 967 1021 1003 in
1050 966 1223 1015 pluribus
1244 978 1361 1016 quam
1390 966 1484 1004 alius
1509 965 1558 1003 ad
1588 978 1669 1003 rem
1695 972 1799 1003 extra
1817 981 1855 1003 10

469 1049 564 1085 pure
603 1049 643 1074 se
683 1037 862 1086 dirigens.
921 1037 1122 1083 Quantum
1161 1044 1288 1074 autem
1328 1037 1377 1074 ad
1410 1036 1618 1074 instancias
1653 1048 1724 1085 pro
1763 1043 1800 1073 et

471 1114 618 1153 contra,
641 1114 794 1157 oportet
814 1108 876 1144 hic
898 1120 1117 1156 supponere
1143 1120 1190 1144 ex
1211 1107 1415 1144 declaratis
1436 1106 1529 1144 olim
1550 1106 1801 1144 satisfactum.

471 1178 563 1215 Non
577 1179 680 1215 enim
698 1179 795 1227 sapit
811 1178 927 1216 michi
942 1178 1049 1227 quod
1067 1190 1148 1215 non
1169 1184 1226 1216 est
1242 1177 1331 1215 dare
1348 1178 1537 1226 optimum
1551 1176 1800 1226 intelligibile,

472 1249 540 1285 sed
568 1248 673 1298 quod
697 1249 857 1298 quilibet
891 1248 1104 1285 intellectus
1135 1254 1284 1285 creatus
1315 1254 1442 1297 potest
1466 1248 1676 1296 intelligere
1707 1247 1802 1284 deos

471 1319 663 1356 infinitum
692 1319 870 1357 meliores
891 1331 1007 1368 quam
1038 1318 1145 1355 Deus
1176 1324 1306 1356 noster
1336 1318 1475 1356 sufficit
1503 1317 1714 1367 intelligere
1743 1318 1855 1355 ve115

472 1396 644 1427 creature
682 1390 908 1435 ostendere;
958 1397 994 1427 et
1036 1395 1167 1427 tamen
1206 1401 1344 1426 omnes
1381 1389 1476 1426 istos
1513 1388 1638 1425 videre
1676 1394 1803 1437 potest

472 1461 630 1510 quilibet
660 1461 795 1498 beatus
824 1461 863 1497 in
894 1460 992 1497 libro
1022 1460 1105 1497 vite.
1163 1458 1266 1496 Nam
1296 1471 1386 1496 cum
1415 1459 1630 1496 intellectus
1654 1465 1803 1496 creatus

473 1531 544 1568 *sit
557 1532 737 1580 potencia
751 1531 903 1570 obiecto
916 1531 1041 1580 primo
1052 1531 1167 1576 finita,
1176 1530 1215 1566 in
1228 1530 1343 1567 nichil
1356 1535 1483 1579 potest
1496 1529 1593 1566 ultra
1606 1529 1804 1578 proprium
1818 1538 1845 1567 G

470 1602 676 1648 obiectum,
697 1609 738 1639 ut
768 1603 798 1639 si
820 1602 964 1651 aliquid
993 1601 1213 1639 terminaret
1242 1601 1373 1637 nescio
1404 1600 1497 1648 quid
1526 1600 1661 1649 pocius
1687 1611 1805 1649 quarn

471 1673 578 1710 Deus
608 1679 750 1718 noster,
782 1673 890 1709 cuius
919 1679 976 1709 est
1005 1672 1291 1720 intelligibilitas
1322 1671 1481 1717 infinita,
1506 1677 1543 1707 et
1572 1682 1640 1719 per
1667 1682 1804 1708 conse·
1820 1677 1861 1699 ²0

458 1738 594 1794 'quens
634 1744 757 1781 maior
796 1756 913 1793 quam
951 1749 1008 1781 est
1048 1743 1175 1792 aliqua
1213 1748 1340 1780 creata
1379 1741 1559 1790 potencia
1598 1740 1805 1789 cognitiva.

473 1814 674 1863 Quidquid
693 1826 785 1863 ergo
807 1814 1009 1863 capciosus
1030 1813 1245 1858 narraverit,
1262 1813 1341 1850 scio
1355 1812 1462 1862 quod
1477 1811 1585 1848 Deus
1606 1817 1735 1848 noster
1750 1816 1807 1847 est

473 1885 643 1934 optimus
667 1897 783 1934 quem
807 1885 888 1934 ipse
909 1885 967 1921 vel
993 1890 1165 1921 creatura
1192 1896 1261 1920 sua
1285 1889 1413 1932 potest
1443 1894 1694 1931 cognoscere,
1716 1881 1806 1930 quia

475 1957 580 1993 aliter
596 1956 795 1993 meliorem
810 1962 943 2004 posset
956 1955 1114 2004 diligere
1129 1968 1137 2001 3
1160 1967 1249 1991 cum
1265 1961 1395 1991 tamen
1411 1953 1522 1990 datus
1537 1953 1671 1990 melior
1691 1952 1806 1989 habet

477 2026 691 2064 secundum
720 2038 787 2063 eos
818 2026 944 2063 solum
973 2037 1057 2063 esse
1087 2025 1335 2074 intelligibile,
1365 2030 1406 2061 ut
1435 2024 1628 2062 chimera:
1669 2022 1806 2060 melior
1822 2036 1860 2068 25

476 2110 569 2146 ergo
589 2104 688 2134 esset
710 2097 740 2133 si
760 2097 917 2134 haberet
938 2097 1190 2134 existenciam
1211 2095 1410 2133 actualem.
1451 2094 1562 2140 Item,
1580 2095 1610 2130 si
1632 2093 1806 2130 inintelli-

475 2169 590 2218 gibile
612 2175 648 2206 et
677 2169 783 2217 quod
807 2179 887 2205 non
908 2174 1034 2217 potest
1055 2167 1214 2215 intelligi
1240 2166 1444 2215 capciosus
1474 2177 1522 2202 ex
1552 2164 1807 2201 immensitate

478 2252 544 2277 sue
574 2240 751 2289 potencie
778 2239 963 2288 intelligit,
987 2244 1078 2275 tunc
1108 2237 1393 2286 inintelligibilis
1423 2242 1479 2273 est
1511 2234 1807 2284 intelligibilitas,

474 2318 510 2348 et
531 2323 596 2360 per
617 2321 860 2360 consequens
881 2310 919 2346 in
940 2309 1026 2346 Deo
1046 2308 1242 2358 exemplar
1260 2315 1436 2345 eternum
1457 2307 1506 2344 ad
1526 2305 1809 2343 ostendendum

477 2382 582 2431 quod
600 2393 676 2418 non
698 2387 826 2430 potest
841 2380 993 2418 ostendi
1006 2394 1015 2427 ς
1043 2386 1080 2417 et
1100 2380 1153 2417 sic
1171 2379 1405 2416 intellectum
1426 2385 1463 2415 et
1483 2390 1550 2426 per
1565 2387 1808 2425 consequens
1823 2389 1864 2419 30

476 2452 710 2502 intelligibile
731 2458 830 2489 esset
851 2464 930 2489 non
951 2450 1198 2499 intelligibile,
1218 2456 1254 2487 et
1275 2462 1344 2499 per
1364 2461 1612 2498 consequens
1632 2447 1809 2495 intelligi-

476 2523 601 2560 bilitas
625 2522 962 2571 inintelligibilitas,
985 2533 1058 2571 que
1080 2527 1168 2558 sunt
1193 2521 1344 2557 notorie
1374 2518 1636 2568 impossibilia.
1697 2517 1806 2562 Item,

511 2627 533 2642 2.
554 2626 656 2642 verum
672 2617 709 2642 B:
731 2625 822 2641 unum
836 2616 900 2642 AC.
1021 2625 1043 2647 3.
1065 2616 1145 2640 intus
1168 2614 1209 2639 B:
1230 2614 1393 2639 intellectus
1413 2612 1480 2638 AC.
1587 2621 1624 2636 12.
1644 2611 1714 2636 olim
1733 2609 1807 2635 AC:

476 2651 550 2676 alibi
570 2651 603 2677 B.
686 2652 723 2675 18.
738 2651 839 2681 finita
854 2650 891 2674 B:
905 2649 999 2681 finito
1012 2649 1037 2673 A
1047 2648 1080 2674 C.
1185 2657 1225 2672 22.
1246 2648 1301 2672 scio
1316 2647 1354 2672 B:
1375 2648 1473 2671 sancte
1486 2645 1511 2670 A
1521 2645 1555 2671 C.
1648 2654 1688 2676 23.
1708 2649 1811 2676 quem:

476 2693 530 2716 que
545 2685 576 2710 B,
679 2685 720 2709 26.
739 2683 954 2715 inintelligibile
968 2682 1004 2707 B:
1025 2681 1209 2713 intelligibile
1222 2681 1287 2706 AC.
1393 2689 1433 2711 30.
1453 2680 1461 2708 ΙΙ
1474 2678 1553 2711 quod
1564 2678 1585 2703 B
1600 2678 1617 2703 s.
1631 2687 1677 2703 221
1691 2686 1718 2703 D.

520 2759 549 2790 6.
575 2760 646 2790 The
663 2759 821 2790 reference
839 2759 865 2789 is
883 2758 1048 2799 probably
1070 2762 1104 2788 to
1123 2755 1267 2787 Anselm.
1285 2755 1359 2786 Lib.
1379 2758 1492 2785 contra
1509 2752 1733 2793 insipientem,
1751 2753 1811 2783 but

479 2812 533 2843 the
549 2816 642 2842 exact
659 2811 750 2853 place
767 2810 793 2841 is
810 2810 984 2841 uncertain.
