2095 3278
233 189 320 228 414
883 187 1088 219 RICARDI
1120 188 1423 222 ARMACHANI
1873 181 1975 240 [Lm.
1993 195 2057 228 111.

367 292 501 323 XXIII.
565 292 796 326 IOHANNES.
823 291 1062 337 Accipiamus
1092 293 1192 328 iuxta
1222 293 1411 339 Scripture
1443 294 1596 329 modum
1626 294 1679 330 sic
1710 296 1946 340 usum;[330

234 342 440 409 gsstsffin‘ffiglf
513 354 548 383 et
578 350 623 384 de
652 349 942 394 consumpcione
971 362 1092 385 rerum
1122 363 1232 396 quam
1263 353 1330 387 sub
1358 353 1486 387 utendi
1516 354 1630 388 verbo
1661 354 1841 389 contineri
1853 356 2007 397 quamvis
2025 364 2060 389 Β,

513 407 678 451 exponis,
706 407 766 441 dic
789 408 977 452 quomodo
1003 409 1086 444 Ade
1112 410 1231 454 potuit
1258 416 1321 444 aut
1348 410 1520 455 cuiquam
1546 419 1712 447 creature
1737 424 1840 447 corn-
1852 408 2015 439 continere
2026 416 2057 441 Β·

515 471 663 509 petere3
692 478 776 501 cum
803 473 1022 512 consumpta
1048 479 1086 503 re
1112 467 1225 502 nichil
1251 467 1346 503 illius
1371 475 1573 514 remaneat,
1599 476 1635 505 et
1660 476 1748 505 tunc
1773 471 1841 505 ad-

510 522 688 558 nichilata
705 530 885 559 censetur.
1853 534 1871 566 5

561 583 791 618 RICARDUS.
818 582 1026 618 Distinccio
1041 583 1087 618 de
1105 583 1393 629 consumpcione
1410 595 1533 619 rerum
1547 584 1585 619 in
1600 584 1719 630 primo
1732 586 1841 621 huius
1853 596 1960 627 supra,
1977 596 2034 627 pp-

512 639 632 684 operis
651 640 839 685 patefacta
856 652 941 675 cum
959 641 1039 676 aliis
1057 641 1147 676 inibi
1166 642 1361 687 patefactis
1385 642 1590 678 clarissime
1607 643 1706 678 istud
1724 643 1839 680 tollit:
1855 638 1913 669 301
1934 639 2022 671 seqq·

511 704 547 732 et
572 698 835 733 nichilominus
861 710 937 733 non
962 705 1061 734 recte
1087 701 1242 735 verbum
1267 700 1358 735 illud
1382 700 1549 746 exponis,
1574 712 1669 745 cum,
1688 702 1841 736 verbum

513 755 761 801 compositum
776 768 985 791 consumere
997 758 1157 803 amplius
1173 758 1286 793 nichil
1300 758 1475 803 importat
1489 770 1600 804 supra
1613 758 1841 803 primitivum

512 825 631 857 suum,
653 814 802 858 scilicet,
820 826 974 858 sumere,
993 815 1064 850 nisi
1091 827 1242 851 sensum
1268 816 1433 851 adverbii
1459 816 1529 851 sibi
1550 816 1737 852 coniuncti
1763 829 1839 862 con,
1856 827 1896 848 10

511 872 611 917 quod
634 872 733 907 idem
758 873 858 918 quod
878 873 999 907 simul
1019 874 1166 918 signat3
1193 874 1245 909 sic
1272 875 1372 919 quod
1394 886 1454 910 res
1480 886 1565 910 vere
1589 875 1754 910 consumi
1780 886 1840 910 as-

511 930 645 965 seritur
678 942 762 965 cum
796 931 952 966 sumitur
980 938 1059 967 tota
1089 932 1208 976 simul,
1240 932 1291 967 ita
1319 934 1418 978 quod
1452 932 1532 968 eius
1564 933 1766 968 existencia
1793 933 1841 969 de

510 990 619 1024 rebus
637 990 795 1032 tollatur,
814 989 900 1025 licet
924 991 1162 1035 postmodum
1185 991 1341 1025 materia
1357 990 1435 1026 eius
1453 997 1533 1026 tota
1556 998 1744 1027 remaneat
1763 1003 1839 1026 non

512 1048 632 1082 solum
655 1048 780 1093 previa
806 1060 871 1083 seu
896 1048 1128 1083 elementaris
1155 1056 1210 1084 set
1233 1060 1451 1095 quecunque
1476 1049 1569 1094 alia;
1598 1050 1687 1085 dum
1712 1056 1840 1085 tamen

509 1105 629 1141 forma
658 1107 918 1141 substancialis
948 1106 1026 1141 eius
1057 1107 1231 1152 specifica
1261 1107 1308 1142 sit
1337 1108 1524 1143 subtracta
1550 1107 1627 1144 sive
1656 1115 1840 1154 corrupta.
1857 1113 1895 1146 15

510 1165 593 1199 Nec
618 1164 773 1198 dubium
798 1164 887 1210 quin
913 1165 1038 1199 Adam
1061 1171 1207 1210 poterat
1237 1165 1333 1200 iuste
1355 1177 1422 1210 per
1450 1177 1556 1200 suam
1581 1165 1840 1201 auctoritatem

508 1221 727 1267 originalem
752 1234 811 1257 res
837 1221 889 1257 ita
915 1234 1143 1258 consumere.
1196 1223 1310 1258 Unde
1339 1224 1557 1268 exponendo
1592 1224 1715 1269 quoad
1748 1235 1838 1258 con-

510 1280 768 1325 sumpcionem
793 1280 925 1324 adieci,
952 1281 1100 1326 qualem
1126 1282 1235 1326 efficit
1258 1285 1442 1316 creatura.
1494 1280 1607 1317 Unde
1635 1281 1840 1326 improvide

509 1337 527 1357 '¹‘
547 1339 739 1373 affirmasti
771 1339 871 1384 quod
896 1339 948 1374 rei
975 1339 1025 1374 ita
1051 1346 1273 1385 consumpte
1297 1339 1410 1375 nichil
1436 1345 1626 1375 remaneat
1651 1346 1715 1375 aut
1739 1340 1883 1385 quodD

506 1397 734 1433 adnichilata
752 1398 888 1433 debeat
905 1397 1073 1433 iudicari.
1852 1409 1893 1431 20

367 1512 496 1544 XXIV.
558 1514 790 1548 IOHANNES.
817 1514 853 1548 N
858 1524 929 1547 unc
954 1513 1054 1548 illam
1077 1512 1333 1548 adieccionem
1358 1512 1524 1547 adverto.
1576 1513 1639 1548 Set
1658 1513 1704 1548 de
1725 1513 1840 1548 dona-

228 1564 276 1631 ἓξ
278 1564 384 1631 finge-act
398 1564 431 1591 of
507 1570 624 1606 cionis
648 1578 734 1606 actu
758 1572 839 1616 plus
866 1571 1036 1616 ambigo:
1065 1571 1126 1606 ubi
1151 1571 1271 1616 primo
1295 1571 1407 1606 michi
1431 1571 1588 1606 occurrit
1615 1571 1714 1616 quod
1740 1572 1840 1606 dona

506 1629 594 1664 data
617 1629 700 1664 Ade
723 1629 935 1664 communia
958 1641 1039 1664 esse
1063 1629 1250 1664 debebant
1275 1629 1356 1671 sibi,
1375 1629 1477 1664 uxori
1501 1641 1578 1673 sue,
1596 1636 1632 1664 et
1655 1629 1837 1674 posteris;

230 1692 305 1718 How
318 1692 410 1717 Adam
505 1688 692 1733 quomodo
722 1699 810 1732 ergo
841 1687 959 1732 potuit
983 1688 1109 1722 Adam
1136 1693 1260 1723 actum
1287 1687 1504 1723 donacionis
1535 1688 1573 1722 in
1601 1687 1708 1723 bonis
1738 1699 1838 1723 com-

228 1726 312 1751 could
325 1727 406 1751 make
418 1725 485 1758 gifts
597 1745 603 1751 .

227 1759 260 1785 0f
268 1760 357 1791 g00d5
370 1760 435 1786 held
449 1760 476 1786 in
504 1746 677 1780 mun1bus
695 1757 863 1780 exercere
877 1748 889 1780 ?
1850 1759 1890 1791 25

228 1801 365 1821 ⁶0mm0n·
556 1805 782 1839 RICARDUS.
811 1805 905 1838 Cum
933 1804 1058 1838 Adam
1088 1804 1187 1838 solus
1216 1809 1305 1847 erat,
1333 1814 1408 1838 non
1439 1809 1544 1838 erant
1571 1803 1634 1838 illa
1661 1802 1762 1838 bona
1788 1802 1836 1838 de

501 1861 605 1897 facto
621 1862 674 1896 eis
693 1861 906 1896 communia
923 1861 984 1906 qui
1003 1873 1077 1896 non
1095 1867 1211 1896 erant.

555 1922 643 1955 IOH.
673 1922 810 1954 Fateor
827 1919 879 1954 ita
896 1931 1001 1955 esse:
1031 1926 1084 1954 set
1108 1919 1160 1954 eis
1187 1918 1300 1964 (iuxta
1320 1918 1517 1964 premissa)
1542 1919 1602 1954 illa
1625 1920 1734 1962 bona,
1752 1925 1833 1954 tan-

506 1990 617 2024 quam
636 1978 765 2013 futuris
783 1977 955 2021 dominis,
975 1978 1179 2013 debuerant
1198 1977 1421 2012 conservari.

552 2038 640 2072 RIC.
667 2036 820 2081 Species
846 2047 985 2079 eorum,
1016 2047 1091 2070 non
1121 2035 1314 2070 individua
1343 2046 1477 2078 rerum,
1504 2046 1573 2069 usu
1605 2034 1713 2070 facile
1746 2045 1833 2070 con·
1848 2045 1890 2076 30

506 2094 773 2139 sumptibilium
798 2093 851 2129 eis
876 2093 1022 2129 fuerant
1049 2093 1327 2136 conservande3
1355 2092 1520 2138 alioquin
1545 2092 1670 2127 Adam
1694 2093 1833 2127 nullam

503 2164 581 2187 rem
612 2152 705 2187 iuste
738 2163 955 2186 consumere
983 2151 1185 2196 potuisset:
1222 2151 1280 2186 cui
1309 2161 1385 2185 non
1413 2150 1539 2185 obviat
1568 2150 1667 2195 quod
1695 2150 1831 2194 Adam,

504 2223 590 2246 cum
619 2211 718 2245 solus
748 2217 837 2253 erat,
868 2209 1117 2244 individuales
1151 2221 1222 2253 res,
1252 2220 1327 2243 non
1362 2208 1526 2253 ipsarum
1560 2208 1713 2253 species,
1743 2207 1833 2243 dare

503 2275 644 2314 posset3
673 2268 702 2302 si
721 2268 820 2303 enim
839 2268 1001 2313 speciem
1019 2267 1180 2312 aliquam
1198 2278 1320 2303 rerum
1337 2266 1406 2302 sibi
1425 2273 1460 2301 et
1477 2266 1553 2301 suis
1572 2276 1831 2301 concessarum

504 2327 541 2361 in
565 2338 671 2361 usum
695 2326 867 2371 cuiquam
894 2332 981 2360 tunc
1006 2325 1168 2361 dedisset
1194 2326 1241 2360 de
1264 2337 1330 2360 sua
1352 2325 1528 2370 progenie
1554 2324 1687 2368 alieno,
1706 2324 1752 2358 de
1777 2323 1830 2358 in—
1844 2326 1883 2358 35

504 2385 596 2420 iuria
614 2385 668 2419 eis
686 2385 786 2419 illata
803 2385 963 2419 colorem
976 2384 1144 2419 haberes.
1194 2385 1253 2418 De
1278 2383 1485 2417 donacione
1502 2393 1590 2417 vero
1607 2393 1729 2417 rerum
1747 2392 1829 2426 par-

504 2443 723 2487 ticularium,
758 2454 850 2488 quas
885 2442 1004 2487 potuit
1038 2441 1132 2477 iuste
1166 2453 1394 2485 consumere,
1429 2439 1552 2476 minus
1586 2439 1708 2475 sobrie
1741 2439 1831 2475 illud

502 2501 626 2536 infers.

553 2560 642 2594 IOH.
670 2559 757 2593 Non
782 2558 832 2593 ita
854 2557 967 2592 michi
991 2563 1046 2592 est
1070 2557 1213 2601 visum;
1246 2556 1421 2601 quoniam
1447 2567 1491 2590 ex
1517 2566 1589 2600 quo
1616 2565 1745 2590 omnes
1771 2565 1830 2589 res

502 2616 705 2661 singulares
720 2617 806 2651 date
824 2622 926 2650 erant
946 2615 1013 2650 sibi
1032 2621 1067 2650 et
1087 2615 1161 2649 suis
1176 2621 1297 2660 preter
1314 2613 1522 2649 necessaria
1540 2613 1616 2647 sive
1635 2612 1830 2647 commoda
1842 2619 1885 2650 40

502 2687 578 2718 sua,
606 2686 682 2708 non
713 2673 839 2708 debuit
864 2685 932 2709 nec
955 2673 1074 2718 potuit
1102 2673 1196 2708 iuste
1224 2684 1283 2707 res
1315 2671 1521 2707 communis
1552 2669 1717 2713 dominii,
1744 2670 1828 2704 licet

500 2732 621 2775 futuri,
641 2732 800 2767 alienare
819 2743 938 2777 neque
957 2742 1175 2767 consumere
1192 2743 1198 2765 :
1226 2730 1324 2766 unde
1346 2729 1447 2775 sequi
1466 2729 1609 2764 videtur
1634 2727 1734 2774 quod
1754 2738 1827 2763 non

500 2790 618 2835 potuit
637 2801 700 2825 eas
718 2790 817 2825 dare.
