2008 3305
199 260 273 288 CAP
302 245 380 303 v1.]
657 256 803 288 LIBER
836 254 1060 288 TERTIUS.
1713 252 1795 298 255

83 375 182 417 8913]
197 371 305 417 Item,
336 384 425 410 cum
455 370 654 409 confundit
682 377 788 408 actus
826 370 1017 407 humanos
1053 369 1151 407 circa
1189 369 1519 406 commutaciones
1531 366 1773 433 ffcssh‘iffgivgffitige

195 442 470 490 temporalium,
509 440 613 490 quod
652 453 731 478 non
768 440 973 489 distingwit
1010 440 1106 476 inter
1144 439 1401 477 donacionem
1448 438 1518 475 hu-
1530 434 1667 501 {1²3³}ng
1679 436 1737 461 Osa

193 523 349 549 manam
380 520 417 550 et
451 512 566 549 debiti
600 511 874 557 reddicionem,
903 509 1286 555 accomodacionem,
1310 516 1348 546 et
1381 521 1518 558 quam-

192 582 284 619 libet
312 582 425 619 aliam
454 582 681 619 dacionem:
717 581 823 630 quod
852 581 932 617 sine
962 592 1078 617 causa
1106 579 1357 617 confunderet
1386 591 1519 617 sensus

166 651 384 701 5politicos.
455 651 565 697 Item,
596 652 698 688 iuxta
731 651 823 688 illud
856 663 935 689 non
973 650 1094 687 solum
1133 662 1236 698 papa
1274 661 1353 687 non
1390 651 1799 718 possetffigc‘eTflgffgziijitffil

194 721 317 759 facere
356 721 527 771 graciam
567 721 745 769 cuiquam
785 721 832 758 de
871 720 1058 758 beneficio
1097 720 1357 757 ecclesiastico
1395 719 1520 768 provi-
1532 718 1620 751 gift⁵·'

155 791 335 837 Cdendo,
363 803 494 829 verum
523 791 650 828 nullus
679 791 858 829 sacerdos
879 790 897 811 *
924 796 1055 840 posset
1085 790 1285 836 conficere,
1315 789 1520 836 absolvere,

194 862 397 911 baptisare,
417 862 475 899 vel
495 861 669 898 conferre
690 861 844 910 aliquod
865 866 1158 899 sacramentum.

247 932 311 970 Ad
343 933 511 982 primum
542 931 679 968 dicitur
713 932 820 981 quod
853 938 1012 981 propter
1045 931 1226 968 dominos
1260 930 1449 968 seculares
1478 942 1522 968 ac
1534 944 1692 983 Amul-ers.-

143 1013 182 1035 10
194 1014 328 1040 eorum
346 1002 569 1040 locuciones
601 1002 830 1052 improprias
851 1014 931 1039 non
951 1008 1009 1040 est
1033 1002 1171 1040 veritas
1192 1001 1382 1039 catholica
1403 977 1790 1044 subti-ssbrrI1}>¹{ff{2¹r¹irii}e

194 1072 327 1110 cenda.
384 1072 499 1110 Unde
537 1073 731 1123 expediret
762 1072 941 1110 dominos
975 1072 1208 1121 temporales
1246 1083 1521 1121 recognoscere
1534 1045 1698 1104 {fflihffiff
1701 1049 1802 1109 iligen

195 1143 299 1191 quod
328 1155 409 1181 non
438 1149 525 1180 sunt
546 1144 617 1181 nisi
643 1144 804 1180 ministri
824 1143 883 1181 vel
910 1143 1035 1180 ballivi
1059 1143 1230 1188 Domini,
1250 1149 1291 1179 ut
1311 1143 1364 1180 sic
1392 1143 1523 1180 omnia
1534 1120 1598 1145 ΞΜ
1608 1112 1803 1138 osthenown.

195 1225 437 1262 quecumque
458 1214 626 1260 fecerint,
649 1214 688 1251 in
708 1214 865 1251 nomine
888 1213 1049 1251 Domini
1069 1213 1142 1251 Dei
1163 1214 1220 1251 sui
1244 1213 1397 1259 faciant,
1418 1213 1524 1250 iuxta

195 1283 409 1321 doctrinam
430 1284 604 1333 apostoli,
632 1297 647 1321 1
669 1284 758 1321 Cor.
778 1296 814 1320 x.
836 1297 898 1333 31,
921 1284 1056 1321 Omnia
1077 1285 1116 1321 in
1129 1285 1294 1333 gloriam
1313 1283 1524 1332 Dez'facite.

144 1360 181 1392 15
198 1353 273 1391 Sed
301 1354 386 1399 heu,
411 1354 542 1392 Omnes
567 1367 635 1403 que
658 1367 727 1391 sua
756 1359 844 1391 sunl
868 1359 1035 1403 querunt,
1066 1367 1136 1392 non
1164 1368 1231 1404 que
1258 1354 1345 1391 Iesu
1378 1353 1530 1392 Christi

195 1423 309 1474 (Phil.
341 1425 376 1461 ii.
414 1422 492 1476 21).
556 1424 594 1462 Si
634 1437 727 1474 ergo
765 1425 876 1462 istam
915 1425 1151 1462 sentenciam
1189 1425 1419 1462 haberemus
1456 1436 1524 1473 pre

196 1494 318 1532 oculis
349 1501 441 1532 tunc
475 1507 553 1531 non
584 1495 746 1532 inaniter
775 1494 1024 1543 gloriaremur
1053 1495 1161 1544 quasi
1196 1494 1266 1532 hec
1295 1494 1524 1532 haberemus

196 1576 243 1602 ex
282 1565 419 1610 nobis3
468 1564 535 1601 sed
574 1577 664 1602 cum
702 1564 837 1602 timore
877 1565 1185 1602 distribueremus
1227 1566 1331 1602 bona
1364 1564 1525 1602 Domini

196 1634 322 1671 solum
356 1634 493 1683 dignis,
525 1635 757 1672 ascribentes
791 1634 877 1672 Deo
911 1635 1089 1680 honores,
1120 1642 1157 1673 et
1190 1647 1270 1673 non
1305 1635 1428 1680 nobis,
1460 1634 1525 1684 qui

145 1716 186 1738 20
198 1704 321 1742 solum
345 1716 478 1741 sumus
499 1705 784 1754 dispensatores
804 1713 840 1743 et
859 1707 962 1743 servi
987 1706 1057 1743 sibi
1087 1707 1242 1742 mutiles.
1301 1705 1400 1742 Vide
1421 1705 1524 1754 capi-

196 1775 317 1813 tulum
339 1775 546 1825 septimum
567 1775 651 1813 libri
671 1776 776 1814 tercii
797 1777 843 1814 de
864 1777 1035 1814 humano
1055 1776 1253 1814 Dominio.

251 1845 394 1892 Quoad
429 1845 642 1883 secundum
676 1846 812 1884 dicitur
845 1846 952 1896 quod
981 1852 1088 1884 actus
1118 1846 1213 1902 tales
1247 1846 1449 1883 hominum
1484 1857 1523 1882 se
1537 1850 1561 1877 b·
1576 1850 1624 1876 No
1636 1858 1689 1876 one
1701 1858 1753 1875 can

1537 1884 1602 1916 give
1614 1883 1761 1915 anyffiing,
1777 1883 1805 1910 in

196 1915 360 1952 invicem
392 1922 689 1964 consequuntur,
720 1928 810 1954 cum
841 1929 957 1954 nemo
988 1916 1106 1954 donat
1136 1916 1203 1953 sed
1233 1916 1391 1965 dissipat
1420 1916 1524 1953 bona
1537 1918 1803 1982 {{{g?{grtiff{}¹{e'

198 1984 368 2030 Domini,
390 1986 462 2022 nisi
491 1985 636 2023 dederit
666 1992 707 2023 ut
731 1986 854 2032 debet,
877 1993 913 2023 et
933 1987 1071 2036 quibus
1095 1992 1151 2024 est
1172 1986 1343 2023 debitum
1363 1987 1414 2023 ita
1434 1986 1524 2023 dari.
1537 1989 1581 2044 {gv
1580 1985 1672 2043 ζᾶἱξῐη
1683 1982 1705 2009 it
1718 1983 1742 2008 1⁵

145 2061 184 2093 25
201 2054 240 2091 Si
268 2055 372 2092 enim
401 2056 627 2104 ignorancia
656 2056 864 2094 excusabili
893 2057 1054 2093 liberalis
1081 2056 1220 2094 fallitur
1240 2057 1278 2093 in
1300 2056 1429 2094 dando
1450 2056 1526 2094 dis-

152 2131 184 2160 D
199 2125 302 2172 colis,
319 2125 443 2163 adhuc
464 2125 576 2163 debet
597 2126 668 2163 illis
690 2126 790 2173 dare,
808 2139 895 2163 cum
918 2127 970 2164 sic
990 2126 1120 2164 dando
1141 2133 1330 2172 meretur;
1361 2125 1380 2146 *
1402 2132 1438 2164 et
1459 2138 1528 2176 per

198 2207 441 2244 consequens
475 2196 623 2234 donum
657 2195 817 2234 Domini
849 2196 962 2234 debet
996 2197 1050 2234 eis
1081 2196 1174 2242 dari,
1208 2197 1297 2234 licet
1335 2197 1407 2245 ipsi
1447 2209 1527 2234 non

199 2265 340 2302 debent
359 2266 485 2314 ipsum
505 2266 696 2315 recipere:
725 2272 766 2303 ut
786 2278 860 2315 ego
882 2266 1007 2304 debeo
1036 2267 1175 2303 iniusta
1203 2267 1292 2316 pati,
1316 2266 1384 2304 sed
1407 2273 1528 2304 tortor

199 2348 279 2373 non
299 2336 412 2373 debet
432 2337 656 2385 passionem
676 2336 779 2373 illam
799 2336 930 2385 quoad
950 2349 1012 2374 me
1032 2337 1169 2374 iustam
1190 2343 1227 2374 et
1251 2336 1381 2386 quoad
1401 2337 1529 2386 ipsum

145 2417 187 2448 30
199 2406 378 2443 iniustam
407 2407 460 2444 sic
489 2406 639 2445 inferre.
697 2407 760 2444 Ad
790 2406 1003 2444 secundum
1033 2413 1136 2456 patet
1156 2407 1262 2455 quod
1290 2407 1370 2444 sine
1395 2406 1528 2444 confu-

199 2475 307 2513 sione
334 2483 440 2513 actus
470 2476 629 2514 humani
658 2483 746 2514 sunt
775 2476 887 2513 simul
916 2476 1093 2522 donacio,
1114 2476 1229 2514 debiti
1258 2476 1440 2522 reddicio,
1464 2488 1528 2514 ac-

198 2545 436 2592 comodacio,
469 2553 506 2584 et
537 2547 701 2596 simplex
733 2546 858 2592 dacio,
894 2546 962 2584 sed
1000 2553 1176 2595 respectu
1214 2546 1450 2584 diversorum
1488 2553 1526 2584 et

395 2684 434 2707 14.
451 2682 501 2701 x.:
521 2675 600 2702 codd.
617 2675 651 2708 9⁰.
957 2684 998 2707 24.
1018 2677 1027 2705 ΙΙ
1039 2675 1151 2702 dederit
1164 2675 1187 2701 B
1199 2675 1218 2701 s.
1234 2683 1279 2708 251
1295 2684 1322 2702 D.

235 2786 284 2807 12.
310 2776 352 2809 So
373 2778 426 2809 De
443 2779 503 2810 civ.
521 2779 620 2810 Dom.
638 2778 658 2809 i.
679 2787 717 2819 19
733 2789 765 2818 p.
782 2787 862 2818 1343
887 2778 988 2810 Serm.
1007 2779 1049 2810 iv.
1069 2780 1108 2817 38
1126 2790 1158 2820 p.
1176 2780 1246 2819 318,
1265 2779 1315 2811 ed.
1334 2779 1483 2811 Loserth.

697 2838 746 2861 20.
772 2829 864 2860 Luke
882 2829 957 2862 xvii.
978 2839 1026 2861 ιο.
