2008 3305
182 221 263 260 224

174 1506 219 1531 OF
233 1506 323 1531 Goo's

173 1547 309 1566 LENDmG.

172 1860 351 1886 Distinction

170 1893 291 1919 between

170 1932 320 1958 praestare,

167 2346 388 2378 accommodare,

168 2599 230 2624 and

169 2639 306 2658 mntuare.

859 220 923 251 DE
957 220 1174 253 DOMINro
1206 219 1383 251 Drero
1601 209 1704 267 [CAP.
1728 224 1785 251 Ν.

457 334 515 380 vi.,
538 334 833 382 magnificencia
859 335 897 371 in
925 334 999 372 hoc
1027 335 1141 373 distat
1161 347 1182 372 a
1211 335 1433 372 liberalitate
1459 335 1566 384 quod
1593 341 1649 372 est
1669 336 1785 372 virtus
1802 341 1892 382 [770

457 405 588 453 magni
610 404 756 441 domini
777 417 844 453 per
864 417 981 454 quam
1003 405 1190 442 distribuit
1219 405 1420 442 liberaliter
1441 417 1584 453 magna
1605 405 1708 442 dona
1728 406 1786 442 vel

455 474 544 512 facit
565 486 682 523 opera
699 487 764 512 sue
785 475 1015 512 excellencie
1035 476 1386 524 proporcionabilia
1407 476 1510 512 iuxta
1531 476 1784 524 significacio-

456 557 544 582 nem
558 545 708 582 termini
724 545 940 583 litteralem:
958 545 1065 582 Deus
1081 553 1211 583 autem
1227 546 1266 582 in
1280 546 1487 583 condendo
1501 546 1786 583 universitatem

458 616 572 651 istam
601 628 648 652 ex
670 615 815 652 nichilo
836 616 960 653 eciam
981 627 1103 665 usque
1124 615 1173 654 ad
1193 615 1478 664 perfeccionem
1499 615 1719 662 secundam,
1743 623 1784 653 ut
1799 627 1816 658 5

456 685 622 734 loquitur
641 686 733 722 illud
755 686 948 723 canticum
968 692 1004 723 et
1024 692 1151 723 textus
1172 685 1271 723 Gen.
1291 686 1326 722 ii.
1353 699 1384 730 1,
1405 686 1572 723 ostendit
1592 698 1632 723 se
1652 686 1690 722 in
1712 685 1784 723 hoc

455 767 538 792 esse
560 768 708 793 summe
738 756 988 804 magnificum
1009 762 1122 804 atque
1152 755 1354 792 mirificum
1366 769 1376 802 ;
1407 763 1443 793 et
1464 756 1676 805 specialiter
1696 768 1785 793 curn

455 826 671 863 dominium
693 838 804 862 suum
825 832 903 862 tam
923 827 1096 875 graciose
1117 826 1378 863 communicat
1407 832 1487 862 tam
1508 826 1646 874 angelo
1667 838 1785 874 quam

455 895 613 942 homini,
636 902 676 932 ut
696 896 734 932 in
756 896 1004 945 sequentibus
1025 896 1258 933 ostendetur.
1315 895 1365 933 Et
1386 895 1474 933 hinc
1495 896 1685 933 condecet
1705 896 1784 933 eius

455 966 799 1014 magnificenciam,
834 966 939 1015 quod
973 979 1043 1015 pro
1076 966 1236 1003 servicio
1269 966 1328 1003 vel
1361 966 1560 1015 temporali
1598 966 1655 1003 vel
1694 966 1782 1003 dato
1800 977 1838 1001 10

454 1036 556 1072 labili
577 1036 622 1073 de
644 1036 757 1073 bonis
778 1037 941 1085 propriis
955 1036 1181 1085 largissime,
1206 1037 1525 1081 constantissime,
1547 1042 1583 1073 et
1603 1036 1783 1085 propriis-

455 1107 548 1144 sime
570 1106 632 1144 det
652 1113 795 1145 eterna.
854 1107 952 1144 Vide
973 1106 1070 1144 libro
1090 1107 1208 1145 tercio
1230 1107 1276 1145 de
1296 1107 1469 1144 humano
1491 1106 1677 1144 Dominio
1697 1128 1760 1142 —-.

878 1379 896 1399 *
914 1380 1239 1419 CAPITULUM
1280 1380 1348 1418 IV.
1795 1384 1827 1412 D

507 1492 634 1532 Dicro
655 1493 703 1530 de
723 1500 810 1530 actu
832 1493 1056 1531 donacionis
1075 1500 1113 1530 et
1134 1492 1417 1542 acceptacionis
1438 1492 1562 1529 divine
1579 1492 1780 1541 quomodo

451 1564 711 1613 propriissime
725 1565 805 1601 sine
825 1564 1060 1601 alienacione
1076 1563 1223 1600 donarii
1244 1563 1329 1600 Deo
1345 1562 1558 1608 conveniat,
1575 1562 1781 1599 dicendum
1799 1575 1835 1607 15

451 1641 508 1671 est
529 1634 576 1671 de
597 1634 717 1671 tribus
738 1634 885 1671 actibus
906 1634 969 1682 qui
985 1634 1108 1671 eciam
1123 1640 1285 1682 possunt
1301 1634 1399 1669 inter
1418 1632 1593 1669 homines
1613 1633 1782 1670 exerceri

452 1710 601 1742 servato
628 1705 812 1749 dominio,
841 1703 993 1750 scilicet,
1016 1711 1198 1752 prestare,
1229 1703 1495 1748 accomodare,
1526 1709 1563 1739 et
1593 1709 1779 1739 mutuare.

451 1774 582 1812 Primo
612 1782 739 1812 autem
766 1774 981 1812 notandum
1005 1774 1111 1823 quod
1134 1774 1327 1823 tripliciter
1352 1773 1391 1809 in
1421 1785 1560 1822 genere
1591 1773 1781 1821 contingit

450 1846 651 1883 dominum
679 1845 880 1883 licenciare
901 1845 1061 1882 alterum
1090 1844 1139 1881 ad
1160 1844 1275 1893 gratis
1303 1843 1569 1893 accipiendum
1590 1855 1702 1880 usum
1723 1844 1779 1880 sui

449 1917 618 1964 possessi
654 1915 843 1953 servando
884 1916 954 1952 sibi
989 1914 1202 1951 dominium
1237 1922 1274 1951 et
1313 1914 1532 1963 potenciam
1570 1913 1776 1963 repetendi.
1795 1927 1834 1948 20

449 1985 578 2023 Primo
598 1986 727 2031 modo,
742 1986 922 2022 illimitate
943 1985 1072 2033 quoad
1092 1997 1205 2022 usum
1225 1990 1262 2021 et
1282 1992 1453 2033 tempus;
1484 1991 1521 2021 et
1541 1991 1630 2021 tunc
1653 1996 1675 2020 a
1694 1985 1778 2034 qui-

449 2056 614 2093 busdam
644 2063 798 2093 vocatur
821 2057 1035 2105 prestacz'o:
1078 2055 1180 2091 unde
1215 2062 1385 2104 prestare
1414 2054 1549 2091 dicitur
1579 2054 1687 2102 quasi
1708 2062 1779 2103 pre

448 2131 558 2171 stare,
577 2126 684 2175 quasi
698 2133 871 2175 prestans
887 2125 1107 2163 facultatem
1123 2125 1273 2167 habeat,
1290 2124 1602 2174 quandocunque
1616 2125 1776 2170 libuerit,

447 2197 647 2245 prestitum
668 2196 889 2245 repetendi;
921 2196 1019 2232 sicut
1038 2195 1219 2232 dominus
1248 2201 1424 2244 prestans
1444 2194 1626 2232 habendo
1647 2207 1776 2232 coram

448 2278 488 2303 se
513 2266 705 2303 subditum
732 2272 858 2314 potest
885 2266 934 2303 ad
955 2273 1087 2302 votum
1114 2266 1216 2302 bona
1242 2265 1396 2314 propria
1426 2271 1596 2313 repetere
1618 2265 1775 2313 quando
1791 2278 1828 2310 25

447 2336 580 2385 placet.
640 2335 820 2373 Secundo
847 2335 977 2380 modo,
1009 2335 1206 2372 limitando
1231 2335 1289 2371 vel
1315 2346 1428 2371 usum
1456 2335 1514 2371 vel
1539 2341 1691 2383 tempus
1717 2335 1776 2372 vel

448 2413 675 2455 utrumque;
717 2413 754 2443 et
785 2412 874 2443 tunc
909 2406 1045 2443 dicitur
1076 2405 1347 2442 accomodacz'o:
1385 2404 1486 2441 unde
1521 2404 1775 2442 accomodare

449 2477 585 2513 dicitur
618 2476 726 2524 quasi
758 2477 880 2524 aliquo
914 2477 1013 2512 modo
1044 2475 1133 2511 dare
1166 2475 1223 2511 vel
1257 2475 1311 2511 ad
1343 2475 1562 2511 commodum
1603 2476 1701 2521 dare,
1738 2482 1775 2512 et

446 2553 647 2594 utrumque
668 2547 826 2583 istorum
853 2546 945 2594 petit
969 2545 1308 2583 conservacionem
1336 2544 1508 2581 eiusdem
1533 2545 1572 2580 in
1599 2556 1772 2590 numero,

447 2622 488 2653 ut
513 2616 632 2664 possit
652 2628 699 2653 ex
729 2615 859 2652 debito
881 2615 1084 2652 vendicari.
1143 2614 1286 2651 Tercio
1316 2614 1433 2651 modo
1463 2614 1652 2663 contingit
1682 2626 1772 2651 usus
1787 2627 1828 2657 30

482 2718 502 2733 1.
525 2708 705 2734 liberalitate
720 2708 741 2733 Β
753 2708 775 2734 C
787 2715 793 2733 ;
811 2707 883 2733 sicut
897 2713 923 2733 et
937 2709 961 2733 A
975 2708 1063 2733 altera
1077 2716 1159 2732 manu
1174 2715 1207 2732 ex
1221 2707 1355 2733 libertate
1368 2712 1530 2733 correctum.
1653 2709 1677 2732 6.
1698 2708 1774 2733 illud

449 2742 470 2767 B
483 2748 488 2767 2
507 2751 561 2767 om.
576 2741 601 2766 A
612 2741 640 2767 C,
783 2743 805 2767 8.
827 2742 1019 2768 communicat
1032 2741 1057 2765 A
1068 2741 1090 2767 C
1102 2747 1108 2766 ε
1127 2742 1350 2766 covmmnicavit
1365 2741 1395 2767 B.
1564 2749 1600 2771 15.
1623 2742 1773 2766 conveniat

446 2776 471 2800 A
482 2775 521 2800 C:
542 2776 711 2801 conwm'ant
727 2775 756 2800 B.
892 2776 929 2800 18.
948 2775 1090 2806 contingit
1106 2775 1142 2799 ss:
1164 2776 1189 2807 92
1203 2775 1228 2800 A
1240 2775 1269 2800 (ὲ.
1422 2783 1459 2806 30.
1481 2775 1620 2807 contingit
1635 2774 1672 2800 B:
1693 2774 1717 2806 9‘
1732 2774 1754 2799 C
1767 2780 1772 2799 z

447 2808 506 2840 9ue‘
519 2809 552 2835 Α.
