2008 3305
218 205 304 233 CAP.
320 190 377 249 v.]
706 202 852 233 LIBER
883 201 1080 233 PniMus.
1777 198 1830 242 37

102 322 196 363 1213]
210 323 342 366 posset
362 323 515 365 tempus
535 315 671 361 facere,
691 328 931 362 conservare,
954 316 1132 361 vendere,
1156 315 1347 359 abdicare,
1369 321 1406 351 et
1426 313 1480 350 sic
1501 313 1547 350 de

210 388 294 425 aliis
314 387 578 425 accidentibus
607 387 768 424 dominii
793 399 891 436 quos
917 392 1048 436 posset
1079 386 1180 423 circa
1206 384 1430 422 sublunaria
1455 395 1546 433 pos-

209 470 314 496 sessa
348 470 551 496 exercere:
602 464 659 494 est
690 469 785 506 ergo
824 457 944 494 homo
979 456 1211 505 incomplete
1245 462 1284 493 et
1322 454 1544 504 imperfecte

208 529 389 566 dominus
410 528 608 577 temporis.

174 604 192 636 5
261 598 312 636 Et
332 611 379 636 ex
400 599 474 636 isto
493 598 651 647 capiunt
672 597 787 647 logici
807 597 1046 635 evidenciam
1063 595 1250 633 suadendi
1266 595 1372 644 quod
1385 595 1545 644 quilibet

205 669 339 706 beatus
366 676 423 706 est
449 668 643 705 infinitum
671 680 837 717 magnus
863 668 1056 714 dominus,
1079 674 1116 705 et
1144 667 1197 704 sic
1227 666 1464 710 immensus;
1496 677 1544 702 eo

204 739 310 788 quod
336 738 563 785 dominium,
587 745 629 775 ut
653 738 882 783 diuturnius,
903 739 956 775 sic
985 744 1042 775 est
1066 737 1214 775 maius:
1246 737 1314 774 sed
1343 736 1544 773 cuiuslibet

202 810 304 847 beati
317 816 374 847 est
387 809 603 847 dominium
619 821 776 846 suorum
793 816 949 846 actuum
966 809 1254 857 sempiternum,
1273 808 1372 844 sicut
1391 814 1429 844 et
1450 814 1544 844 tem-

200 880 306 929 poris
318 880 533 917 dominium
548 892 559 926 3
590 892 685 928 ergo
705 886 762 917 est
780 879 973 916 infinitum
990 891 1188 928 magnum.
1236 878 1287 914 Et
1306 878 1358 914 ita
1377 883 1544 926 arguunt

150 959 189 982 10
202 950 416 988 dominium
436 949 685 988 terminatum
705 949 755 986 ad
774 956 902 998 partes
925 948 1199 999 quantitativas
1226 948 1360 997 quanti
1381 947 1542 984 subiecti

199 1020 462 1070 permanentis
482 1032 566 1058 esse
590 1020 693 1057 mole
717 1031 916 1069 magnum,
940 1020 1037 1057 sicut
1064 1019 1278 1056 dominium
1308 1018 1362 1056 rei
1389 1030 1540 1055 succes-

199 1092 277 1128 sive
297 1091 411 1128 habet
430 1090 738 1139 magnitudinem
760 1090 1038 1127 successivam:
1068 1089 1136 1126 sed
1156 1096 1334 1125 neutrum
1355 1089 1537 1137 sequitur.

198 1160 301 1198 Nam
323 1161 376 1198 sic
392 1173 509 1198 omne
526 1161 759 1209 sempiterne
776 1160 999 1197 diuturnum
1015 1159 1112 1197 foret
1127 1159 1320 1200 infinitum
1335 1170 1536 1207 magnum,

195 1238 238 1269 ut
267 1231 413 1280 singule
441 1238 570 1280 partes
599 1230 682 1277 celi,
712 1243 783 1268 nec
813 1237 941 1280 potest
970 1229 1114 1280 aliquid
1142 1236 1268 1279 preter
1296 1228 1425 1266 Deum
1454 1241 1539 1267 esse

144 1302 389 1339 15infinitum
418 1313 617 1351 magnum,
641 1301 789 1339 infinite
818 1301 980 1350 longum
1009 1301 1068 1338 vel
1098 1300 1332 1345 diuturnum,
1364 1306 1405 1336 ut
1433 1305 1539 1348 patet

195 1372 342 1420 logicis.
399 1371 515 1409 Unde
550 1371 767 1409 dominium
800 1372 925 1409 tocius
951 1371 1136 1420 temporis
1160 1381 1241 1407 non
1267 1376 1326 1407 est
1346 1370 1538 1406 infinitum

152 1443 318 1480 Omaius
356 1442 528 1479 dominio
566 1442 754 1488 instantis,
785 1454 874 1479 cum
909 1442 1016 1479 finita
1054 1440 1243 1478 instancia
1282 1440 1369 1487 sint,
1394 1441 1415 1463 ’¹‘
1446 1440 1538 1490 quia

193 1513 324 1550 omnia
363 1525 438 1562 que
477 1518 565 1549 sunt
604 1513 796 1561 integrant
824 1519 948 1550 totum
978 1519 1142 1560 tempus,
1173 1523 1340 1559 quorum
1369 1523 1449 1548 non
1478 1517 1536 1548 est

191 1583 380 1628 ultimum,
410 1583 498 1620 licet
528 1583 615 1619 finis
643 1589 732 1631 post
770 1583 902 1620 omnia
939 1582 1003 1619 illa
1032 1589 1069 1619 et
1099 1581 1249 1631 singula
1278 1581 1324 1618 sit
1354 1581 1535 1619 dominus

138 1666 178 1687 20
192 1653 300 1691 Deus
341 1660 484 1690 noster.
553 1653 643 1702 Ipse
670 1653 775 1690 enim
805 1660 862 1690 est
889 1653 1120 1702 principium
1150 1659 1188 1689 et
1218 1652 1303 1688 finis
1332 1651 1534 1689 cuiuslibet

190 1731 371 1762 creature.
427 1723 478 1760 Et
501 1735 592 1761 cum
617 1735 732 1761 omne
760 1724 975 1761 subiectum
1001 1723 1160 1760 dominii
1191 1722 1237 1759 sit
1260 1728 1397 1758 natura
1420 1722 1533 1759 intel-

188 1794 371 1840 lectualis,
401 1800 438 1831 et
466 1805 535 1843 per
569 1806 815 1843 consequens
852 1794 956 1831 mole
995 1792 1243 1837 indivisibilis,
1282 1799 1386 1841 patet
1426 1792 1533 1841 quod

188 1864 338 1901 nullum
358 1871 416 1901 est
437 1864 652 1901 dominium
673 1864 775 1902 mole
795 1876 994 1914 magnum.

244 1934 425 1973 Secundo
451 1935 577 1984 arguit
604 1935 707 1972 idem
732 1934 914 1972 dominus
933 1933 1050 1983 quod,
1072 1946 1142 1982 per
1161 1933 1525 1982 multiplicacionem
1540 1942 1563 1968 b.
1586 1941 1732 1970 ‘Because
1745 1945 1784 1977 by

1540 1976 1588 2002 the
1596 1977 1812 2010 multiplication

135 2014 173 2046 25
188 2004 412 2043 donacionis
432 2005 491 2043 vel
510 2005 722 2043 oblacionis
742 2004 840 2042 facte
856 2004 944 2042 Deo
965 2005 1012 2042 de
1033 2004 1170 2041 eadem
1190 2011 1373 2049 creatura,
1395 2010 1526 2052 posset
1539 2010 1789 2076 οὓῑοῇτεῐιῃτιίἓὴιῗᾶιὲῑω

187 2075 295 2113 Deus
321 2076 516 2125 acquirere
542 2075 691 2113 infinita
718 2075 900 2113 dominia.
959 2075 1036 2112 Sed
1059 2075 1223 2123 probato
1249 2073 1355 2123 quod
1379 2073 1524 2110 infinite
1538 2077 1741 2143 possidrghiirssfipite

186 2152 358 2183 creature
374 2146 542 2183 offerunt
558 2146 645 2183 Deo
661 2146 848 2183 infinicies
868 2145 971 2182 idem
992 2144 1225 2182 dominabile
1241 2144 1300 2181 vel
1320 2144 1522 2189 diversum,
1538 2154 1722 2215 ψὲιῐςξιῑςὲςεέ
1733 2155 1786 2182 isit

1537 2197 1554 2213 a
1577 2197 1614 2213 ml
1642 2198 1656 2214 e
1690 2198 1706 2215 Ο

185 2216 359 2253 concedo
379 2216 683 2262 conclusionem,
704 2216 801 2253 sicut
820 2216 1071 2265 Augustinus,
1092 2227 1152 2252 xv.
1169 2215 1215 2252 de
1237 2214 1437 2260 Trinitate,
1461 2227 1523 2262 31,
1536 2222 1730 2282 Egssssssdffight
1744 2223 1778 2249 be

187 2286 366 2324 concedit
386 2287 432 2324 de
450 2287 708 2336 replicacione
724 2293 880 2323 actuum
897 2286 1138 2323 reflexorum.
1182 2284 1258 2322 Sed
1274 2297 1355 2322 non
1372 2292 1524 2334 oportet
1683 2276 1689 2283 ⁸

132 2368 173 2399 30
187 2363 390 2406 expectare
428 2358 708 2406 probacionem
752 2356 885 2394 talium
925 2369 1097 2394 casuum.
1167 2355 1251 2393 Nec
1292 2362 1458 2405 oportet,
1494 2357 1525 2394 si

184 2426 486 2476 quotlibet-talia
513 2428 686 2465 dominia
710 2427 817 2465 Deus
840 2428 990 2473 habeat,
1012 2426 1118 2477 quod
1144 2426 1285 2463 habeat
1308 2427 1440 2464 omnia
1462 2427 1525 2465 illa

184 2497 308 2543 simul,
339 2510 430 2535 cum
460 2498 677 2535 dominium
704 2498 844 2535 decidit
869 2498 1094 2535 dominabili
1124 2497 1335 2534 decidente.
1392 2497 1442 2535 Et
1468 2498 1522 2536 sic

182 2568 294 2605 nobis
320 2568 469 2609 infinita
499 2568 670 2605 dominia
699 2568 814 2605 habet
837 2567 946 2605 Deus
975 2568 1022 2606 de
1052 2568 1240 2617 quotlibet
1269 2576 1520 2617 permanente

182 2644 262 2675 tam
283 2638 395 2675 simul
415 2651 533 2688 quarn
554 2639 678 2676 eciam
699 2639 922 2676 successive.

486 2745 526 2768 17.
545 2735 607 2761 sint
619 2744 674 2762 orn.
689 2735 720 2761 B.
893 2746 933 2761 20.
955 2737 964 2765 {l
977 2736 1047 2761 deus
1062 2735 1084 2761 B
1097 2736 1115 2761 f.
1130 2745 1178 2768 217
1188 2743 1213 2762 c.

283 2805 331 2835 28.
358 2805 566 2847 Apparently
582 2805 722 2846 August.
739 2805 780 2837 de
796 2807 886 2837 Trin.
905 2817 957 2838 xv.
979 2816 1014 2837 12
1036 2808 1052 2843 ξ
1074 2816 1123 2845 21,
1141 2806 1231 2848 Opp.
1249 2807 1279 2840 8.
1296 2807 1370 2848 982.
