2008 3305
191 197 277 225 CAP.
301 183 360 240 x.]
674 194 817 225 LIBER
850 194 1046 226 PRIMUS.

74 308 172 350 22D]
186 321 304 359 quare
339 309 455 347 nichil
485 309 598 346 simul
632 316 689 346 est
723 316 760 347 et
794 322 875 347 non
906 316 971 354 est,
994 322 1112 359 quare
1139 309 1285 346 nullum
1312 322 1435 359 genus
1461 317 1519 348 est

89 387 172 416 23A
185 380 298 425 aliud,
329 386 365 417 et
397 379 449 417 sic
480 379 529 416 de
554 379 688 416 ceteris
718 380 995 428 negacionibus
1027 378 1045 398 *
1063 379 1239 417 absolute
1263 381 1499 417 necessariis.

238 450 350 496 Item,
383 450 509 499 posito
542 449 647 498 quod
675 462 755 487 non
785 451 831 488 sit
861 451 1035 488 essencia
1075 450 1260 495 absoluta,
1295 450 1365 488 sed
1398 450 1517 488 multa

182 521 385 570 signabilia
404 533 521 569 posse
541 533 635 566 esse,
658 528 823 568 ponatur
852 522 957 570 quod
983 522 1023 557 in
1043 534 1064 558 B
1085 521 1242 559 instanti
1261 521 1419 570 incipiat
1433 533 1519 559 esse

151 591 410 634 =§intellectiva
428 592 612 637 essencia,
634 605 708 641 que
737 593 782 629 sit
809 605 841 637 c,
862 593 986 641 prima
1007 592 1182 629 omniurn
1204 597 1452 628 naturarum:
1483 598 1520 628 et

182 668 286 711 patet
299 661 404 711 quod
419 674 444 699 A
458 662 632 700 essencia
647 670 805 708 creatur,
828 663 916 711 quia
929 662 1149 711 producitur
1166 674 1187 699 a
1201 674 1297 711 puro
1310 673 1394 699 esse
1410 661 1520 698 intel-

181 732 314 781 ligibili
334 732 383 769 ad
404 732 650 770 existenciam
676 733 889 779 actualem3
920 740 957 770 et
978 745 1068 770 cum
1089 744 1170 770 non
1196 731 1404 769 inmediate
1429 744 1451 769 a
1478 743 1518 769 se

181 809 333 840 creatur
353 815 424 840 nec
452 815 476 840 a
495 804 708 852 negacione
728 803 786 840 vel
814 815 929 852 posse
956 803 1097 852 logico,
1119 815 1209 840 cum
1235 803 1408 840 actiones
1430 809 1519 840 sunt

184 872 309 910 solum
340 874 641 922 suppositorum,
678 874 846 922 sequitur
884 874 990 923 quod
1027 881 1085 911 est
1118 873 1208 910 dare
1247 880 1425 910 naturam
1459 872 1518 910 vel

128 957 168 981 10
182 944 397 981 essenciam
418 943 650 992 singularem
672 944 887 981 naturaliter
906 944 1191 994 precedentem.
1248 943 1298 980 Et
1315 943 1362 980 de
1383 943 1445 981 illa
1461 950 1519 981 est

181 1014 390 1052 conformis
425 1014 624 1059 deduceio‚
658 1015 713 1052 sic
743 1015 992 1064 procedendo
1022 1015 1205 1052 continue
1235 1025 1436 1064 quousque
1468 1014 1518 1051 ad

179 1085 344 1133 primam
364 1085 581 1122 essenciam
606 1085 670 1122 fiat
697 1092 825 1123 status.
884 1084 1015 1123 Omne
1045 1097 1213 1134 namque
1238 1096 1362 1134 agens
1385 1097 1454 1133 per
1478 1097 1518 1122 se

180 1162 218 1193 et
244 1156 370 1205 primo
390 1162 449 1193 est
468 1156 572 1205 prius
597 1155 819 1193 naturaliter
848 1164 956 1193 extra
975 1155 1099 1194 facto:
1128 1167 1234 1205 ymo,
1256 1155 1287 1192 si
1312 1154 1362 1192 de
1383 1166 1515 1192 neces-

180 1226 290 1263 sitate
323 1232 457 1263 nature
492 1226 652 1263 adextra
685 1227 896 1264 causaverit
929 1227 1065 1271 adhuc,
1097 1238 1186 1263 cum
1215 1226 1515 1274 presupponitur

126 1306 165 1339 15
183 1297 232 1334 ad
267 1308 378 1334 suam
411 1297 670 1342 causanciam,
699 1303 736 1334 et
769 1297 853 1346 ipsa
881 1298 1181 1347 presupponitur
1209 1296 1258 1334 ad
1289 1301 1514 1341 causatum;

181 1374 285 1416 patet
314 1368 419 1416 quod
438 1379 549 1404 mens
575 1367 797 1417 philosophi
823 1380 904 1406 non
925 1369 1116 1406 consentit
1135 1367 1241 1416 quod
1260 1367 1362 1404 idem
1383 1379 1450 1416 per
1474 1378 1515 1404 se

175 1445 216 1475 et
234 1438 455 1475 immediate
476 1450 516 1476 se
537 1438 663 1487 ipsum
684 1439 832 1475 efficiat.

230 1509 339 1555 Item,
354 1509 698 1558 proporcionaliter
717 1516 759 1546 ut
778 1522 837 1546 res
853 1515 910 1547 est
923 1516 1059 1547 natura
1074 1509 1189 1558 prior,
1204 1516 1404 1557 tamquam
1424 1508 1511 1545 finis

132 1584 135 1585 ’
177 1586 215 1617 et
235 1580 414 1626 efficiens,
437 1587 494 1617 est
520 1580 604 1629 ipsa
627 1579 759 1617 melior
778 1587 815 1617 et
830 1592 897 1629 per
917 1592 1163 1629 consequens
1178 1580 1404 1629 diligibilior,
1426 1591 1514 1616 cum

123 1660 165 1682 20
178 1651 260 1688 eius
285 1650 453 1700 privacio
479 1649 577 1687 foret
602 1650 710 1699 peior
730 1657 767 1688 et
786 1650 944 1688 effectus
966 1651 1182 1700 cognitivus
1204 1652 1249 1688 sit
1270 1651 1342 1688 sibi
1361 1650 1408 1687 de
1428 1650 1514 1699 lege

177 1729 310 1758 nature
340 1721 578 1770 obligacior:
620 1721 687 1758 sed
716 1721 862 1758 nullum
897 1733 1012 1770 posse
1043 1722 1215 1771 logicum
1245 1722 1322 1759 sive
1352 1721 1514 1770 negacio

177 1799 304 1842 potest
333 1791 496 1829 finaliter
524 1791 695 1840 quietare
724 1792 960 1830 racionalem
989 1799 1178 1838 naturam,
1205 1805 1299 1842 ergo
1328 1805 1399 1830 nec
1430 1804 1514 1829 esse

174 1863 396 1912 simpliciter
411 1862 534 1911 prima
555 1874 680 1900 causa.
733 1861 826 1899 Non
844 1874 937 1912 ergo
953 1864 1097 1912 gaudet
1118 1871 1292 1901 creatura
1311 1863 1514 1901 racionalis

178 1936 218 1972 in
246 1934 467 1971 huiusmodi
494 1945 578 1971 esse
607 1933 746 1982 logico,
777 1933 882 1982 quod
912 1946 984 1971 nec
1015 1941 1141 1983 potest
1168 1935 1207 1971 in
1237 1947 1277 1972 se
1303 1935 1513 1984 quiescere,

121 2017 160 2049 25
177 2006 318 2042 effectu
337 2004 465 2052 aliquo
487 2004 730 2041 dominanter
750 2004 814 2049 uti,
828 2004 986 2041 adextra
1006 2005 1204 2053 providere
1224 2006 1283 2042 vel
1303 2018 1428 2054 agere,
1450 2012 1515 2042 aut

129 2087 159 2116 Β
173 2082 305 2114 actum
318 2075 529 2123 sagffciter
541 2075 769 2123 gubernare.
795 2074 958 2123 Oportet
974 2088 1067 2124 ergo
1083 2076 1188 2125 quod
1201 2083 1335 2114 natura
1351 2077 1514 2125 positiva

175 2146 362 2196 quietetur
388 2146 427 2182 in
455 2157 607 2183 summo
633 2145 797 2194 positivo
825 2146 965 2183 directe
993 2146 1140 2192 intuito,
1169 2147 1275 2195 quod
1305 2146 1513 2196 superemi-

176 2223 311 2254 nenter
330 2216 469 2253 habeat
489 2216 686 2253 racionem
708 2216 984 2265 cuiuscumque
1006 2216 1258 2266 perfeccionis
1278 2218 1510 2267 simpliciter,

176 2287 359 2337 quoniam
375 2286 511 2323 melius
525 2292 580 2323 est
594 2286 737 2335 aliquid
754 2286 892 2323 habere
907 2299 1021 2336 quam
1037 2294 1096 2324 est
1111 2287 1252 2337 aliquid
1268 2300 1349 2325 non
1362 2288 1513 2325 habere.

121 2374 162 2405 30
175 2358 283 2395 Deus
304 2369 397 2406 ergo
419 2363 549 2395 noster
565 2369 646 2394 non
666 2363 722 2394 est
738 2369 806 2394 ens
826 2369 920 2406 pure
939 2357 1120 2407 logicum,
1138 2358 1206 2396 sed
1222 2365 1355 2396 natura
1369 2359 1512 2408 plenis-

174 2430 283 2475 sima,
308 2428 536 2473 felicissima,
559 2428 855 2474 absolutissima,
876 2435 913 2465 et
940 2436 1044 2466 tante
1071 2429 1253 2467 bonitatis
1279 2442 1324 2467 ac
1350 2430 1510 2479 positive

174 2499 397 2538 cons'tancie
426 2505 568 2548 quante
597 2511 707 2535 mens
737 2505 864 2536 creata
893 2500 1033 2548 poterit
1061 2501 1252 2549 cogitare;
1288 2501 1379 2551 quia
1407 2500 1512 2538 iuxta

173 2571 370 2608 racionem
400 2569 616 2616 Anshelmi,
638 2569 729 2607 dato
758 2570 864 2618 quod
893 2570 1037 2620 cogitet
1065 2571 1275 2618 meliorem,
1296 2571 1355 2609 vel
1384 2571 1513 2609 existit

209 2657 232 2680 3.
252 2648 351 2673 multa
365 2646 400 2672 Α1
415 2647 609 2679 (expunctum)
622 2647 661 2673 B:
682 2646 746 2678 inm,
762 2647 815 2673 hoc
828 2652 869 2673 est
883 2648 1038 2678 intellecta,
1053 2648 1092 2673 Α2
1105 2647 1143 2680 (in
1157 2649 1259 2682 marg.)
1271 2649 1302 2676 C.
1384 2658 1424 2682 23.
1446 2653 1511 2681 post

174 2682 335 2707 racionalis
350 2681 525 2713 Bfinalz'z‘er
536 2680 629 2706 habet.
676 2690 716 2714 ²9·
740 2682 749 2710 H
762 2689 817 2706 non
832 2681 854 2706 Β
868 2681 885 2706 f.
902 2691 951 2706 222
962 2690 986 2707 c.

217 2749 269 2780 33.
294 2740 401 2771 quta
424 2740 588 2771 racionem
611 2740 799 2778 Anshelmi,
815 2741 1010 2781 apparently
1027 2752 1046 2772 a
1068 2741 1201 2783 general
1224 2742 1385 2774 reference
1402 2746 1438 2774 to
1455 2741 1510 2774 the

173 2796 347 2833 argument
363 2792 401 2823 of
414 2792 469 2824 the
486 2791 575 2832 early
591 2796 664 2833 part
681 2792 719 2823 of
731 2791 787 2824 the
804 2792 1050 2835 Monologium.

1596 456 1635 483 iii.

1588 1514 1625 1542 iv.
