<?xml version="1.0" encoding="UTF-8"?>
<!DOCTYPE html PUBLIC "-//W3C//DTD XHTML 1.0 Transitional//EN"
    "http://www.w3.org/TR/xhtml1/DTD/xhtml1-transitional.dtd">
<html xmlns="http://www.w3.org/1999/xhtml" xml:lang="en" lang="en">
 <head>
  <title>
</title>
<meta http-equiv="Content-Type" content="text/html;charset=utf-8" />
  <meta name='ocr-system' content='tesseract 3.04.00' />
  <meta name='ocr-capabilities' content='ocr_page ocr_carea ocr_par ocr_line ocrx_word'/>
</head>
<body>
  <div class='ocr_page' id='page_1' title='image "./dedominiodivinol00wycl_0417.png"; bbox 0 0 2095 3278; ppageno 0'>
   <div class='ocr_carea' id='block_1_1' title="bbox 68 192 1304 252">
    <p class='ocr_par' dir='ltr' id='par_1_1' title="bbox 68 192 1304 252">
     <span class='ocr_line' id='line_1_1' title="bbox 68 192 1304 252; baseline 0 -17"><span class='ocrx_word' id='word_1_1' title='bbox 68 208 155 236; x_wconf 86' lang='lat' dir='ltr'>CAP.</span> <span class='ocrx_word' id='word_1_2' title='bbox 174 192 279 252; x_wconf 70' lang='lat' dir='ltr'>XIX]</span> <span class='ocrx_word' id='word_1_3' title='bbox 620 206 684 237; x_wconf 92' lang='lat' dir='ltr'>DE</span> <span class='ocrx_word' id='word_1_4' title='bbox 716 206 958 239; x_wconf 86' lang='lat' dir='ltr'><strong>PAUPERIE</strong></span> <span class='ocrx_word' id='word_1_5' title='bbox 991 206 1304 238; x_wconf 88' lang='lat' dir='ltr'><strong>SALVATORIS.</strong></span> 
     </span>
    </p>
   </div>
   <div class='ocr_carea' id='block_1_2' title="bbox 178 309 1605 470">
    <p class='ocr_par' dir='ltr' id='par_1_2' title="bbox 178 309 1605 470">
     <span class='ocr_line' id='line_1_2' title="bbox 178 309 1604 357; baseline -0.001 -11"><span class='ocrx_word' id='word_1_6' title='bbox 178 315 272 357; x_wconf 84' lang='lat' dir='ltr'><strong>21A]</strong></span> <span class='ocrx_word' id='word_1_7' title='bbox 286 309 447 354; x_wconf 89' lang='lat' dir='ltr'>corporis</span> <span class='ocrx_word' id='word_1_8' title='bbox 465 321 508 344; x_wconf 89' lang='lat' dir='ltr'>ac</span> <span class='ocrx_word' id='word_1_9' title='bbox 527 309 726 345; x_wconf 83' lang='lat' dir='ltr'>scienciam</span> <span class='ocrx_word' id='word_1_10' title='bbox 745 309 893 355; x_wconf 87' lang='lat' dir='ltr'>spiritus</span> <span class='ocrx_word' id='word_1_11' title='bbox 920 318 954 345; x_wconf 91' lang='lat' dir='ltr'>et</span> <span class='ocrx_word' id='word_1_12' title='bbox 980 310 1186 345; x_wconf 89' lang='lat' dir='ltr'>libertatem</span> <span class='ocrx_word' id='word_1_13' title='bbox 1212 310 1399 355; x_wconf 88' lang='lat' dir='ltr'>utriusque</span> <span class='ocrx_word' id='word_1_14' title='bbox 1424 309 1604 345; x_wconf 87' lang='lat' dir='ltr'>excludat.</span> 
     </span>
     <span class='ocr_line' id='line_1_3' title="bbox 283 367 1605 414; baseline 0.002 -12"><span class='ocrx_word' id='word_1_15' title='bbox 283 367 408 402; x_wconf 89' lang='lat' dir='ltr'>Adam</span> <span class='ocrx_word' id='word_1_16' title='bbox 435 380 521 412; x_wconf 89' lang='lat' dir='ltr'>ergo</span> <span class='ocrx_word' id='word_1_17' title='bbox 551 375 586 403; x_wconf 89' lang='lat' dir='ltr'>et</span> <span class='ocrx_word' id='word_1_18' title='bbox 614 368 667 402; x_wconf 91' lang='lat' dir='ltr'>sui</span> <span class='ocrx_word' id='word_1_19' title='bbox 698 369 747 403; x_wconf 87' lang='lat' dir='ltr'>ad</span> <span class='ocrx_word' id='word_1_20' title='bbox 774 369 979 403; x_wconf 88' lang='lat' dir='ltr'>dominium</span> <span class='ocrx_word' id='word_1_21' title='bbox 1009 369 1193 414; x_wconf 88' lang='lat' dir='ltr'>perditum</span> <span class='ocrx_word' id='word_1_22' title='bbox 1223 381 1287 414; x_wconf 92' lang='lat' dir='ltr'>per</span> <span class='ocrx_word' id='word_1_23' title='bbox 1314 376 1507 414; x_wconf 90' lang='lat' dir='ltr'>peccatum</span> <span class='ocrx_word' id='word_1_24' title='bbox 1540 380 1605 414; x_wconf 91' lang='lat' dir='ltr'>per</span> 
     </span>
     <span class='ocr_line' id='line_1_4' title="bbox 283 425 792 470; baseline 0.002 -10"><span class='ocrx_word' id='word_1_25' title='bbox 283 426 446 470; x_wconf 82' lang='lat' dir='ltr'>graciam</span> <span class='ocrx_word' id='word_1_26' title='bbox 462 426 605 461; x_wconf 87' lang='lat' dir='ltr'>fuerant</span> <span class='ocrx_word' id='word_1_27' title='bbox 622 425 792 461; x_wconf 85' lang='lat' dir='ltr'>restituti.</span> 
     </span>
    </p>
   </div>
   <div class='ocr_carea' id='block_1_3' title="bbox 65 533 1716 2836">
    <p class='ocr_par' dir='ltr' id='par_1_3' title="bbox 333 533 1716 581">
     <span class='ocr_line' id='line_1_5' title="bbox 333 533 1716 581; baseline 0.001 -12"><span class='ocrx_word' id='word_1_28' title='bbox 333 535 413 569; x_wconf 94' lang='lat' dir='ltr'>Nec</span> <span class='ocrx_word' id='word_1_29' title='bbox 431 535 553 569; x_wconf 85' lang='lat' dir='ltr'>obstat</span> <span class='ocrx_word' id='word_1_30' title='bbox 572 534 670 579; x_wconf 89' lang='lat' dir='ltr'>quod</span> <span class='ocrx_word' id='word_1_31' title='bbox 696 533 856 569; x_wconf 89' lang='lat' dir='ltr'>creditur</span> <span class='ocrx_word' id='word_1_32' title='bbox 873 546 896 568; x_wconf 92' lang='lat' dir='ltr'>a</span> <span class='ocrx_word' id='word_1_33' title='bbox 912 534 1107 580; x_wconf 88' lang='lat' dir='ltr'>plerisque,</span> <span class='ocrx_word' id='word_1_34' title='bbox 1127 534 1275 579; x_wconf 90' lang='lat' dir='ltr'>scilicet,</span> <span class='ocrx_word' id='word_1_35' title='bbox 1295 537 1394 581; x_wconf 87' lang='lat' dir='ltr'>quod</span> <span class='ocrx_word' id='word_1_36' title='bbox 1418 548 1484 581; x_wconf 89' lang='lat' dir='ltr'>pro</span> <span class='ocrx_word' id='word_1_37' title='bbox 1508 542 1605 571; x_wconf 90' lang='lat' dir='ltr'>statu</span> <span class='ocrx_word' id='word_1_38' title='bbox 1621 543 1716 574; x_wconf 82' lang='lat' dir='ltr'><strong>XIX.</strong></span> 
     </span>
    </p>

    <p class='ocr_par' dir='ltr' id='par_1_4' title="bbox 66 591 1607 1158">
     <span class='ocr_line' id='line_1_6' title="bbox 252 591 1606 637; baseline 0.002 -12"><span class='ocrx_word' id='word_1_39' title='bbox 252 600 269 631; x_wconf 89' lang='lat'>5</span> <span class='ocrx_word' id='word_1_40' title='bbox 284 591 497 627; x_wconf 79' lang='lat' dir='ltr'><strong>innocencie</strong></span> <span class='ocrx_word' id='word_1_41' title='bbox 514 592 637 626; x_wconf 88' lang='lat' dir='ltr'>Adam</span> <span class='ocrx_word' id='word_1_42' title='bbox 655 598 798 636; x_wconf 90' lang='lat' dir='ltr'>poterat</span> <span class='ocrx_word' id='word_1_43' title='bbox 818 593 995 634; x_wconf 87' lang='lat' dir='ltr'>volucres,</span> <span class='ocrx_word' id='word_1_44' title='bbox 1015 593 1147 637; x_wconf 81' lang='lat' dir='ltr'>pisces,</span> <span class='ocrx_word' id='word_1_45' title='bbox 1166 605 1210 627; x_wconf 85' lang='lat' dir='ltr'>ac</span> <span class='ocrx_word' id='word_1_46' title='bbox 1228 594 1378 636; x_wconf 81' lang='lat' dir='ltr'>bestias,</span> <span class='ocrx_word' id='word_1_47' title='bbox 1398 595 1474 628; x_wconf 87' lang='lat' dir='ltr'>solo</span> <span class='ocrx_word' id='word_1_48' title='bbox 1492 594 1606 628; x_wconf 85' lang='lat' dir='ltr'>verbo</span> 
     </span>
     <span class='ocr_line' id='line_1_7' title="bbox 283 649 1607 696; baseline 0 -12"><span class='ocrx_word' id='word_1_49' title='bbox 283 661 348 684; x_wconf 91' lang='lat' dir='ltr'>seu</span> <span class='ocrx_word' id='word_1_50' title='bbox 377 657 467 684; x_wconf 90' lang='lat' dir='ltr'>nutu</span> <span class='ocrx_word' id='word_1_51' title='bbox 498 661 624 694; x_wconf 89' lang='lat' dir='ltr'>parere</span> <span class='ocrx_word' id='word_1_52' title='bbox 655 649 723 684; x_wconf 91' lang='lat' dir='ltr'>sibi</span> <span class='ocrx_word' id='word_1_53' title='bbox 752 650 984 694; x_wconf 82' lang='lat' dir='ltr'><strong>compellere,</strong></span> <span class='ocrx_word' id='word_1_54' title='bbox 1015 651 1114 695; x_wconf 86' lang='lat' dir='ltr'>quod</span> <span class='ocrx_word' id='word_1_55' title='bbox 1144 662 1218 686; x_wconf 90' lang='lat' dir='ltr'>non</span> <span class='ocrx_word' id='word_1_56' title='bbox 1246 651 1390 696; x_wconf 84' lang='lat' dir='ltr'><strong>reperio</strong></span> <span class='ocrx_word' id='word_1_57' title='bbox 1420 652 1457 686; x_wconf 92' lang='lat' dir='ltr'>in</span> <span class='ocrx_word' id='word_1_58' title='bbox 1492 651 1607 686; x_wconf 86' lang='lat' dir='ltr'>sacris</span> 
     </span>
     <span class='ocr_line' id='line_1_8' title="bbox 283 706 1607 754; baseline 0.001 -12"><span class='ocrx_word' id='word_1_59' title='bbox 283 706 483 752; x_wconf 89' lang='lat' dir='ltr'>Scripturis</span> <span class='ocrx_word' id='word_1_60' title='bbox 508 719 745 752; x_wconf 84' lang='lat' dir='ltr'>expressum;</span> <span class='ocrx_word' id='word_1_61' title='bbox 773 707 957 752; x_wconf 83' lang='lat' dir='ltr'>quoniam,</span> <span class='ocrx_word' id='word_1_62' title='bbox 984 708 1106 752; x_wconf 78' lang='lat' dir='ltr'>posito</span> <span class='ocrx_word' id='word_1_63' title='bbox 1133 708 1184 743; x_wconf 90' lang='lat' dir='ltr'>ita</span> <span class='ocrx_word' id='word_1_64' title='bbox 1208 709 1331 752; x_wconf 86' lang='lat' dir='ltr'>fuisse,</span> <span class='ocrx_word' id='word_1_65' title='bbox 1359 709 1445 754; x_wconf 91' lang='lat' dir='ltr'>quia</span> <span class='ocrx_word' id='word_1_66' title='bbox 1471 709 1607 743; x_wconf 84' lang='lat' dir='ltr'>exerci-</span> 
     </span>
     <span class='ocr_line' id='line_1_9' title="bbox 237 765 1606 811; baseline 0.001 -12"><span class='ocrx_word' id='word_1_67' title='bbox 237 773 267 801; x_wconf 86' lang='lat' dir='ltr'>B</span> <span class='ocrx_word' id='word_1_68' title='bbox 282 765 378 799; x_wconf 90' lang='lat' dir='ltr'>cium</span> <span class='ocrx_word' id='word_1_69' title='bbox 392 765 545 799; x_wconf 89' lang='lat' dir='ltr'>dominii</span> <span class='ocrx_word' id='word_1_70' title='bbox 564 766 632 799; x_wconf 94' lang='lat' dir='ltr'>hec</span> <span class='ocrx_word' id='word_1_71' title='bbox 647 765 665 785; x_wconf 80' lang='grc'>*</span> <span class='ocrx_word' id='word_1_72' title='bbox 681 772 917 807; x_wconf 86' lang='lat' dir='ltr'><strong>concernunt,</strong></span> <span class='ocrx_word' id='word_1_73' title='bbox 937 777 1010 799; x_wconf 89' lang='lat' dir='ltr'>non</span> <span class='ocrx_word' id='word_1_74' title='bbox 1025 765 1240 801; x_wconf 81' lang='lat' dir='ltr'>immediate</span> <span class='ocrx_word' id='word_1_75' title='bbox 1255 767 1376 811; x_wconf 91' lang='lat' dir='ltr'>ipsum</span> <span class='ocrx_word' id='word_1_76' title='bbox 1391 767 1606 809; x_wconf 89' lang='lat' dir='ltr'>dominium,</span> 
     </span>
     <span class='ocr_line' id='line_1_10' title="bbox 66 822 1607 868; baseline 0.004 -15"><span class='ocrx_word' id='word_1_77' title='bbox 66 823 140 854; x_wconf 76' lang='lat' dir='ltr'>hec:</span> <span class='ocrx_word' id='word_1_78' title='bbox 157 823 212 854; x_wconf 77' lang='lat' dir='ltr'>hoc</span> <span class='ocrx_word' id='word_1_79' title='bbox 226 831 256 854; x_wconf 88' lang='grc' dir='ltr'>Β.</span> <span class='ocrx_word' id='word_1_80' title='bbox 281 828 316 857; x_wconf 89' lang='lat' dir='ltr'>et</span> <span class='ocrx_word' id='word_1_81' title='bbox 334 823 381 856; x_wconf 92' lang='lat' dir='ltr'>ob</span> <span class='ocrx_word' id='word_1_82' title='bbox 398 822 470 857; x_wconf 90' lang='lat' dir='ltr'>hoc</span> <span class='ocrx_word' id='word_1_83' title='bbox 489 823 568 857; x_wconf 92' lang='lat' dir='ltr'>sine</span> <span class='ocrx_word' id='word_1_84' title='bbox 587 822 836 857; x_wconf 88' lang='lat' dir='ltr'>diminucione</span> <span class='ocrx_word' id='word_1_85' title='bbox 856 822 1008 857; x_wconf 93' lang='lat' dir='ltr'>dominii</span> <span class='ocrx_word' id='word_1_86' title='bbox 1027 830 1171 868; x_wconf 88' lang='lat' dir='ltr'>poterat</span> <span class='ocrx_word' id='word_1_87' title='bbox 1191 823 1300 858; x_wconf 88' lang='lat' dir='ltr'>istam</span> <span class='ocrx_word' id='word_1_88' title='bbox 1318 824 1526 859; x_wconf 89' lang='lat' dir='ltr'>libertatem</span> <span class='ocrx_word' id='word_1_89' title='bbox 1545 836 1607 859; x_wconf 90' lang='lat' dir='ltr'>seu</span> 
     </span>
     <span class='ocr_line' id='line_1_11' title="bbox 231 880 1607 924; baseline 0.001 -10"><span class='ocrx_word' id='word_1_90' title='bbox 231 892 269 914; x_wconf 92' lang='lat'>10</span> <span class='ocrx_word' id='word_1_91' title='bbox 281 880 493 915; x_wconf 86' lang='lat' dir='ltr'>facultatem</span> <span class='ocrx_word' id='word_1_92' title='bbox 527 880 737 915; x_wconf 91' lang='lat' dir='ltr'>animancia</span> <span class='ocrx_word' id='word_1_93' title='bbox 770 880 993 924; x_wconf 90' lang='lat' dir='ltr'>subiugandi</span> <span class='ocrx_word' id='word_1_94' title='bbox 1034 881 1219 917; x_wconf 90' lang='lat' dir='ltr'>amittere:</span> <span class='ocrx_word' id='word_1_95' title='bbox 1262 882 1377 917; x_wconf 90' lang='lat' dir='ltr'>levius</span> <span class='ocrx_word' id='word_1_96' title='bbox 1410 882 1510 917; x_wconf 90' lang='lat' dir='ltr'>enim</span> <span class='ocrx_word' id='word_1_97' title='bbox 1544 889 1607 917; x_wconf 89' lang='lat' dir='ltr'>aut</span> 
     </span>
     <span class='ocr_line' id='line_1_12' title="bbox 282 938 1607 984; baseline 0.002 -12"><span class='ocrx_word' id='word_1_98' title='bbox 282 938 442 981; x_wconf 88' lang='lat' dir='ltr'>gravius,</span> <span class='ocrx_word' id='word_1_99' title='bbox 468 938 611 973; x_wconf 84' lang='lat' dir='ltr'>facilius</span> <span class='ocrx_word' id='word_1_100' title='bbox 645 950 709 973; x_wconf 87' lang='lat' dir='ltr'>seu</span> <span class='ocrx_word' id='word_1_101' title='bbox 740 938 936 981; x_wconf 87' lang='lat' dir='ltr'>difficilius,</span> <span class='ocrx_word' id='word_1_102' title='bbox 962 950 1073 983; x_wconf 90' lang='lat' dir='ltr'>posse</span> <span class='ocrx_word' id='word_1_103' title='bbox 1102 951 1270 975; x_wconf 87' lang='lat' dir='ltr'>exercere</span> <span class='ocrx_word' id='word_1_104' title='bbox 1296 940 1512 984; x_wconf 92' lang='lat' dir='ltr'>dominium,</span> <span class='ocrx_word' id='word_1_105' title='bbox 1539 953 1607 975; x_wconf 93' lang='lat' dir='ltr'>nec</span> 
     </span>
     <span class='ocr_line' id='line_1_13' title="bbox 283 995 1605 1043; baseline 0.003 -14"><span class='ocrx_word' id='word_1_106' title='bbox 283 995 488 1030; x_wconf 89' lang='lat' dir='ltr'>dominium</span> <span class='ocrx_word' id='word_1_107' title='bbox 514 1002 623 1040; x_wconf 88' lang='lat' dir='ltr'>auget</span> <span class='ocrx_word' id='word_1_108' title='bbox 649 1007 718 1030; x_wconf 92' lang='lat' dir='ltr'>nec</span> <span class='ocrx_word' id='word_1_109' title='bbox 743 996 886 1031; x_wconf 89' lang='lat' dir='ltr'>minuit.</span> <span class='ocrx_word' id='word_1_110' title='bbox 937 996 1077 1041; x_wconf 90' lang='lat' dir='ltr'>Nequit</span> <span class='ocrx_word' id='word_1_111' title='bbox 1102 1003 1229 1032; x_wconf 90' lang='lat' dir='ltr'>tamen</span> <span class='ocrx_word' id='word_1_112' title='bbox 1254 998 1380 1042; x_wconf 88' lang='lat' dir='ltr'>negari</span> <span class='ocrx_word' id='word_1_113' title='bbox 1407 998 1495 1043; x_wconf 91' lang='lat' dir='ltr'>quin</span> <span class='ocrx_word' id='word_1_114' title='bbox 1521 999 1605 1033; x_wconf 91' lang='lat' dir='ltr'>talis</span> 
     </span>
     <span class='ocr_line' id='line_1_14' title="bbox 281 1053 1606 1100; baseline 0.003 -13"><span class='ocrx_word' id='word_1_115' title='bbox 281 1053 435 1088; x_wconf 84' lang='lat' dir='ltr'>facilitas</span> <span class='ocrx_word' id='word_1_116' title='bbox 454 1054 511 1088; x_wconf 89' lang='lat' dir='ltr'>vel</span> <span class='ocrx_word' id='word_1_117' title='bbox 529 1053 707 1089; x_wconf 88' lang='lat' dir='ltr'>naturalis</span> <span class='ocrx_word' id='word_1_118' title='bbox 724 1060 888 1099; x_wconf 87' lang='lat' dir='ltr'>potestas</span> <span class='ocrx_word' id='word_1_119' title='bbox 907 1053 984 1089; x_wconf 90' lang='lat' dir='ltr'>sive</span> <span class='ocrx_word' id='word_1_120' title='bbox 1002 1054 1152 1089; x_wconf 88' lang='lat' dir='ltr'>libertas</span> <span class='ocrx_word' id='word_1_121' title='bbox 1174 1054 1241 1090; x_wconf 86' lang='lat' dir='ltr'>fuit</span> <span class='ocrx_word' id='word_1_122' title='bbox 1267 1056 1413 1090; x_wconf 88' lang='lat' dir='ltr'>adiecta</span> <span class='ocrx_word' id='word_1_123' title='bbox 1431 1056 1606 1100; x_wconf 89' lang='lat' dir='ltr'>dominio,</span> 
     </span>
     <span class='ocr_line' id='line_1_15' title="bbox 283 1111 1605 1158; baseline 0.003 -13"><span class='ocrx_word' id='word_1_124' title='bbox 283 1111 360 1146; x_wconf 86' lang='lat' dir='ltr'>sine</span> <span class='ocrx_word' id='word_1_125' title='bbox 387 1122 461 1156; x_wconf 88' lang='lat' dir='ltr'>qua</span> <span class='ocrx_word' id='word_1_126' title='bbox 490 1111 751 1146; x_wconf 90' lang='lat' dir='ltr'>nichilominus</span> <span class='ocrx_word' id='word_1_127' title='bbox 781 1111 985 1146; x_wconf 88' lang='lat' dir='ltr'>dominium</span> <span class='ocrx_word' id='word_1_128' title='bbox 1014 1111 1198 1157; x_wconf 89' lang='lat' dir='ltr'>integrum</span> <span class='ocrx_word' id='word_1_129' title='bbox 1231 1120 1373 1158; x_wconf 89' lang='lat' dir='ltr'>poterat</span> <span class='ocrx_word' id='word_1_130' title='bbox 1403 1126 1605 1149; x_wconf 89' lang='lat' dir='ltr'>remanere.</span> 
     </span>
    </p>

    <p class='ocr_par' dir='ltr' id='par_1_5' title="bbox 65 1169 1648 2836">
     <span class='ocr_line' id='line_1_16' title="bbox 232 1169 1648 1214; baseline 0.004 -12"><span class='ocrx_word' id='word_1_131' title='bbox 232 1180 269 1212; x_wconf 89' lang='lat'>15</span> <span class='ocrx_word' id='word_1_132' title='bbox 285 1170 368 1204; x_wconf 91' lang='lat' dir='ltr'>Noe</span> <span class='ocrx_word' id='word_1_133' title='bbox 386 1169 483 1203; x_wconf 91' lang='lat' dir='ltr'>enim</span> <span class='ocrx_word' id='word_1_134' title='bbox 501 1175 537 1204; x_wconf 91' lang='lat' dir='ltr'>et</span> <span class='ocrx_word' id='word_1_135' title='bbox 553 1170 636 1204; x_wconf 89' lang='lat' dir='ltr'>filiis</span> <span class='ocrx_word' id='word_1_136' title='bbox 655 1170 741 1213; x_wconf 81' lang='lat' dir='ltr'>eius,</span> <span class='ocrx_word' id='word_1_137' title='bbox 760 1176 947 1204; x_wconf 83' lang='lat' dir='ltr'>transacto</span> <span class='ocrx_word' id='word_1_138' title='bbox 972 1169 1120 1214; x_wconf 86' lang='lat' dir='ltr'>diluvio,</span> <span class='ocrx_word' id='word_1_139' title='bbox 1137 1170 1254 1205; x_wconf 87' lang='lat' dir='ltr'>fuerat</span> <span class='ocrx_word' id='word_1_140' title='bbox 1278 1171 1376 1206; x_wconf 87' lang='lat' dir='ltr'>istud</span> <span class='ocrx_word' id='word_1_141' title='bbox 1400 1172 1604 1207; x_wconf 90' lang='lat' dir='ltr'>dominium</span> <span class='ocrx_word' id='word_1_142' title='bbox 1618 1174 1648 1207; x_wconf 91' lang='lat'>6.</span> 
     </span>
     <span class='ocr_line' id='line_1_17' title="bbox 283 1226 1606 1274; baseline 0.003 -13"><span class='ocrx_word' id='word_1_143' title='bbox 283 1233 359 1261; x_wconf 89' lang='lat' dir='ltr'>tam</span> <span class='ocrx_word' id='word_1_144' title='bbox 390 1226 529 1271; x_wconf 85' lang='lat' dir='ltr'>integre</span> <span class='ocrx_word' id='word_1_145' title='bbox 555 1227 763 1262; x_wconf 90' lang='lat' dir='ltr'>restitutum</span> <span class='ocrx_word' id='word_1_146' title='bbox 786 1239 896 1272; x_wconf 89' lang='lat' dir='ltr'>quam</span> <span class='ocrx_word' id='word_1_147' title='bbox 923 1228 1064 1271; x_wconf 83' lang='lat' dir='ltr'>integre</span> <span class='ocrx_word' id='word_1_148' title='bbox 1087 1229 1205 1263; x_wconf 88' lang='lat' dir='ltr'>fuerat</span> <span class='ocrx_word' id='word_1_149' title='bbox 1231 1229 1365 1264; x_wconf 90' lang='lat' dir='ltr'>nostris</span> <span class='ocrx_word' id='word_1_150' title='bbox 1391 1230 1606 1274; x_wconf 88' lang='lat' dir='ltr'>parentibus</span> 
     </span>
     <span class='ocr_line' id='line_1_18' title="bbox 282 1285 1606 1333; baseline 0.003 -14"><span class='ocrx_word' id='word_1_151' title='bbox 282 1285 410 1330; x_wconf 88' lang='lat' dir='ltr'>primis</span> <span class='ocrx_word' id='word_1_152' title='bbox 428 1286 613 1320; x_wconf 90' lang='lat' dir='ltr'>collatum.</span> <span class='ocrx_word' id='word_1_153' title='bbox 665 1286 775 1330; x_wconf 78' lang='lat' dir='ltr'>Quod</span> <span class='ocrx_word' id='word_1_154' title='bbox 793 1286 905 1320; x_wconf 88' lang='lat' dir='ltr'>verba</span> <span class='ocrx_word' id='word_1_155' title='bbox 919 1286 1195 1321; x_wconf 90' lang='lat' dir='ltr'>benediccionis</span> <span class='ocrx_word' id='word_1_156' title='bbox 1213 1287 1377 1331; x_wconf 90' lang='lat' dir='ltr'>ipsorum</span> <span class='ocrx_word' id='word_1_157' title='bbox 1402 1287 1439 1321; x_wconf 92' lang='lat' dir='ltr'>in</span> <span class='ocrx_word' id='word_1_158' title='bbox 1456 1300 1606 1333; x_wconf 84' lang='lat' dir='ltr'>egressu</span> 
     </span>
     <span class='ocr_line' id='line_1_19' title="bbox 65 1342 1606 1390; baseline 0.001 -11"><span class='ocrx_word' id='word_1_159' title='bbox 65 1359 170 1390; x_wconf 85' lang='lat' dir='ltr'>supra,</span> <span class='ocrx_word' id='word_1_160' title='bbox 283 1342 330 1377; x_wconf 89' lang='lat' dir='ltr'>de</span> <span class='ocrx_word' id='word_1_161' title='bbox 348 1343 461 1378; x_wconf 87' lang='lat' dir='ltr'>archa</span> <span class='ocrx_word' id='word_1_162' title='bbox 484 1343 707 1378; x_wconf 86' lang='lat' dir='ltr'>declarativa</span> <span class='ocrx_word' id='word_1_163' title='bbox 731 1343 884 1377; x_wconf 90' lang='lat' dir='ltr'>dominii</span> <span class='ocrx_word' id='word_1_164' title='bbox 910 1343 963 1378; x_wconf 89' lang='lat' dir='ltr'>eis</span> <span class='ocrx_word' id='word_1_165' title='bbox 990 1344 1122 1387; x_wconf 89' lang='lat' dir='ltr'>collati,</span> <span class='ocrx_word' id='word_1_166' title='bbox 1142 1345 1310 1389; x_wconf 88' lang='lat' dir='ltr'>superius</span> <span class='ocrx_word' id='word_1_167' title='bbox 1335 1345 1396 1379; x_wconf 92' lang='lat' dir='ltr'>hic</span> <span class='ocrx_word' id='word_1_168' title='bbox 1422 1357 1606 1390; x_wconf 86' lang='lat' dir='ltr'>expressa,</span> 
     </span>
     <span class='ocr_line' id='line_1_20' title="bbox 65 1401 1608 1447; baseline 0.003 -14"><span class='ocrx_word' id='word_1_169' title='bbox 65 1411 96 1442; x_wconf 86' lang='lat' dir='ltr'>p.</span> <span class='ocrx_word' id='word_1_170' title='bbox 115 1407 187 1441; x_wconf 80' lang='lat'>357-</span> <span class='ocrx_word' id='word_1_171' title='bbox 283 1406 453 1444; x_wconf 90' lang='lat' dir='ltr'>patenter</span> <span class='ocrx_word' id='word_1_172' title='bbox 476 1402 683 1436; x_wconf 88' lang='lat' dir='ltr'>affirmant:</span> <span class='ocrx_word' id='word_1_173' title='bbox 715 1402 858 1445; x_wconf 80' lang='lat' dir='ltr'>Omnes,</span> <span class='ocrx_word' id='word_1_174' title='bbox 878 1401 1006 1446; x_wconf 89' lang='lat' dir='ltr'>inquit,</span> <span class='ocrx_word' id='word_1_175' title='bbox 1026 1403 1147 1446; x_wconf 68' lang='lat' dir='ltr'>pisces</span> <span class='ocrx_word' id='word_1_176' title='bbox 1172 1404 1301 1447; x_wconf 77' lang='lat' dir='ltr'>maris,</span> <span class='ocrx_word' id='word_1_177' title='bbox 1328 1405 1463 1438; x_wconf 74' lang='lat' dir='ltr'>mama·</span> <span class='ocrx_word' id='word_1_178' title='bbox 1485 1409 1608 1438; x_wconf 78' lang='lat' dir='ltr'>vestre</span> 
     </span>
     <span class='ocr_line' id='line_1_21' title="bbox 230 1459 1608 1503; baseline 0.004 -12"><span class='ocrx_word' id='word_1_179' title='bbox 230 1469 270 1491; x_wconf 86' lang='lat'>20</span> <span class='ocrx_word' id='word_1_180' title='bbox 283 1459 420 1492; x_wconf 77' lang='lat' dir='ltr'>traditi</span> <span class='ocrx_word' id='word_1_181' title='bbox 433 1463 531 1501; x_wconf 79' lang='lat' dir='ltr'>sunt,</span> <span class='ocrx_word' id='word_1_182' title='bbox 549 1463 585 1493; x_wconf 87' lang='lat' dir='ltr'>et</span> <span class='ocrx_word' id='word_1_183' title='bbox 600 1470 704 1493; x_wconf 81' lang='lat' dir='ltr'>omne</span> <span class='ocrx_word' id='word_1_184' title='bbox 720 1460 821 1503; x_wconf 77' lang='lat' dir='ltr'>qaod</span> <span class='ocrx_word' id='word_1_185' title='bbox 840 1460 942 1493; x_wconf 83' lang='lat' dir='ltr'>vivit</span> <span class='ocrx_word' id='word_1_186' title='bbox 957 1463 993 1493; x_wconf 89' lang='lat' dir='ltr'>et</span> <span class='ocrx_word' id='word_1_187' title='bbox 1008 1462 1181 1493; x_wconf 75' lang='lat' dir='ltr'>movetur</span> <span class='ocrx_word' id='word_1_188' title='bbox 1195 1461 1270 1494; x_wconf 77' lang='lat' dir='ltr'>erit</span> <span class='ocrx_word' id='word_1_189' title='bbox 1283 1461 1386 1494; x_wconf 76' lang='lat' dir='ltr'>vobis</span> <span class='ocrx_word' id='word_1_190' title='bbox 1403 1462 1443 1495; x_wconf 85' lang='lat' dir='ltr'>in</span> <span class='ocrx_word' id='word_1_191' title='bbox 1459 1462 1578 1496; x_wconf 80' lang='lat' dir='ltr'>cibum</span> <span class='ocrx_word' id='word_1_192' title='bbox 1587 1474 1608 1503; x_wconf 68' lang='grc'>,-</span> 
     </span>
     <span class='ocr_line' id='line_1_22' title="bbox 282 1517 1606 1563; baseline 0.003 -13"><span class='ocrx_word' id='word_1_193' title='bbox 282 1517 396 1561; x_wconf 75' lang='lat' dir='ltr'>quasi</span> <span class='ocrx_word' id='word_1_194' title='bbox 425 1517 525 1551; x_wconf 77' lang='lat' dir='ltr'>olera</span> <span class='ocrx_word' id='word_1_195' title='bbox 563 1518 731 1551; x_wconf 80' lang='lat' dir='ltr'>virencia</span> <span class='ocrx_word' id='word_1_196' title='bbox 769 1518 917 1551; x_wconf 82' lang='lat' dir='ltr'>tradidi</span> <span class='ocrx_word' id='word_1_197' title='bbox 946 1518 1049 1551; x_wconf 79' lang='lat' dir='ltr'>vobis</span> <span class='ocrx_word' id='word_1_198' title='bbox 1081 1517 1143 1552; x_wconf 72' lang='lat' dir='ltr'>hec</span> <span class='ocrx_word' id='word_1_199' title='bbox 1176 1519 1302 1552; x_wconf 82' lang='lat' dir='ltr'>omnia</span> <span class='ocrx_word' id='word_1_200' title='bbox 1337 1518 1446 1562; x_wconf 90' lang='lat' dir='ltr'>(Gen.</span> <span class='ocrx_word' id='word_1_201' title='bbox 1480 1519 1524 1554; x_wconf 87' lang='lat' dir='ltr'>ix.</span> <span class='ocrx_word' id='word_1_202' title='bbox 1560 1519 1606 1563; x_wconf 88' lang='lat'>2).</span> 
     </span>
     <span class='ocr_line' id='line_1_23' title="bbox 282 1574 1607 1620; baseline 0.002 -11"><span class='ocrx_word' id='word_1_203' title='bbox 282 1575 407 1609; x_wconf 85' lang='lat' dir='ltr'>Verba</span> <span class='ocrx_word' id='word_1_204' title='bbox 432 1574 531 1609; x_wconf 88' lang='lat' dir='ltr'>enim</span> <span class='ocrx_word' id='word_1_205' title='bbox 550 1576 693 1609; x_wconf 77' lang='lat' dir='ltr'>Manui</span> <span class='ocrx_word' id='word_1_206' title='bbox 715 1578 835 1608; x_wconf 77' lang='lat' dir='ltr'>vestre</span> <span class='ocrx_word' id='word_1_207' title='bbox 851 1575 990 1609; x_wconf 74' lang='lat' dir='ltr'>traditi</span> <span class='ocrx_word' id='word_1_208' title='bbox 1011 1579 1108 1616; x_wconf 83' lang='lat' dir='ltr'>sunt,</span> <span class='ocrx_word' id='word_1_209' title='bbox 1128 1581 1163 1610; x_wconf 87' lang='lat' dir='ltr'>et</span> <span class='ocrx_word' id='word_1_210' title='bbox 1184 1575 1304 1620; x_wconf 75' lang='lat' dir='ltr'>Quasi</span> <span class='ocrx_word' id='word_1_211' title='bbox 1319 1576 1420 1610; x_wconf 79' lang='lat' dir='ltr'>olera</span> <span class='ocrx_word' id='word_1_212' title='bbox 1439 1578 1607 1611; x_wconf 65' lang='lat' dir='ltr'>virentia</span> 
     </span>
     <span class='ocr_line' id='line_1_24' title="bbox 282 1632 1606 1680; baseline 0.002 -12"><span class='ocrx_word' id='word_1_213' title='bbox 282 1634 429 1668; x_wconf 80' lang='lat' dir='ltr'>tradidi</span> <span class='ocrx_word' id='word_1_214' title='bbox 444 1634 548 1667; x_wconf 80' lang='lat' dir='ltr'>vobis</span> <span class='ocrx_word' id='word_1_215' title='bbox 572 1635 699 1667; x_wconf 79' lang='lat' dir='ltr'>omnia</span> <span class='ocrx_word' id='word_1_216' title='bbox 716 1644 791 1667; x_wconf 93' lang='lat' dir='ltr'>non</span> <span class='ocrx_word' id='word_1_217' title='bbox 816 1633 937 1667; x_wconf 91' lang='lat' dir='ltr'>minus</span> <span class='ocrx_word' id='word_1_218' title='bbox 956 1632 1159 1667; x_wconf 89' lang='lat' dir='ltr'>dominium</span> <span class='ocrx_word' id='word_1_219' title='bbox 1184 1645 1294 1678; x_wconf 91' lang='lat' dir='ltr'>super</span> <span class='ocrx_word' id='word_1_220' title='bbox 1318 1645 1376 1668; x_wconf 90' lang='lat' dir='ltr'>res</span> <span class='ocrx_word' id='word_1_221' title='bbox 1403 1635 1501 1679; x_wconf 87' lang='lat' dir='ltr'>ipsas</span> <span class='ocrx_word' id='word_1_222' title='bbox 1528 1647 1606 1680; x_wconf 89' lang='lat' dir='ltr'>pre-</span> 
     </span>
     <span class='ocr_line' id='line_1_25' title="bbox 281 1691 1606 1737; baseline 0.002 -11"><span class='ocrx_word' id='word_1_223' title='bbox 281 1692 436 1727; x_wconf 87' lang='lat' dir='ltr'>tendunt</span> <span class='ocrx_word' id='word_1_224' title='bbox 455 1703 566 1736; x_wconf 84' lang='lat' dir='ltr'>quam</span> <span class='ocrx_word' id='word_1_225' title='bbox 583 1691 699 1725; x_wconf 89' lang='lat' dir='ltr'>verba</span> <span class='ocrx_word' id='word_1_226' title='bbox 721 1691 997 1725; x_wconf 85' lang='lat' dir='ltr'>benediccionis</span> <span class='ocrx_word' id='word_1_227' title='bbox 1024 1691 1225 1735; x_wconf 87' lang='lat' dir='ltr'>primorum</span> <span class='ocrx_word' id='word_1_228' title='bbox 1248 1698 1456 1726; x_wconf 90' lang='lat' dir='ltr'>nostrorum</span> <span class='ocrx_word' id='word_1_229' title='bbox 1475 1704 1606 1737; x_wconf 91' lang='lat' dir='ltr'>paren-</span> 
     </span>
     <span class='ocr_line' id='line_1_26' title="bbox 66 1748 1605 1794; baseline 0.001 -11"><span class='ocrx_word' id='word_1_230' title='bbox 66 1752 149 1783; x_wconf 90' lang='lat' dir='ltr'>Gen.</span> <span class='ocrx_word' id='word_1_231' title='bbox 162 1752 182 1782; x_wconf 90' lang='lat' dir='ltr'>i.</span> <span class='ocrx_word' id='word_1_232' title='bbox 198 1751 248 1789; x_wconf 89' lang='lat'>28,</span> <span class='ocrx_word' id='word_1_233' title='bbox 281 1756 359 1784; x_wconf 87' lang='lat' dir='ltr'>tum</span> <span class='ocrx_word' id='word_1_234' title='bbox 378 1750 609 1794; x_wconf 91' lang='lat' dir='ltr'>pretendant,</span> <span class='ocrx_word' id='word_1_235' title='bbox 629 1760 699 1794; x_wconf 89' lang='lat' dir='ltr'>que</span> <span class='ocrx_word' id='word_1_236' title='bbox 718 1748 885 1783; x_wconf 88' lang='lat' dir='ltr'>similiter</span> <span class='ocrx_word' id='word_1_237' title='bbox 903 1760 1014 1794; x_wconf 85' lang='lat' dir='ltr'>supra</span> <span class='ocrx_word' id='word_1_238' title='bbox 1028 1749 1228 1793; x_wconf 88' lang='lat' dir='ltr'>posuimus,</span> <span class='ocrx_word' id='word_1_239' title='bbox 1248 1749 1399 1793; x_wconf 90' lang='lat' dir='ltr'>scilicet,</span> <span class='ocrx_word' id='word_1_240' title='bbox 1418 1751 1605 1785; x_wconf 75' lang='lat' dir='ltr'>Domina-</span> 
     </span>
     <span class='ocr_line' id='line_1_27' title="bbox 67 1804 1605 1852; baseline 0.003 -12"><span class='ocrx_word' id='word_1_241' title='bbox 67 1804 117 1837; x_wconf 84' lang='lat'>29·</span> <span class='ocrx_word' id='word_1_242' title='bbox 282 1808 381 1841; x_wconf 79' lang='lat' dir='ltr'>mini</span> <span class='ocrx_word' id='word_1_243' title='bbox 387 1808 553 1852; x_wconf 71' lang='lat' dir='ltr'>piscibus</span> <span class='ocrx_word' id='word_1_244' title='bbox 570 1808 699 1849; x_wconf 77' lang='lat' dir='ltr'>maris,</span> <span class='ocrx_word' id='word_1_245' title='bbox 718 1814 786 1841; x_wconf 89' lang='lat' dir='ltr'>etc.</span> <span class='ocrx_word' id='word_1_246' title='bbox 835 1807 930 1841; x_wconf 83' lang='lat' dir='ltr'>Ecce</span> <span class='ocrx_word' id='word_1_247' title='bbox 954 1808 1040 1841; x_wconf 83' lang='lat' dir='ltr'>dedi</span> <span class='ocrx_word' id='word_1_248' title='bbox 1064 1807 1166 1841; x_wconf 82' lang='lat' dir='ltr'>vobis</span> <span class='ocrx_word' id='word_1_249' title='bbox 1192 1819 1333 1841; x_wconf 80' lang='lat' dir='ltr'>omnem</span> <span class='ocrx_word' id='word_1_250' title='bbox 1359 1809 1519 1851; x_wconf 70' lang='lat' dir='ltr'>herbam,</span> <span class='ocrx_word' id='word_1_251' title='bbox 1537 1816 1605 1845; x_wconf 88' lang='lat' dir='ltr'>etc.</span> 
     </span>
     <span class='ocr_line' id='line_1_28' title="bbox 283 1864 1607 1909; baseline 0.002 -10"><span class='ocrx_word' id='word_1_252' title='bbox 283 1866 365 1900; x_wconf 92' lang='lat' dir='ltr'>Nec</span> <span class='ocrx_word' id='word_1_253' title='bbox 391 1865 513 1899; x_wconf 91' lang='lat' dir='ltr'>minus</span> <span class='ocrx_word' id='word_1_254' title='bbox 540 1865 761 1909; x_wconf 89' lang='lat' dir='ltr'>pretendunt</span> <span class='ocrx_word' id='word_1_255' title='bbox 794 1864 981 1908; x_wconf 80' lang='lat' dir='ltr'>integrum</span> <span class='ocrx_word' id='word_1_256' title='bbox 1014 1876 1136 1899; x_wconf 87' lang='lat' dir='ltr'>rerum</span> <span class='ocrx_word' id='word_1_257' title='bbox 1170 1865 1375 1900; x_wconf 90' lang='lat' dir='ltr'>dominium</span> <span class='ocrx_word' id='word_1_258' title='bbox 1404 1867 1519 1901; x_wconf 89' lang='lat' dir='ltr'>verba</span> <span class='ocrx_word' id='word_1_259' title='bbox 1545 1867 1607 1902; x_wconf 90' lang='lat' dir='ltr'>illa</span> 
     </span>
     <span class='ocr_line' id='line_1_29' title="bbox 67 1922 1607 1968; baseline 0.001 -10"><span class='ocrx_word' id='word_1_260' title='bbox 67 1927 149 1958; x_wconf 84' lang='lat' dir='ltr'>Gen.</span> <span class='ocrx_word' id='word_1_261' title='bbox 162 1927 194 1957; x_wconf 86' lang='lat' dir='ltr'>ix</span> <span class='ocrx_word' id='word_1_262' title='bbox 207 1937 248 1959; x_wconf 89' lang='lat'>.2.</span> <span class='ocrx_word' id='word_1_263' title='bbox 283 1922 380 1957; x_wconf 91' lang='lat' dir='ltr'>dicta</span> <span class='ocrx_word' id='word_1_264' title='bbox 399 1924 482 1957; x_wconf 90' lang='lat' dir='ltr'>Noe</span> <span class='ocrx_word' id='word_1_265' title='bbox 501 1929 536 1957; x_wconf 92' lang='lat' dir='ltr'>et</span> <span class='ocrx_word' id='word_1_266' title='bbox 554 1922 637 1957; x_wconf 88' lang='lat' dir='ltr'>filiis</span> <span class='ocrx_word' id='word_1_267' title='bbox 657 1923 742 1966; x_wconf 86' lang='lat' dir='ltr'>suis,</span> <span class='ocrx_word' id='word_1_268' title='bbox 767 1923 907 1956; x_wconf 74' lang='lat' dir='ltr'>Terror</span> <span class='ocrx_word' id='word_1_269' title='bbox 922 1927 1044 1957; x_wconf 83' lang='lat' dir='ltr'>vester</span> <span class='ocrx_word' id='word_1_270' title='bbox 1065 1934 1107 1957; x_wconf 81' lang='lat' dir='ltr'>ac</span> <span class='ocrx_word' id='word_1_271' title='bbox 1124 1927 1264 1957; x_wconf 77' lang='lat' dir='ltr'>tremor</span> <span class='ocrx_word' id='word_1_272' title='bbox 1279 1925 1331 1958; x_wconf 88' lang='lat' dir='ltr'>sit</span> <span class='ocrx_word' id='word_1_273' title='bbox 1346 1927 1460 1968; x_wconf 70' lang='lat' dir='ltr'>super</span> <span class='ocrx_word' id='word_1_274' title='bbox 1475 1930 1607 1960; x_wconf 78' lang='lat' dir='ltr'>cuncta</span> 
     </span>
     <span class='ocr_line' id='line_1_30' title="bbox 281 1981 1605 2027; baseline 0.002 -11"><span class='ocrx_word' id='word_1_275' title='bbox 281 1983 509 2024; x_wconf 79' lang='lat' dir='ltr'>anz&#39;mancia,</span> <span class='ocrx_word' id='word_1_276' title='bbox 543 1988 625 2024; x_wconf 69' lang='lat' dir='ltr'>etc„</span> <span class='ocrx_word' id='word_1_277' title='bbox 667 1993 780 2026; x_wconf 85' lang='lat' dir='ltr'>quam</span> <span class='ocrx_word' id='word_1_278' title='bbox 814 1982 927 2016; x_wconf 90' lang='lat' dir='ltr'>verba</span> <span class='ocrx_word' id='word_1_279' title='bbox 970 1981 1030 2016; x_wconf 89' lang='lat' dir='ltr'>illa</span> <span class='ocrx_word' id='word_1_280' title='bbox 1064 1982 1163 2016; x_wconf 89' lang='lat' dir='ltr'>dicta</span> <span class='ocrx_word' id='word_1_281' title='bbox 1203 1982 1338 2017; x_wconf 89' lang='lat' dir='ltr'>nostris</span> <span class='ocrx_word' id='word_1_282' title='bbox 1381 1983 1605 2027; x_wconf 89' lang='lat' dir='ltr'>parentibus,</span> 
     </span>
     <span class='ocr_line' id='line_1_31' title="bbox 67 2040 1605 2084; baseline 0.002 -11"><span class='ocrx_word' id='word_1_283' title='bbox 67 2047 149 2078; x_wconf 73' lang='lat' dir='ltr'>Gen,</span> <span class='ocrx_word' id='word_1_284' title='bbox 164 2048 183 2078; x_wconf 79' lang='lat' dir='ltr'>i,</span> <span class='ocrx_word' id='word_1_285' title='bbox 198 2048 248 2078; x_wconf 80' lang='lat'>28,</span> <span class='ocrx_word' id='word_1_286' title='bbox 281 2041 429 2084; x_wconf 70' lang='lat' dir='ltr'>Replete</span> <span class='ocrx_word' id='word_1_287' title='bbox 446 2043 587 2073; x_wconf 76' lang='lat' dir='ltr'>terram</span> <span class='ocrx_word' id='word_1_288' title='bbox 605 2043 641 2073; x_wconf 86' lang='lat' dir='ltr'>et</span> <span class='ocrx_word' id='word_1_289' title='bbox 655 2040 806 2073; x_wconf 77' lang='lat' dir='ltr'>subicite</span> <span class='ocrx_word' id='word_1_290' title='bbox 822 2051 913 2083; x_wconf 79' lang='lat' dir='ltr'>eam,</span> <span class='ocrx_word' id='word_1_291' title='bbox 933 2045 1001 2074; x_wconf 91' lang='lat' dir='ltr'>etc.</span> <span class='ocrx_word' id='word_1_292' title='bbox 1054 2041 1187 2079; x_wconf 82' lang='lat' dir='ltr'>Immo,</span> <span class='ocrx_word' id='word_1_293' title='bbox 1206 2040 1236 2074; x_wconf 87' lang='lat' dir='ltr'>si</span> <span class='ocrx_word' id='word_1_294' title='bbox 1255 2040 1315 2074; x_wconf 90' lang='lat' dir='ltr'>illa</span> <span class='ocrx_word' id='word_1_295' title='bbox 1335 2040 1486 2076; x_wconf 88' lang='lat' dir='ltr'>libertas</span> <span class='ocrx_word' id='word_1_296' title='bbox 1505 2053 1605 2076; x_wconf 89' lang='lat' dir='ltr'>com-</span> 
     </span>
     <span class='ocr_line' id='line_1_32' title="bbox 282 2096 1607 2144; baseline 0.002 -12"><span class='ocrx_word' id='word_1_297' title='bbox 282 2097 442 2142; x_wconf 90' lang='lat' dir='ltr'>pellendi</span> <span class='ocrx_word' id='word_1_298' title='bbox 472 2096 683 2131; x_wconf 88' lang='lat' dir='ltr'>animancia</span> <span class='ocrx_word' id='word_1_299' title='bbox 712 2097 782 2131; x_wconf 91' lang='lat' dir='ltr'>sibi</span> <span class='ocrx_word' id='word_1_300' title='bbox 813 2108 943 2141; x_wconf 89' lang='lat' dir='ltr'>parere</span> <span class='ocrx_word' id='word_1_301' title='bbox 972 2097 1099 2142; x_wconf 87' lang='lat' dir='ltr'>(quam</span> <span class='ocrx_word' id='word_1_302' title='bbox 1133 2098 1299 2142; x_wconf 90' lang='lat' dir='ltr'>superius</span> <span class='ocrx_word' id='word_1_303' title='bbox 1333 2099 1527 2144; x_wconf 88' lang='lat' dir='ltr'>prelibavi)</span> <span class='ocrx_word' id='word_1_304' title='bbox 1562 2112 1607 2135; x_wconf 88' lang='lat' dir='ltr'>ex</span> 
     </span>
     <span class='ocr_line' id='line_1_33' title="bbox 283 2154 1605 2199; baseline 0.001 -9"><span class='ocrx_word' id='word_1_305' title='bbox 283 2154 479 2199; x_wconf 88' lang='lat' dir='ltr'>Scripturis</span> <span class='ocrx_word' id='word_1_306' title='bbox 505 2154 678 2189; x_wconf 86' lang='lat' dir='ltr'>affirmari</span> <span class='ocrx_word' id='word_1_307' title='bbox 704 2155 865 2197; x_wconf 89' lang='lat' dir='ltr'>deberet,</span> <span class='ocrx_word' id='word_1_308' title='bbox 891 2167 936 2189; x_wconf 88' lang='lat' dir='ltr'>ex</span> <span class='ocrx_word' id='word_1_309' title='bbox 960 2154 1039 2189; x_wconf 89' lang='lat' dir='ltr'>istis</span> <span class='ocrx_word' id='word_1_310' title='bbox 1067 2155 1189 2190; x_wconf 92' lang='lat' dir='ltr'>verbis</span> <span class='ocrx_word' id='word_1_311' title='bbox 1215 2155 1323 2191; x_wconf 85' lang='lat' dir='ltr'>dictis</span> <span class='ocrx_word' id='word_1_312' title='bbox 1350 2158 1435 2191; x_wconf 89' lang='lat' dir='ltr'>Noe</span> <span class='ocrx_word' id='word_1_313' title='bbox 1461 2164 1496 2192; x_wconf 92' lang='lat' dir='ltr'>et</span> <span class='ocrx_word' id='word_1_314' title='bbox 1523 2157 1605 2191; x_wconf 88' lang='lat' dir='ltr'>filiis</span> 
     </span>
     <span class='ocr_line' id='line_1_34' title="bbox 282 2211 1606 2259; baseline 0.002 -12"><span class='ocrx_word' id='word_1_315' title='bbox 282 2213 369 2255; x_wconf 84' lang='lat' dir='ltr'>suis,</span> <span class='ocrx_word' id='word_1_316' title='bbox 387 2217 511 2247; x_wconf 75' lang='lat' dir='ltr'>terror</span> <span class='ocrx_word' id='word_1_317' title='bbox 525 2219 561 2247; x_wconf 89' lang='lat' dir='ltr'>et</span> <span class='ocrx_word' id='word_1_318' title='bbox 577 2216 718 2246; x_wconf 77' lang='lat' dir='ltr'>tremor</span> <span class='ocrx_word' id='word_1_319' title='bbox 735 2211 820 2257; x_wconf 88' lang='lat' dir='ltr'>(que</span> <span class='ocrx_word' id='word_1_320' title='bbox 840 2219 924 2246; x_wconf 91' lang='lat' dir='ltr'>sunt</span> <span class='ocrx_word' id='word_1_321' title='bbox 942 2211 1127 2256; x_wconf 90' lang='lat' dir='ltr'>graviores</span> <span class='ocrx_word' id='word_1_322' title='bbox 1151 2213 1341 2257; x_wconf 89' lang='lat' dir='ltr'>passiones</span> <span class='ocrx_word' id='word_1_323' title='bbox 1360 2225 1472 2259; x_wconf 88' lang='lat' dir='ltr'>quam</span> <span class='ocrx_word' id='word_1_324' title='bbox 1496 2215 1606 2249; x_wconf 86' lang='lat' dir='ltr'>timor</span> 
     </span>
     <span class='ocr_line' id='line_1_35' title="bbox 282 2269 1607 2316; baseline 0.002 -11"><span class='ocrx_word' id='word_1_325' title='bbox 282 2278 318 2305; x_wconf 92' lang='lat' dir='ltr'>et</span> <span class='ocrx_word' id='word_1_326' title='bbox 352 2282 479 2315; x_wconf 84' lang='lat' dir='ltr'>pavor,</span> <span class='ocrx_word' id='word_1_327' title='bbox 510 2281 593 2304; x_wconf 90' lang='lat' dir='ltr'>cum</span> <span class='ocrx_word' id='word_1_328' title='bbox 622 2269 659 2303; x_wconf 88' lang='lat' dir='ltr'>in</span> <span class='ocrx_word' id='word_1_329' title='bbox 692 2281 825 2314; x_wconf 88' lang='lat' dir='ltr'>corpus</span> <span class='ocrx_word' id='word_1_330' title='bbox 860 2270 990 2305; x_wconf 88' lang='lat' dir='ltr'>nocive</span> <span class='ocrx_word' id='word_1_331' title='bbox 1017 2270 1226 2304; x_wconf 88' lang='lat' dir='ltr'>redundent</span> <span class='ocrx_word' id='word_1_332' title='bbox 1256 2277 1366 2316; x_wconf 90' lang='lat' dir='ltr'>atque</span> <span class='ocrx_word' id='word_1_333' title='bbox 1389 2272 1544 2316; x_wconf 87' lang='lat' dir='ltr'>aperte),</span> <span class='ocrx_word' id='word_1_334' title='bbox 1572 2280 1607 2308; x_wconf 91' lang='lat' dir='ltr'>et</span> 
     </span>
     <span class='ocr_line' id='line_1_36' title="bbox 230 2327 1605 2374; baseline 0.001 -11"><span class='ocrx_word' id='word_1_335' title='bbox 230 2342 268 2373; x_wconf 85' lang='lat'>35</span> <span class='ocrx_word' id='word_1_336' title='bbox 283 2329 428 2363; x_wconf 75' lang='lat' dir='ltr'>Manui</span> <span class='ocrx_word' id='word_1_337' title='bbox 439 2333 558 2363; x_wconf 79' lang='lat' dir='ltr'>vestre</span> <span class='ocrx_word' id='word_1_338' title='bbox 575 2330 713 2363; x_wconf 74' lang='lat' dir='ltr'>traditi</span> <span class='ocrx_word' id='word_1_339' title='bbox 728 2332 818 2362; x_wconf 80' lang='lat' dir='ltr'>sunt</span> <span class='ocrx_word' id='word_1_340' title='bbox 836 2327 912 2372; x_wconf 93' lang='lat' dir='ltr'>(ubi</span> <span class='ocrx_word' id='word_1_341' title='bbox 932 2329 1081 2372; x_wconf 87' lang='lat' dir='ltr'>grandis</span> <span class='ocrx_word' id='word_1_342' title='bbox 1099 2328 1208 2363; x_wconf 91' lang='lat' dir='ltr'>valde</span> <span class='ocrx_word' id='word_1_343' title='bbox 1227 2329 1378 2364; x_wconf 91' lang='lat' dir='ltr'>libertas</span> <span class='ocrx_word' id='word_1_344' title='bbox 1398 2330 1605 2374; x_wconf 88' lang='lat' dir='ltr'>imperandi</span> 
     </span>
     <span class='ocr_line' id='line_1_37' title="bbox 66 2386 1606 2432; baseline 0.003 -13"><span class='ocrx_word' id='word_1_345' title='bbox 66 2386 154 2416; x_wconf 76' lang='lat' dir='ltr'>valet</span> <span class='ocrx_word' id='word_1_346' title='bbox 170 2394 200 2416; x_wconf 86' lang='lat' dir='ltr'>B·</span> <span class='ocrx_word' id='word_1_347' title='bbox 282 2386 523 2431; x_wconf 86' lang='lat' dir='ltr'>exprimitur),</span> <span class='ocrx_word' id='word_1_348' title='bbox 541 2393 577 2421; x_wconf 88' lang='lat' dir='ltr'>et</span> <span class='ocrx_word' id='word_1_349' title='bbox 598 2387 718 2431; x_wconf 74' lang='lat' dir='ltr'>Quasi</span> <span class='ocrx_word' id='word_1_350' title='bbox 734 2387 835 2420; x_wconf 78' lang='lat' dir='ltr'>olera</span> <span class='ocrx_word' id='word_1_351' title='bbox 852 2387 1033 2429; x_wconf 74' lang='lat' dir='ltr'>virencia,</span> <span class='ocrx_word' id='word_1_352' title='bbox 1049 2393 1119 2421; x_wconf 89' lang='lat' dir='ltr'>etc.</span> <span class='ocrx_word' id='word_1_353' title='bbox 1137 2387 1222 2431; x_wconf 87' lang='lat' dir='ltr'>(que</span> <span class='ocrx_word' id='word_1_354' title='bbox 1234 2399 1465 2432; x_wconf 88' lang='lat' dir='ltr'>nequaquam</span> <span class='ocrx_word' id='word_1_355' title='bbox 1482 2389 1606 2424; x_wconf 88' lang='lat' dir='ltr'>valent</span> 
     </span>
     <span class='ocr_line' id='line_1_38' title="bbox 281 2443 1606 2491; baseline 0.002 -13"><span class='ocrx_word' id='word_1_356' title='bbox 281 2445 441 2488; x_wconf 84' lang='lat' dir='ltr'>effugere</span> <span class='ocrx_word' id='word_1_357' title='bbox 459 2445 659 2478; x_wconf 80' lang='lat' dir='ltr'>humanum</span> <span class='ocrx_word' id='word_1_358' title='bbox 675 2443 897 2489; x_wconf 87' lang='lat' dir='ltr'>imperium),</span> <span class='ocrx_word' id='word_1_359' title='bbox 910 2445 1024 2479; x_wconf 89' lang='lat' dir='ltr'>multo</span> <span class='ocrx_word' id='word_1_360' title='bbox 1038 2446 1228 2489; x_wconf 88' lang='lat' dir='ltr'>patencius</span> <span class='ocrx_word' id='word_1_361' title='bbox 1243 2457 1327 2480; x_wconf 92' lang='lat' dir='ltr'>meo</span> <span class='ocrx_word' id='word_1_362' title='bbox 1344 2445 1480 2480; x_wconf 90' lang='lat' dir='ltr'>iudicio</span> <span class='ocrx_word' id='word_1_363' title='bbox 1495 2458 1606 2491; x_wconf 88' lang='lat' dir='ltr'>quam</span> 
     </span>
     <span class='ocr_line' id='line_1_39' title="bbox 283 2501 1604 2548; baseline 0.002 -12"><span class='ocrx_word' id='word_1_364' title='bbox 283 2514 327 2536; x_wconf 85' lang='lat' dir='ltr'>ex</span> <span class='ocrx_word' id='word_1_365' title='bbox 344 2502 527 2546; x_wconf 87' lang='lat' dir='ltr'>aliquibus</span> <span class='ocrx_word' id='word_1_366' title='bbox 545 2501 666 2536; x_wconf 89' lang='lat' dir='ltr'>verbis</span> <span class='ocrx_word' id='word_1_367' title='bbox 685 2502 721 2536; x_wconf 90' lang='lat' dir='ltr'>in</span> <span class='ocrx_word' id='word_1_368' title='bbox 740 2501 1003 2536; x_wconf 87' lang='lat' dir='ltr'>benediccione</span> <span class='ocrx_word' id='word_1_369' title='bbox 1025 2502 1200 2547; x_wconf 86' lang='lat' dir='ltr'>primaria</span> <span class='ocrx_word' id='word_1_370' title='bbox 1226 2503 1441 2548; x_wconf 90' lang='lat' dir='ltr'>parentibus</span> <span class='ocrx_word' id='word_1_371' title='bbox 1468 2504 1604 2538; x_wconf 89' lang='lat' dir='ltr'>nostris</span> 
     </span>
     <span class='ocr_line' id='line_1_40' title="bbox 282 2559 1603 2604; baseline 0.002 -12"><span class='ocrx_word' id='word_1_372' title='bbox 282 2559 410 2603; x_wconf 88' lang='lat' dir='ltr'>primis</span> <span class='ocrx_word' id='word_1_373' title='bbox 424 2559 606 2604; x_wconf 84' lang='lat' dir='ltr'>expressis</span> <span class='ocrx_word' id='word_1_374' title='bbox 620 2566 745 2604; x_wconf 88' lang='lat' dir='ltr'>posset</span> <span class='ocrx_word' id='word_1_375' title='bbox 760 2559 985 2603; x_wconf 86' lang='lat' dir='ltr'>probabilius</span> <span class='ocrx_word' id='word_1_376' title='bbox 1001 2559 1147 2594; x_wconf 89' lang='lat' dir='ltr'>suaderi</span> <span class='ocrx_word' id='word_1_377' title='bbox 1161 2572 1169 2603; x_wconf 83' lang='lat'><em>3</em></span> <span class='ocrx_word' id='word_1_378' title='bbox 1198 2572 1281 2594; x_wconf 92' lang='lat' dir='ltr'>cum</span> <span class='ocrx_word' id='word_1_379' title='bbox 1299 2561 1437 2595; x_wconf 89' lang='lat' dir='ltr'>nullum</span> <span class='ocrx_word' id='word_1_380' title='bbox 1450 2562 1603 2595; x_wconf 88' lang='lat' dir='ltr'>verbum</span> 
     </span>
     <span class='ocr_line' id='line_1_41' title="bbox 226 2616 1603 2661; baseline 0.001 -10"><span class='ocrx_word' id='word_1_381' title='bbox 226 2626 269 2657; x_wconf 90' lang='lat'>40</span> <span class='ocrx_word' id='word_1_382' title='bbox 283 2617 332 2651; x_wconf 92' lang='lat' dir='ltr'>ibi</span> <span class='ocrx_word' id='word_1_383' title='bbox 350 2616 510 2661; x_wconf 90' lang='lat' dir='ltr'>positum</span> <span class='ocrx_word' id='word_1_384' title='bbox 529 2623 671 2651; x_wconf 90' lang='lat' dir='ltr'>tantam</span> <span class='ocrx_word' id='word_1_385' title='bbox 688 2617 901 2651; x_wconf 88' lang='lat' dir='ltr'>facultatem</span> <span class='ocrx_word' id='word_1_386' title='bbox 924 2617 1102 2661; x_wconf 87' lang='lat' dir='ltr'>exprimat</span> <span class='ocrx_word' id='word_1_387' title='bbox 1127 2618 1298 2652; x_wconf 89' lang='lat' dir='ltr'>collatum</span> <span class='ocrx_word' id='word_1_388' title='bbox 1317 2618 1531 2652; x_wconf 84' lang='lat' dir='ltr'>dominium·</span> <span class='ocrx_word' id='word_1_389' title='bbox 1544 2631 1603 2653; x_wconf 86' lang='lat' dir='ltr'>ex—</span> 
     </span>
     <span class='ocr_line' id='line_1_42' title="bbox 282 2674 1601 2718; baseline 0.002 -10"><span class='ocrx_word' id='word_1_390' title='bbox 282 2674 439 2709; x_wconf 90' lang='lat' dir='ltr'>ercendi.</span> <span class='ocrx_word' id='word_1_391' title='bbox 493 2675 587 2709; x_wconf 89' lang='lat' dir='ltr'>Cum</span> <span class='ocrx_word' id='word_1_392' title='bbox 606 2674 714 2718; x_wconf 88' lang='lat' dir='ltr'>igitur</span> <span class='ocrx_word' id='word_1_393' title='bbox 731 2686 774 2708; x_wconf 86' lang='lat' dir='ltr'>ex</span> <span class='ocrx_word' id='word_1_394' title='bbox 792 2674 862 2708; x_wconf 91' lang='lat' dir='ltr'>hiis</span> <span class='ocrx_word' id='word_1_395' title='bbox 880 2675 1001 2709; x_wconf 86' lang='lat' dir='ltr'>verbis</span> <span class='ocrx_word' id='word_1_396' title='bbox 1021 2676 1180 2710; x_wconf 89' lang='lat' dir='ltr'>secunde</span> <span class='ocrx_word' id='word_1_397' title='bbox 1205 2687 1268 2710; x_wconf 91' lang='lat' dir='ltr'>seu</span> <span class='ocrx_word' id='word_1_398' title='bbox 1292 2682 1467 2710; x_wconf 85' lang='lat' dir='ltr'>renovate</span> <span class='ocrx_word' id='word_1_399' title='bbox 1492 2677 1601 2711; x_wconf 91' lang='lat' dir='ltr'>bene-</span> 
     </span>
     <span class='ocr_line' id='line_1_43' title="bbox 272 2731 1601 2777; baseline 0.002 -12"><span class='ocrx_word' id='word_1_400' title='bbox 272 2731 460 2766; x_wconf 84' lang='lat' dir='ltr'>diccionis</span> <span class='ocrx_word' id='word_1_401' title='bbox 479 2739 655 2776; x_wconf 87' lang='lat' dir='ltr'>appareat</span> <span class='ocrx_word' id='word_1_402' title='bbox 675 2732 773 2777; x_wconf 91' lang='lat' dir='ltr'>quod</span> <span class='ocrx_word' id='word_1_403' title='bbox 793 2732 843 2766; x_wconf 92' lang='lat' dir='ltr'>ita</span> <span class='ocrx_word' id='word_1_404' title='bbox 860 2743 980 2767; x_wconf 90' lang='lat' dir='ltr'>rerum</span> <span class='ocrx_word' id='word_1_405' title='bbox 998 2733 1147 2777; x_wconf 89' lang='lat' dir='ltr'>plenum</span> <span class='ocrx_word' id='word_1_406' title='bbox 1172 2733 1377 2767; x_wconf 89' lang='lat' dir='ltr'>dominium</span> <span class='ocrx_word' id='word_1_407' title='bbox 1400 2741 1476 2768; x_wconf 90' lang='lat' dir='ltr'>erat</span> <span class='ocrx_word' id='word_1_408' title='bbox 1499 2734 1601 2768; x_wconf 87' lang='lat' dir='ltr'>resti-</span> 
     </span>
     <span class='ocr_line' id='line_1_44' title="bbox 283 2789 1600 2836; baseline 0.002 -13"><span class='ocrx_word' id='word_1_409' title='bbox 283 2795 402 2824; x_wconf 86' lang='lat' dir='ltr'>tutum</span> <span class='ocrx_word' id='word_1_410' title='bbox 439 2790 520 2824; x_wconf 93' lang='lat' dir='ltr'>Noe</span> <span class='ocrx_word' id='word_1_411' title='bbox 555 2796 589 2825; x_wconf 94' lang='lat' dir='ltr'>et</span> <span class='ocrx_word' id='word_1_412' title='bbox 630 2789 711 2824; x_wconf 91' lang='lat' dir='ltr'>filiis</span> <span class='ocrx_word' id='word_1_413' title='bbox 748 2790 825 2824; x_wconf 88' lang='lat' dir='ltr'>eius</span> <span class='ocrx_word' id='word_1_414' title='bbox 869 2790 961 2825; x_wconf 89' lang='lat' dir='ltr'>sicut</span> <span class='ocrx_word' id='word_1_415' title='bbox 996 2791 1119 2825; x_wconf 86' lang='lat' dir='ltr'>Adam</span> <span class='ocrx_word' id='word_1_416' title='bbox 1161 2791 1314 2836; x_wconf 87' lang='lat' dir='ltr'>accepit,</span> <span class='ocrx_word' id='word_1_417' title='bbox 1349 2803 1423 2826; x_wconf 91' lang='lat' dir='ltr'>non</span> <span class='ocrx_word' id='word_1_418' title='bbox 1457 2798 1600 2836; x_wconf 88' lang='lat' dir='ltr'>oportet</span> 
     </span>
    </p>
   </div>
   <div class='ocr_carea' id='block_1_4' title="bbox 1806 198 1883 251">
    <p class='ocr_par' dir='ltr' id='par_1_6' title="bbox 1806 198 1883 251">
     <span class='ocr_line' id='line_1_45' title="bbox 1806 198 1883 251; baseline -0.013 -14"><span class='ocrx_word' id='word_1_419' title='bbox 1806 198 1883 251; x_wconf 79' lang='lat'>361</span> 
     </span>
    </p>
   </div>
  </div>
 </body>
</html>
