2008 3305
198 206 250 255 76
886 217 951 248 DE
984 217 1202 249 DOMrNro
1235 218 1409 250 D1V1No
1622 207 1726 266 [CAP.
1748 222 1806 250 xr.

930 515 1257 558 CAPITULUM
1288 515 1359 553 XI.
1825 527 1918 568 [250

192 625 461 692 ξῇζτίῆοῇξξῷξῗῗ
529 628 695 667 CONTRA
716 629 817 668 dicta
832 630 994 669 instatur
1013 631 1220 680 tripliciter.
1264 630 1394 668 Primo
1409 630 1557 668 videtur
1572 631 1678 681 quod
1694 632 1811 671 ‘tales

191 693 427 759 §ffjn‘gjjg‘gugy
474 699 769 748 ‘inquisiciones
797 701 950 739 curiose
982 702 1086 739 circa
1115 701 1297 739 articulos
1318 701 1407 739 fidei
1429 701 1568 739 tollunt
1589 702 1637 739 de
1657 703 1809 749 merito,

182 758 280 790 saith·
474 773 482 788 ‘
498 782 588 807 cum
628 771 844 808 secundum
873 772 1112 810 sentenciam
1136 771 1328 821 Gregorii,
1359 772 1500 810 omelia
1513 794 1577 819 —,
1593 772 1708 810 Fides
1738 786 1810 810 non

473 843 482 859 ‘
495 841 602 878 habet
628 843 808 889 meritum,
832 844 899 880 cui
922 844 1087 881 humana
1108 844 1210 880 racio
1233 843 1358 892 prebet
1373 845 1661 892 experimentum
1676 857 1690 881 .·
1717 857 1809 894 ymo
1822 852 1840 884 5

470 915 540 949 ‘ex
571 912 654 962 pari
685 913 882 951 evidencia
912 914 1062 951 videtur
1097 914 1203 963 quod
1230 914 1357 951 omnis
1388 914 1569 952 articulus
1597 914 1637 951 in
1664 914 1809 953 lumine

469 986 478 1002 ‘
495 983 657 1020 naturali
687 985 873 1034 cognosci
902 985 1042 1034 poterit
1072 984 1269 1022 evidenter
1283 997 1293 1031 ;
1328 991 1366 1022 et
1393 992 1485 1022 tunc
1508 996 1589 1022 non
1616 991 1809 1034 oporteret

470 1057 478 1072 ‘
493 1053 585 1091 dare
605 1054 737 1092 lumen
757 1055 857 1101 fidei,
878 1067 968 1092 cum
988 1055 1106 1092 nichil
1126 1061 1225 1092 esset
1245 1055 1465 1093 inevidens.'

190 1137 211 1153 1·
234 1126 334 1160 Reply-
520 1124 586 1162 Ad
614 1126 715 1163 istud
744 1126 880 1164 dicitur
908 1125 1162 1164 concedendo
1192 1125 1298 1175 quod
1327 1125 1516 1174 contingit
1544 1125 1585 1162 in
1612 1126 1808 1175 inquisici-

465 1195 605 1233 onibus
626 1196 864 1243 huiusmodi,
886 1197 947 1234 vel
975 1196 1234 1246 superbiendo
1262 1196 1321 1233 vel
1349 1196 1478 1234 utilius
1499 1196 1728 1243 omittendo,
1751 1197 1805 1236 fa-
1822 1212 1861 1236 [ο

187 1267 231 1293 T0
245 1268 293 1293 the
305 1268 418 1294 humble
465 1266 603 1304 cillime
623 1268 723 1305 male
744 1268 820 1305 uti:
841 1274 1105 1305 verumtamen
1126 1267 1316 1315 contingit
1331 1266 1516 1304 humilem
1530 1266 1672 1305 Christi
1693 1268 1807 1306 disci-

187 1301 331 1327 Christian
344 1302 414 1328 such

187 1335 307 1367 enquisy
319 1335 369 1361 ¹¹2⁵
466 1337 602 1386 pulum
622 1338 662 1374 in
685 1338 759 1376 isto
781 1339 906 1376 studio
926 1338 1135 1387 plurimum
1154 1337 1375 1387 promereri,
1392 1337 1432 1374 in
1452 1337 1628 1375 elidendo
1644 1337 1807 1376 aliorum

187 1377 251 1393 man
286 1377 358 1401 uses,

255 1377 273 1401 y
469 1409 703 1458 superbiam,
735 1410 799 1459 qui
831 1409 1043 1459 gloriantur
1077 1421 1118 1446 se
1150 1408 1340 1445 invenisse
1369 1408 1447 1445 vias
1480 1408 1649 1446 novellas
1678 1421 1753 1459 que
1783 1421 1806 1447 a

468 1479 624 1518 veritate
672 1482 829 1531 antiqua
877 1480 1107 1526 exorbitant,
1157 1479 1197 1515 in
1243 1478 1486 1528 preparando
1525 1480 1689 1528 posteris
1735 1492 1806 1529 per

467 1549 568 1588 invia
593 1552 823 1600 vagantibus
849 1551 1025 1588 semitam
1044 1549 1224 1596 veritatis,
1252 1556 1289 1586 et
1315 1550 1354 1586 in
1391 1549 1584 1587 laudando
1612 1548 1804 1599 Opificem
1820 1566 1857 1599 15

469 1621 534 1670 qui
562 1622 753 1659 concessit
782 1628 871 1671 post
898 1621 1018 1659 fidem
1044 1620 1278 1658 intellectum
1304 1620 1464 1665 articuli,
1494 1626 1535 1656 ut
1562 1620 1700 1657 sciatur
1730 1620 1803 1656 im-

468 1693 674 1740 pugnatori
690 1692 778 1730 fidei
799 1700 877 1730 tam
900 1690 1174 1741 respondendo
1194 1702 1312 1739 quam
1333 1690 1570 1740 apponendo
1586 1689 1803 1728 satisfacere

469 1763 640 1809 racione,
670 1763 777 1800 iuxta
806 1763 1093 1800 iniunccionem
1123 1761 1224 1798 beati
1254 1760 1356 1798 Petri
1389 1761 1426 1812 (1
1460 1760 1541 1799 Pet.
1561 1761 1611 1797 iii.
1636 1769 1696 1808 15,
1723 1759 1803 1812 16),

467 1832 672 1871 Dominum
713 1839 832 1871 aulem
875 1833 1067 1871 Christum
1110 1832 1337 1881 sanctificate
1374 1832 1413 1868 in
1450 1831 1620 1868 cordibus
1656 1833 1799 1878 vestris,

456 1906 597 1952 parali
620 1911 758 1953 semper
785 1905 839 1942 ad
862 1904 1151 1955 salisfizcczbnem
1181 1903 1284 1940 omni
1311 1901 1329 1921 '¹‘
1350 1903 1520 1951 poscente·
1534 1914 1598 1939 vos
1619 1903 1798 1939 racionem
1811 1911 1843 1940 D

465 1975 506 2011 de
524 1988 564 2011 ea
585 1988 651 2024 que
671 1977 711 2012 in
731 1976 830 2013 vobis
849 1979 902 2012 esl
906 1975 996 2024 fide,
1013 1975 1078 2011 sed
1088 1986 1169 2010 cum
1183 1973 1354 2010 modestia
1373 1977 1408 2010 el
1424 1974 1563 2010 timore.
1619 1972 1671 2010 Et
1685 1973 1800 2010 istam

466 2045 641 2094 regulam
670 2047 792 2083 secuti
822 2052 909 2083 sunt
939 2045 1117 2083 doctores
1146 2043 1313 2094 agricole
1344 2042 1626 2092 Scripturarum
1658 2049 1695 2080 et
1723 2043 1800 2081 col-

186 2116 252 2156 soit
265 2117 299 2143 be
312 2118 434 2150 pursued
464 2115 624 2164 ligentes
653 2129 728 2166 que
771 2123 978 2166 supersunt
1014 2115 1229 2165 fragmenta
1265 2126 1315 2151 ne
1344 2120 1517 2164 pereant.
1573 2113 1665 2151 Hoc
1695 2114 1799 2151 enirn

185 2152 259 2176 wztlz
271 2151 412 2178 meekness

184 2185 334 2217 Μάθαν·
464 2193 522 2224 est
551 2198 650 2236 opus
679 2186 1055 2236 supererrogacionis
1097 2185 1304 2231 doctorale,
1339 2190 1488 2222 servata
1522 2196 1675 2233 semper
1712 2195 1797 2222 mo-

465 2257 586 2295 destia
617 2269 706 2295 cum
739 2258 897 2295 timore:
937 2258 1118 2302 modestia,
1148 2268 1229 2294 non
1267 2255 1468 2305 evagando
1506 2255 1670 2292 inaniter
1697 2255 1796 2293 circa
1809 2269 1849 2302 25

463 2328 617 2366 inutiles
637 2328 858 2377 questiones
873 2340 883 2374 3
912 2341 993 2365 cum
1014 2328 1152 2373 timore,
1169 2339 1250 2364 non
1270 2327 1346 2363 alta
1367 2325 1562 2375 sapiendo,
1585 2325 1653 2363 sed
1671 2325 1795 2375 Scrip-

462 2405 545 2436 ture
562 2411 668 2437 sacre
681 2406 722 2436 ut
737 2398 1000 2444 fundamento,
1014 2409 1084 2448 pro
1098 2397 1270 2435 cavendo
1285 2397 1396 2446 lapsu
1412 2409 1433 2433 a
1446 2396 1614 2434 veritatis
1630 2397 1792 2442 tramite,

461 2470 675 2516 innitendo,
710 2476 748 2507 et
777 2470 883 2519 quod
905 2469 993 2519 plus
1019 2469 1208 2506 habemus
1232 2467 1454 2516 ignorancie
1483 2479 1601 2516 quam
1628 2467 1794 2504 sciencie

463 2541 511 2579 de
532 2553 767 2591 quocunque
787 2540 917 2586 scibili,
938 2539 1131 2577 humiliter
1152 2538 1383 2576 confitendo.
1442 2537 1543 2575 Cum
1566 2537 1637 2574 ista
1663 2543 1793 2575 autem

497 2643 520 2667 5.
542 2635 591 2661 cui
609 2635 631 2660 B
643 2635 684 2661 C:
705 2644 760 2660 cur
777 2635 813 2661 A.
924 2644 967 2660 20.
981 2634 1092 2665 paratz·
1108 2633 1132 2658 A
1143 2633 1181 2659 C:
1197 2633 1299 2665 paritz·
1312 2632 1340 2657 Β.
1468 2641 1508 2657 21.
1520 2631 1589 2663 fide
1606 2631 1630 2656 A
1642 2631 1682 2657 C:
1702 2633 1749 2663 spe
1769 2631 1791 2656 B

462 2677 525 2694 cum
539 2674 617 2694 textu
632 2678 652 2694 s,
666 2668 749 2694 Petri.
857 2677 897 2700 25.
919 2667 1068 2699 evagando
1082 2667 1104 2692 B
1116 2674 1122 2692 ζ
1143 2666 1298 2699 evaganda
1310 2666 1335 2691 A
1346 2666 1377 2692 C.
1487 2674 1526 2697 27.
1547 2665 1684 2691 veritatis
1699 2665 1721 2690 B
1732 2664 1772 2691 C²
1784 2671 1790 2691 t

460 2704 585 2729 veritate
598 2702 623 2728 A
633 2702 680 2728 C1.

637 2780 668 2810 4.
694 2770 793 2810 Greg.
814 2769 917 2800 Hom.
937 2769 969 2799 in
987 2769 1112 2808 Evang.
1130 2767 1164 2798 ii.
1185 2767 1223 2797 26
1243 2769 1258 2804 ξ
1281 2777 1307 2803 1,
1324 2768 1411 2808 Opp.
1430 2776 1457 2798 1.
1477 2775 1556 2807 1552
1578 2774 1612 2797 D.

628 2831 677 2853 22.
707 2821 910 2862 Collzjgrentes,
928 2822 1002 2852 &ez
1026 2819 1102 2861 Joh.
1118 2818 1162 2850 vi.
1184 2828 1231 2850 12.
