2095 3278
235 170 320 225 356

411 2147 485 2178 XV.

224 2200 285 2225 The
299 2200 417 2232 original

223 2234 348 2266 lordship
362 2234 414 2259 lost
428 2233 465 2266 by

222 2268 315 2293 Adam
328 2267 451 2299 through

224 2301 266 2326 sin
279 2310 336 2326 was
349 2301 431 2326 after-

224 2335 315 2359 wards
328 2334 451 2360 restored

223 2373 252 2396 to
265 2368 322 2394 him
335 2375 342 2400 3

459 2444 487 2466 1.

878 182 1083 214 chARnr
1115 182 1414 215 ARMACHANI
1883 173 1982 231 [Lm.
2000 188 2050 218 11,

512 284 597 319 iusti
613 285 648 319 in
664 296 730 320 suo
747 292 826 320 ortu
841 285 926 321 illud
941 287 1145 325 dominium
1162 286 1374 322 obtinentis.
1398 288 1550 330 Grosso,
1567 287 1596 321 si
1611 288 1740 332 placet,
1754 293 1832 322 uta-
1850 295 1952 337 [20A

512 354 596 376 mur
617 344 797 388 exemplo,
850 345 927 378 Rex
948 345 1144 390 quisquam
1168 346 1230 379 dat
1250 344 1310 378 uni
1329 351 1478 379 strenuo
1496 345 1602 379 militi
1617 345 1831 380 comitatum

510 401 710 434 tenendum
729 402 777 435 ab
795 413 838 436 eo
857 402 925 436 sibi
944 409 978 436 et
997 402 1194 437 heredibus
1220 402 1294 436 suis
1318 402 1352 436 in
1376 402 1494 436 forma
1517 402 1604 436 iuris
1626 402 1832 438 communis

510 459 610 502 regni
630 459 742 502 ipsius
760 472 769 501 3
795 460 865 493 hoc
883 471 955 494 uno
974 460 1119 494 adiecto
1137 460 1246 505 quod,
1262 459 1290 493 si
1309 460 1473 504 genuerit
1492 471 1606 494 unum
1625 460 1738 494 filium
1756 466 1833 494 tam

509 516 687 560 elegantis
705 517 821 551 forme
840 517 938 561 quod
952 529 974 551 a
987 518 1112 561 planta
1129 518 1234 562 pedis
1248 528 1364 562 usque
1378 518 1426 551 ad
1438 517 1613 552 verticem
1626 529 1700 551 non
1715 517 1831 562 possit
1846 526 1864 558 5

509 574 545 607 in
569 574 646 608 eius
668 586 821 619 corpore
847 576 992 609 macula
1015 575 1175 620 reperiri,
1195 575 1277 609 talis
1302 575 1408 618 filius,
1427 575 1596 620 quamvis
1621 579 1728 620 pater
1744 575 1831 609 fori-

507 633 625 667 sacere
644 633 758 677 possit
775 644 841 677 pro
860 644 898 667 se
917 645 960 667 ac
979 634 1053 667 suis
1079 633 1352 668 successoribus
1376 633 1602 676 comitatum,
1622 633 1831 668 insorifacti-

507 690 591 725 bilis
609 698 644 725 et
663 691 967 726 inexheredabilis
986 692 1198 727 remanebit.
1249 693 1335 727 Hoc
1354 703 1454 735 casu,
1473 697 1577 735 patre
1594 690 1829 734 forifaciente,

508 748 566 782 ille
593 749 686 783 filius
714 761 780 794 pro
807 761 879 794 quo
905 756 1009 795 pater
1035 750 1225 784 forifacere
1252 749 1403 784 omnino
1428 760 1502 783 non
1522 748 1650 793 potuit,
1676 748 1830 783 nichilo-

507 806 628 841 minus
654 807 869 842 comitatum
895 807 972 842 iure
998 807 1220 842 hereditario
1239 806 1428 851 optinebit,
1447 807 1614 851 quamvis
1632 813 1735 852 pater
1752 806 1829 840 eius
1846 815 1888 838 10-

506 875 572 908 pro
599 876 637 899 se
663 872 698 899 et
724 877 789 910 pro
815 866 875 900 illo
903 865 976 899 filio
1002 864 1300 907 inexheredabili,
1321 864 1413 899 sicut
1436 875 1502 909 pro
1525 865 1606 899 aliis
1632 865 1715 899 filiis
1742 863 1828 906 suis,

507 923 723 958 comitatum
747 924 902 969 accepit.
952 924 1012 958 Sic
1038 923 1206 969 quamvis
1224 923 1347 957 Adam
1370 923 1509 968 primus
1532 934 1665 967 parens
1691 929 1828 967 noster,

505 980 626 1015 factus
646 980 691 1015 de
709 982 857 1026 pulvere
883 982 1005 1026 quoad
1031 992 1175 1025 corpus,
1194 981 1231 1014 in
1258 980 1385 1025 spiritu
1410 981 1643 1025 paulominus
1666 980 1828 1015 minutus
1842 985 1892 1016 Ps.
1906 984 2012 1017 viii.6.

506 1038 553 1071 ab
572 1038 725 1082 angelis,
744 1050 818 1073 non
837 1045 979 1073 tantum
1003 1038 1218 1073 comitatum
1241 1044 1295 1073 set
1317 1049 1472 1082 regnum
1496 1038 1624 1072 mundi
1648 1038 1828 1073 inferioris

505 1096 659 1140 accepit,
687 1097 890 1131 secundum
916 1098 1035 1140 legem
1063 1096 1133 1131 Dei
1160 1107 1408 1138 communem,
1435 1107 1457 1130 a
1483 1097 1565 1130 Deo
1590 1102 1625 1131 et
1651 1097 1718 1131 sub
1745 1098 1828 1131 Deo
1846 1103 1882 1135 15

504 1155 706 1188 tenendum
727 1168 735 1196 3
769 1160 803 1189 et
830 1166 984 1199 regnum
1010 1154 1107 1189 istud
1132 1155 1322 1198 peccando
1351 1166 1417 1199 pro
1443 1165 1483 1188 se
1508 1160 1544 1189 et
1571 1154 1646 1189 suis
1672 1154 1829 1199 posteris

504 1212 749 1246 communiter
764 1211 919 1247 forifecit
937 1224 945 1247 :
973 1223 1038 1256 pro
1058 1223 1170 1256 puero
1188 1218 1312 1246 tamen
1332 1213 1425 1255 Iesu,
1444 1213 1739 1257 specz'osoforma
1756 1215 1829 1256 pre
1841 1212 1892 1243 Ps.
1902 1211 1978 1243 xliv.
1993 1221 2021 1252 3.

491 1270 595 1314 filiis
606 1269 929 1314 hominumspleno
941 1271 1116 1303 veritalis
1132 1274 1169 1303 et
1178 1271 1323 1315 gracie,
1334 1276 1370 1304 et
1388 1270 1435 1304 ob
1453 1271 1522 1305 hoc
1541 1268 1826 1304 inexheredabili
1840 1270 1911 1302 Ioh.
1924 1272 1944 1303 i.
1961 1281 2010 1313 14.

503 1334 539 1361 et
566 1326 838 1371 inforifactibili,
869 1327 967 1362 istud
996 1339 1150 1372 regnum
1185 1327 1261 1362 sive
1294 1327 1499 1362 dominium
1531 1327 1719 1362 forifacere
1752 1338 1827 1362 non

504 1385 675 1427 valebat;
703 1392 757 1420 set
780 1385 875 1430 patri
900 1397 977 1428 suo,
996 1397 1062 1430 pro
1089 1384 1345 1420 heredacionis
1369 1392 1534 1429 tempore
1558 1385 1752 1429 innocenti,
1771 1385 1826 1420 in-
1842 1398 1883 1419 20

504 1454 643 1478 nocens
668 1443 704 1477 in
726 1455 793 1478 sua
814 1443 953 1488 origine
978 1450 1155 1488 tanquam
1178 1443 1498 1486 inexheredabilis,
1518 1443 1611 1478 filius
1638 1444 1764 1478 debuit
1791 1444 1827 1478 in

504 1501 707 1536 hereditate
725 1508 879 1546 paterna
902 1502 1110 1535 succedere.
1160 1502 1210 1536 Et
1231 1502 1278 1536 ob
1302 1501 1382 1545 hoc,
1401 1513 1474 1535 non
1498 1501 1668 1536 obstante
1692 1501 1828 1536 delicto

502 1570 569 1603 per
594 1560 691 1604 quod
717 1559 877 1604 perdidit
902 1559 999 1593 istud
1026 1558 1201 1603 originale
1227 1570 1349 1593 rerum
1375 1559 1590 1602 dominium,
1612 1559 1778 1594 Christus
1804 1571 1827 1594 a

500 1624 657 1662 peccato
674 1624 866 1661 exemptus
884 1617 1046 1662 parentis
1065 1616 1190 1651 debuit
1214 1617 1250 1651 in
1274 1628 1341 1651 sua
1363 1617 1505 1661 origine
1529 1617 1627 1652 istud
1653 1617 1828 1662 originale

502 1675 706 1709 dominium
725 1674 832 1719 primi
851 1675 976 1720 patris,
996 1674 1072 1709 sive
1091 1674 1127 1708 in
1148 1686 1282 1709 munus
1308 1674 1384 1709 sive
1409 1675 1486 1709 iure
1510 1675 1742 1718 hereditario,
1761 1686 1826 1720 op·
1842 1682 1879 1716 25

501 1732 641 1774 tinere3
669 1733 836 1778 quamvis
863 1739 1017 1778 peccato
1042 1732 1096 1767 sui
1118 1732 1293 1776 parentis,
1312 1731 1406 1767 sicut
1433 1732 1542 1767 ceteri
1569 1732 1646 1767 eius
1673 1732 1746 1776 filii,
1764 1744 1825 1767 ex-

502 1790 671 1825 heredari
690 1790 839 1825 omnino
857 1802 931 1824 non
949 1789 1072 1824 valuit.
1122 1791 1157 1824 N
1163 1801 1205 1824 ec
1223 1801 1266 1824 ex
1283 1790 1355 1824 hoc
1377 1790 1528 1834 provide
1550 1789 1703 1824 intulisti
1728 1790 1827 1835 quod

503 1848 673 1883 Christus
692 1860 799 1883 verus
818 1848 900 1882 Ade
919 1847 1012 1882 filius
1032 1847 1124 1882 alias
1142 1858 1216 1882 non
1236 1847 1374 1891 fuisset,
1394 1847 1498 1882 sicuti
1519 1847 1571 1891 (in
1594 1847 1827 1892 supraposito

500 1906 670 1941 familiari
689 1905 870 1951 exemplo)
890 1906 992 1940 illum
1010 1905 1124 1939 filium
1142 1906 1360 1948 elegantem,
1379 1911 1529 1950 propter
1549 1904 1827 1940 inexheredabi-

500 1964 641 2000 litatem
659 1964 785 2009 ipsius,
805 1970 911 2009 potes
930 1970 1027 1998 recte
1045 1974 1198 2007 arguere
1217 1974 1292 1997 non
1311 1974 1391 1998 esse
1405 1974 1532 1998 verum
1550 1963 1693 1998 comitis
1712 1963 1825 1998 filiurn
1839 1972 1881 2003 30

499 2029 613 2066 patns
632 2033 697 2056 sui.

552 2138 779 2172 IOHANNES.
808 2138 889 2172 Hec
908 2137 1033 2171 omnia
1050 2136 1187 2181 recipio
1206 2143 1382 2182 tanquam
1406 2136 1532 2179 firma3
1560 2135 1707 2179 scilicet,
1727 2136 1825 2181 quod

499 2194 639 2239 primus
654 2196 765 2229 homo
779 2195 845 2229 fuit
860 2202 1003 2229 creatus
1022 2195 1059 2229 in
1076 2194 1209 2238 gracia,
1222 2194 1320 2239 quod
1339 2193 1540 2228 dominium
1559 2193 1649 2228 illud
1661 2194 1825 2238 graciam

499 2255 750 2298 presupponit,
769 2260 804 2288 et
828 2253 926 2298 quod
948 2252 1151 2287 dominium
1173 2251 1296 2287 deficit
1322 2252 1359 2286 in
1385 2263 1603 2296 quocunque
1628 2251 1752 2296 gracia
1776 2252 1824 2286 ab

500 2322 544 2345 eo
560 2311 705 2345 sublata
722 2323 728 2345 z
756 2317 809 2345 set
824 2317 910 2355 peto
929 2316 968 2345 ut
988 2310 1100 2344 michi
1114 2310 1290 2344 ostendas
1304 2320 1351 2343 an
1367 2309 1465 2344 istud
1480 2308 1686 2343 dominium
1698 2315 1823 2344 nostro
1838 2315 1878 2348 35

500 2368 619 2414 primo
637 2368 779 2413 parenti
798 2375 859 2402 aut
878 2368 954 2403 suis
972 2367 1126 2413 posteris
1145 2368 1262 2402 fuerat
1280 2367 1498 2402 restitutum.

547 2428 777 2462 RICARDUS.
807 2426 962 2461 Videtur
987 2426 1085 2470 quod
1110 2425 1227 2460 fuerat
1252 2425 1490 2460 recollatum:
1530 2424 1648 2469 primo
1674 2423 1823 2469 quidem

500 2484 674 2529 quoniam
694 2484 786 2519 inter
803 2495 918 2529 penas
937 2483 1005 2518 sibi
1025 2495 1068 2518 ac
1087 2494 1150 2518 sue
1173 2482 1273 2517 uxori
1292 2495 1313 2517 a
1332 2483 1414 2516 Deo
1431 2493 1498 2527 pro
1516 2493 1581 2516 suo
1598 2488 1751 2526 peccato
1769 2481 1822 2516 in-

498 2542 617 2577 flictas
643 2549 821 2587 perpetua
847 2541 1011 2576 sublacio
1038 2540 1145 2575 huius
1175 2539 1327 2574 dominii
1358 2540 1456 2584 prius
1483 2539 1560 2574 dati
1586 2550 1822 2585 nequaquam

500 2600 723 2645 exprimitur,
754 2600 838 2634 licet
872 2600 985 2642 labor,
1017 2599 1137 2641 sudor,
1163 2605 1199 2633 et
1229 2598 1342 2640 dolor,
1368 2604 1403 2632 et
1433 2597 1469 2631 in
1497 2604 1633 2632 terram
1662 2597 1821 2632 reversio
1835 2605 1878 2637 40

502 2658 666 2701 (scilicet,
694 2658 821 2692 mortis
848 2656 1066 2700 necessitas)
1088 2656 1160 2691 sint
1186 2666 1380 2700 expresse;
1406 2666 1475 2689 nec
1501 2661 1557 2689 est
1582 2654 1823 2689 verisimiliter

501 2716 749 2750 estimandum
777 2715 874 2760 quod
900 2721 974 2749 tam
1000 2725 1151 2758 gravem
1175 2725 1310 2758 penam
1337 2712 1492 2757 Spiritus
1519 2718 1666 2747 sanctus
1693 2711 1729 2746 in
1756 2722 1823 2746 sua

503 2773 692 2818 Scriptura
712 2772 914 2818 exprimere
940 2774 962 2797 ἧς
987 2771 1184 2816 omisisset,
1211 2782 1294 2806 cum
1320 2770 1442 2805 minus
1468 2780 1599 2814 graves
1618 2768 1863 2814 expressit:B
