<?xml version="1.0" encoding="UTF-8"?>
<!DOCTYPE html PUBLIC "-//W3C//DTD XHTML 1.0 Transitional//EN"
    "http://www.w3.org/TR/xhtml1/DTD/xhtml1-transitional.dtd">
<html xmlns="http://www.w3.org/1999/xhtml" xml:lang="en" lang="en">
 <head>
  <title>
</title>
<meta http-equiv="Content-Type" content="text/html;charset=utf-8" />
  <meta name='ocr-system' content='tesseract 3.04.00' />
  <meta name='ocr-capabilities' content='ocr_page ocr_carea ocr_par ocr_line ocrx_word'/>
</head>
<body>
  <div class='ocr_page' id='page_1' title='image "./dedominiodivinol00wycl_0268.png"; bbox 0 0 2008 3305; ppageno 0'>
   <div class='ocr_carea' id='block_1_1' title="bbox 188 174 1785 233">
    <p class='ocr_par' dir='ltr' id='par_1_1' title="bbox 188 174 1785 233">
     <span class='ocr_line' id='line_1_1' title="bbox 188 174 1785 233; baseline -0.001 -15"><span class='ocrx_word' id='word_1_1' title='bbox 188 191 269 220; x_wconf 81' lang='lat'>212</span> <span class='ocrx_word' id='word_1_2' title='bbox 866 187 930 218; x_wconf 87' lang='lat' dir='ltr'>DE</span> <span class='ocrx_word' id='word_1_3' title='bbox 964 185 1183 218; x_wconf 79' lang='lat' dir='ltr'>DOMINio</span> <span class='ocrx_word' id='word_1_4' title='bbox 1216 185 1395 217; x_wconf 81' lang='lat' dir='ltr'>Drero</span> <span class='ocrx_word' id='word_1_5' title='bbox 1616 174 1718 233; x_wconf 82' lang='lat' dir='ltr'>[CAP.</span> <span class='ocrx_word' id='word_1_6' title='bbox 1741 187 1785 217; x_wconf 80' lang='grc' dir='ltr'>Π.</span> 
     </span>
    </p>
   </div>
   <div class='ocr_carea' id='block_1_2' title="bbox 179 300 1896 2465">
    <p class='ocr_par' dir='ltr' id='par_1_2' title="bbox 179 300 1896 2465">
     <span class='ocr_line' id='line_1_2' title="bbox 460 300 1896 349; baseline -0.004 -9"><span class='ocrx_word' id='word_1_7' title='bbox 460 303 598 349; x_wconf 79' lang='lat' dir='ltr'>bonam,</span> <span class='ocrx_word' id='word_1_8' title='bbox 623 314 710 340; x_wconf 88' lang='lat' dir='ltr'>curn</span> <span class='ocrx_word' id='word_1_9' title='bbox 733 301 856 339; x_wconf 91' lang='lat' dir='ltr'>solum</span> <span class='ocrx_word' id='word_1_10' title='bbox 876 303 1024 338; x_wconf 89' lang='lat' dir='ltr'>bonum</span> <span class='ocrx_word' id='word_1_11' title='bbox 1038 301 1084 338; x_wconf 91' lang='lat' dir='ltr'>de</span> <span class='ocrx_word' id='word_1_12' title='bbox 1105 312 1243 349; x_wconf 81' lang='lat' dir='ltr'><strong>genere</strong></span> <span class='ocrx_word' id='word_1_13' title='bbox 1260 307 1296 337; x_wconf 91' lang='lat' dir='ltr'>et</span> <span class='ocrx_word' id='word_1_14' title='bbox 1316 312 1396 337; x_wconf 93' lang='lat' dir='ltr'>non</span> <span class='ocrx_word' id='word_1_15' title='bbox 1412 300 1506 337; x_wconf 86' lang='lat' dir='ltr'>vicia</span> <span class='ocrx_word' id='word_1_16' title='bbox 1522 300 1667 349; x_wconf 87' lang='lat' dir='ltr'>sapiant</span> <span class='ocrx_word' id='word_1_17' title='bbox 1681 300 1784 337; x_wconf 90' lang='lat' dir='ltr'>dona</span> <span class='ocrx_word' id='word_1_18' title='bbox 1802 303 1896 344; x_wconf 85' lang='lat' dir='ltr'><strong>[73B</strong></span> 
     </span>
     <span class='ocr_line' id='line_1_3' title="bbox 393 370 1788 422; baseline -0.004 -11"><span class='ocrx_word' id='word_1_19' title='bbox 393 386 416 412; x_wconf 83' lang='lat' dir='ltr'>b.</span> <span class='ocrx_word' id='word_1_20' title='bbox 463 385 543 410; x_wconf 88' lang='lat' dir='ltr'>sua.</span> <span class='ocrx_word' id='word_1_21' title='bbox 576 372 755 410; x_wconf 83' lang='lat' dir='ltr'>Secundo</span> <span class='ocrx_word' id='word_1_22' title='bbox 776 372 840 409; x_wconf 89' lang='lat' dir='ltr'>dat</span> <span class='ocrx_word' id='word_1_23' title='bbox 856 384 1077 409; x_wconf 89' lang='lat' dir='ltr'>mensuram</span> <span class='ocrx_word' id='word_1_24' title='bbox 1093 371 1407 422; x_wconf 74' lang='lat' dir='ltr'>confirtam,quia</span> <span class='ocrx_word' id='word_1_25' title='bbox 1423 371 1525 408; x_wconf 89' lang='lat' dir='ltr'>iuxta</span> <span class='ocrx_word' id='word_1_26' title='bbox 1541 370 1788 419; x_wconf 82' lang='lat' dir='ltr'>capacitatem</span> 
     </span>
     <span class='ocr_line' id='line_1_4' title="bbox 390 440 1790 491; baseline -0.001 -13"><span class='ocrx_word' id='word_1_27' title='bbox 390 461 412 480; x_wconf 78' lang='lat' dir='ltr'>c.</span> <span class='ocrx_word' id='word_1_28' title='bbox 462 443 590 480; x_wconf 89' lang='lat' dir='ltr'>anime</span> <span class='ocrx_word' id='word_1_29' title='bbox 612 442 729 491; x_wconf 88' lang='lat' dir='ltr'>replet</span> <span class='ocrx_word' id='word_1_30' title='bbox 750 442 864 480; x_wconf 81' lang='lat' dir='ltr'>illam.</span> <span class='ocrx_word' id='word_1_31' title='bbox 922 442 1064 479; x_wconf 82' lang='lat' dir='ltr'>Tercio</span> <span class='ocrx_word' id='word_1_32' title='bbox 1086 442 1150 478; x_wconf 93' lang='lat' dir='ltr'>dat</span> <span class='ocrx_word' id='word_1_33' title='bbox 1172 442 1275 479; x_wconf 87' lang='lat' dir='ltr'>dona</span> <span class='ocrx_word' id='word_1_34' title='bbox 1296 442 1377 478; x_wconf 88' lang='lat' dir='ltr'>sine</span> <span class='ocrx_word' id='word_1_35' title='bbox 1398 441 1649 478; x_wconf 81' lang='lat' dir='ltr'>vacuitatibus</span> <span class='ocrx_word' id='word_1_36' title='bbox 1669 440 1790 487; x_wconf 74' lang='lat' dir='ltr'><em>coagi-</em></span> 
     </span>
     <span class='ocr_line' id='line_1_5' title="bbox 459 511 1789 562; baseline -0.002 -12"><span class='ocrx_word' id='word_1_37' title='bbox 459 517 548 558; x_wconf 79' lang='lat' dir='ltr'>tata,</span> <span class='ocrx_word' id='word_1_38' title='bbox 570 513 660 562; x_wconf 89' lang='lat' dir='ltr'>quia</span> <span class='ocrx_word' id='word_1_39' title='bbox 680 525 801 561; x_wconf 88' lang='lat' dir='ltr'>usque</span> <span class='ocrx_word' id='word_1_40' title='bbox 824 512 862 548; x_wconf 94' lang='lat' dir='ltr'>in</span> <span class='ocrx_word' id='word_1_41' title='bbox 884 513 999 549; x_wconf 90' lang='lat' dir='ltr'>finem</span> <span class='ocrx_word' id='word_1_42' title='bbox 1020 512 1138 560; x_wconf 82' lang='lat' dir='ltr'>diligit</span> <span class='ocrx_word' id='word_1_43' title='bbox 1159 512 1439 560; x_wconf 79' lang='lat' dir='ltr'>predestinatos</span> <span class='ocrx_word' id='word_1_44' title='bbox 1460 511 1728 549; x_wconf 88' lang='lat' dir='ltr'>confirmando</span> <span class='ocrx_word' id='word_1_45' title='bbox 1749 511 1789 546; x_wconf 91' lang='lat' dir='ltr'>in</span> 
     </span>
     <span class='ocr_line' id='line_1_6' title="bbox 460 581 1814 632; baseline -0.002 -12"><span class='ocrx_word' id='word_1_46' title='bbox 460 584 532 620; x_wconf 93' lang='lat' dir='ltr'>illis</span> <span class='ocrx_word' id='word_1_47' title='bbox 566 584 735 632; x_wconf 79' lang='lat' dir='ltr'>graciam</span> <span class='ocrx_word' id='word_1_48' title='bbox 770 588 1038 620; x_wconf 87' lang='lat' dir='ltr'>consumatam</span> <span class='ocrx_word' id='word_1_49' title='bbox 1077 582 1289 619; x_wconf 90' lang='lat' dir='ltr'>secundum</span> <span class='ocrx_word' id='word_1_50' title='bbox 1322 594 1440 630; x_wconf 87' lang='lat' dir='ltr'>quam</span> <span class='ocrx_word' id='word_1_51' title='bbox 1478 581 1814 630; x_wconf 88' lang='lat' dir='ltr'>inseparabiliter5</span> 
     </span>
     <span class='ocr_line' id='line_1_7' title="bbox 383 651 1787 701; baseline -0.002 -10"><span class='ocrx_word' id='word_1_52' title='bbox 383 665 411 691; x_wconf 83' lang='lat' dir='ltr'>d.</span> <span class='ocrx_word' id='word_1_53' title='bbox 461 654 614 691; x_wconf 88' lang='lat' dir='ltr'>obiecto</span> <span class='ocrx_word' id='word_1_54' title='bbox 648 653 822 690; x_wconf 86' lang='lat' dir='ltr'>beatifice</span> <span class='ocrx_word' id='word_1_55' title='bbox 857 652 1119 690; x_wconf 86' lang='lat' dir='ltr'>confruuntur.</span> <span class='ocrx_word' id='word_1_56' title='bbox 1177 651 1228 689; x_wconf 90' lang='lat' dir='ltr'>Et</span> <span class='ocrx_word' id='word_1_57' title='bbox 1259 658 1396 701; x_wconf 88' lang='lat' dir='ltr'>quarto</span> <span class='ocrx_word' id='word_1_58' title='bbox 1429 652 1645 689; x_wconf 86' lang='lat' dir='ltr'>accumulat</span> <span class='ocrx_word' id='word_1_59' title='bbox 1684 651 1787 688; x_wconf 90' lang='lat' dir='ltr'>dona</span> 
     </span>
     <span class='ocr_line' id='line_1_8' title="bbox 460 722 1788 772; baseline -0.002 -12"><span class='ocrx_word' id='word_1_60' title='bbox 460 724 762 772; x_wconf 75' lang='lat' dir='ltr'>supereffluencz&#39;a,</span> <span class='ocrx_word' id='word_1_61' title='bbox 784 723 874 760; x_wconf 91' lang='lat' dir='ltr'>dum</span> <span class='ocrx_word' id='word_1_62' title='bbox 906 723 1005 760; x_wconf 84' lang='lat' dir='ltr'>beati</span> <span class='ocrx_word' id='word_1_63' title='bbox 1035 735 1082 760; x_wconf 83' lang='lat' dir='ltr'>ex</span> <span class='ocrx_word' id='word_1_64' title='bbox 1113 723 1290 760; x_wconf 83' lang='lat' dir='ltr'>comitiva</span> <span class='ocrx_word' id='word_1_65' title='bbox 1310 722 1524 760; x_wconf 89' lang='lat' dir='ltr'>concivium</span> <span class='ocrx_word' id='word_1_66' title='bbox 1545 722 1788 771; x_wconf 82' lang='lat' dir='ltr'>superaddite</span> 
     </span>
     <span class='ocr_line' id='line_1_9' title="bbox 462 792 1790 842; baseline -0.002 -11"><span class='ocrx_word' id='word_1_67' title='bbox 462 800 550 831; x_wconf 91' lang='lat' dir='ltr'>sunt</span> <span class='ocrx_word' id='word_1_68' title='bbox 565 794 678 831; x_wconf 89' lang='lat' dir='ltr'>beati.</span> <span class='ocrx_word' id='word_1_69' title='bbox 699 793 748 830; x_wconf 92' lang='lat' dir='ltr'>Et</span> <span class='ocrx_word' id='word_1_70' title='bbox 764 794 816 831; x_wconf 92' lang='lat' dir='ltr'>sic</span> <span class='ocrx_word' id='word_1_71' title='bbox 831 793 1048 842; x_wconf 85' lang='lat' dir='ltr'>intelligitur</span> <span class='ocrx_word' id='word_1_72' title='bbox 1063 793 1155 830; x_wconf 93' lang='lat' dir='ltr'>illud</span> <span class='ocrx_word' id='word_1_73' title='bbox 1173 792 1265 830; x_wconf 94' lang='lat' dir='ltr'>Luc.</span> <span class='ocrx_word' id='word_1_74' title='bbox 1278 793 1322 829; x_wconf 90' lang='lat' dir='ltr'>vi.</span> <span class='ocrx_word' id='word_1_75' title='bbox 1342 795 1403 840; x_wconf 84' lang='lat'>38,</span> <span class='ocrx_word' id='word_1_76' title='bbox 1419 792 1644 829; x_wconf 77' lang='lat' dir='ltr'>Mensuram</span> <span class='ocrx_word' id='word_1_77' title='bbox 1661 792 1790 829; x_wconf 82' lang='lat' dir='ltr'><em>bonam</em></span> 
     </span>
     <span class='ocr_line' id='line_1_10' title="bbox 461 864 1788 914; baseline 0 -13"><span class='ocrx_word' id='word_1_78' title='bbox 461 869 494 901; x_wconf 88' lang='lat' dir='ltr'>et</span> <span class='ocrx_word' id='word_1_79' title='bbox 519 864 717 914; x_wconf 78' lang='lat' dir='ltr'>confirtam</span> <span class='ocrx_word' id='word_1_80' title='bbox 745 869 779 901; x_wconf 81' lang='lat' dir='ltr'>et</span> <span class='ocrx_word' id='word_1_81' title='bbox 801 866 1023 913; x_wconf 77' lang='lat' dir='ltr'>coagitatam</span> <span class='ocrx_word' id='word_1_82' title='bbox 1053 869 1087 901; x_wconf 83' lang='lat' dir='ltr'>et</span> <span class='ocrx_word' id='word_1_83' title='bbox 1112 864 1414 913; x_wconf 77' lang='lat' dir='ltr'>superffuentem</span> <span class='ocrx_word' id='word_1_84' title='bbox 1435 864 1575 901; x_wconf 76' lang='lat' dir='ltr'>dabunt</span> <span class='ocrx_word' id='word_1_85' title='bbox 1601 865 1639 901; x_wconf 86' lang='lat' dir='ltr'>z&#39;n</span> <span class='ocrx_word' id='word_1_86' title='bbox 1668 865 1788 901; x_wconf 81' lang='lat' dir='ltr'>sinum</span> 
     </span>
     <span class='ocr_line' id='line_1_11' title="bbox 462 935 1845 984; baseline 0 -13"><span class='ocrx_word' id='word_1_87' title='bbox 462 940 632 981; x_wconf 78' lang='lat' dir='ltr'>vestrum,</span> <span class='ocrx_word' id='word_1_88' title='bbox 655 935 904 983; x_wconf 83' lang='lat' dir='ltr'>intelligendo</span> <span class='ocrx_word' id='word_1_89' title='bbox 925 935 1184 984; x_wconf 80' lang='lat' dir='ltr'>metaphorice</span> <span class='ocrx_word' id='word_1_90' title='bbox 1206 935 1409 972; x_wconf 88' lang='lat' dir='ltr'>continens</span> <span class='ocrx_word' id='word_1_91' title='bbox 1429 947 1499 983; x_wconf 89' lang='lat' dir='ltr'>pro</span> <span class='ocrx_word' id='word_1_92' title='bbox 1519 941 1713 972; x_wconf 88' lang='lat' dir='ltr'>contento.</span> <span class='ocrx_word' id='word_1_93' title='bbox 1806 944 1845 966; x_wconf 82' lang='lat'>10</span> 
     </span>
     <span class='ocr_line' id='line_1_12' title="bbox 181 1005 1790 1054; baseline -0.002 -8"><span class='ocrx_word' id='word_1_94' title='bbox 181 1029 202 1050; x_wconf 82' lang='lat'>4.</span> <span class='ocrx_word' id='word_1_95' title='bbox 225 1019 311 1045; x_wconf 71' lang='lat' dir='ltr'>God’s</span> <span class='ocrx_word' id='word_1_96' title='bbox 325 1019 414 1052; x_wconf 83' lang='lat' dir='ltr'>gistis</span> <span class='ocrx_word' id='word_1_97' title='bbox 514 1005 573 1042; x_wconf 84' lang='lat' dir='ltr'>Ex</span> <span class='ocrx_word' id='word_1_98' title='bbox 596 1005 674 1042; x_wconf 87' lang='lat' dir='ltr'>istis</span> <span class='ocrx_word' id='word_1_99' title='bbox 701 1010 805 1054; x_wconf 86' lang='lat' dir='ltr'>patet</span> <span class='ocrx_word' id='word_1_100' title='bbox 825 1005 932 1054; x_wconf 89' lang='lat' dir='ltr'>quod</span> <span class='ocrx_word' id='word_1_101' title='bbox 953 1005 1120 1042; x_wconf 83' lang='lat' dir='ltr'>donacio</span> <span class='ocrx_word' id='word_1_102' title='bbox 1150 1005 1223 1042; x_wconf 84' lang='lat' dir='ltr'>Dei</span> <span class='ocrx_word' id='word_1_103' title='bbox 1244 1005 1289 1042; x_wconf 89' lang='lat' dir='ltr'>sit</span> <span class='ocrx_word' id='word_1_104' title='bbox 1309 1005 1509 1042; x_wconf 90' lang='lat' dir='ltr'>utilissima</span> <span class='ocrx_word' id='word_1_105' title='bbox 1539 1011 1721 1050; x_wconf 86' lang='lat' dir='ltr'>creature,</span> <span class='ocrx_word' id='word_1_106' title='bbox 1743 1018 1790 1043; x_wconf 92' lang='lat' dir='ltr'>eo</span> 
     </span>
     <span class='ocr_line' id='line_1_13' title="bbox 181 1054 1830 1125; baseline 0.001 -14"><span class='ocrx_word' id='word_1_107' title='bbox 181 1054 401 1114; x_wconf 48' lang='grc' dir='ltr'>ἶῗῑῗὲῑὲζῖἷιῖἕο</span> <span class='ocrx_word' id='word_1_108' title='bbox 462 1074 479 1095; x_wconf 87' lang='grc'><em>*</em></span> <span class='ocrx_word' id='word_1_109' title='bbox 503 1075 609 1125; x_wconf 88' lang='lat' dir='ltr'>quod</span> <span class='ocrx_word' id='word_1_110' title='bbox 647 1087 764 1113; x_wconf 88' lang='lat' dir='ltr'>omne</span> <span class='ocrx_word' id='word_1_111' title='bbox 812 1076 943 1112; x_wconf 89' lang='lat' dir='ltr'>datum</span> <span class='ocrx_word' id='word_1_112' title='bbox 983 1075 1055 1112; x_wconf 91' lang='lat' dir='ltr'>Dei</span> <span class='ocrx_word' id='word_1_113' title='bbox 1095 1082 1206 1112; x_wconf 88' lang='lat' dir='ltr'>sonat</span> <span class='ocrx_word' id='word_1_114' title='bbox 1239 1076 1279 1112; x_wconf 90' lang='lat' dir='ltr'>in</span> <span class='ocrx_word' id='word_1_115' title='bbox 1317 1076 1465 1112; x_wconf 90' lang='lat' dir='ltr'>bonum</span> <span class='ocrx_word' id='word_1_116' title='bbox 1504 1075 1641 1121; x_wconf 88' lang='lat' dir='ltr'>anime,</span> <span class='ocrx_word' id='word_1_117' title='bbox 1684 1074 1830 1124; x_wconf 75' lang='lat' dir='ltr'>quode</span> 
     </span>
     <span class='ocr_line' id='line_1_14' title="bbox 459 1146 1790 1195; baseline -0.001 -11"><span class='ocrx_word' id='word_1_118' title='bbox 459 1147 672 1184; x_wconf 89' lang='lat' dir='ltr'>secundum</span> <span class='ocrx_word' id='word_1_119' title='bbox 701 1147 972 1184; x_wconf 89' lang='lat' dir='ltr'>condicionem</span> <span class='ocrx_word' id='word_1_120' title='bbox 1002 1146 1160 1184; x_wconf 90' lang='lat' dir='ltr'>subiecti</span> <span class='ocrx_word' id='word_1_121' title='bbox 1184 1153 1239 1183; x_wconf 87' lang='lat' dir='ltr'>est</span> <span class='ocrx_word' id='word_1_122' title='bbox 1269 1146 1569 1195; x_wconf 85' lang='lat' dir='ltr'>inseparabiliter</span> <span class='ocrx_word' id='word_1_123' title='bbox 1598 1146 1734 1183; x_wconf 91' lang='lat' dir='ltr'>melius</span> <span class='ocrx_word' id='word_1_124' title='bbox 1753 1152 1790 1183; x_wconf 89' lang='lat' dir='ltr'>et</span> 
     </span>
     <span class='ocr_line' id='line_1_15' title="bbox 458 1216 1789 1265; baseline -0.001 -11"><span class='ocrx_word' id='word_1_125' title='bbox 458 1217 666 1254; x_wconf 84' lang='lat' dir='ltr'>durabilius</span> <span class='ocrx_word' id='word_1_126' title='bbox 709 1218 815 1255; x_wconf 92' lang='lat' dir='ltr'>bono</span> <span class='ocrx_word' id='word_1_127' title='bbox 863 1217 1035 1265; x_wconf 89' lang='lat' dir='ltr'>quolibet</span> <span class='ocrx_word' id='word_1_128' title='bbox 1083 1217 1313 1265; x_wconf 84' lang='lat' dir='ltr'>temporali3</span> <span class='ocrx_word' id='word_1_129' title='bbox 1351 1217 1438 1254; x_wconf 90' lang='lat' dir='ltr'>ideo</span> <span class='ocrx_word' id='word_1_130' title='bbox 1477 1217 1661 1253; x_wconf 89' lang='lat' dir='ltr'>nimirum</span> <span class='ocrx_word' id='word_1_131' title='bbox 1700 1216 1789 1254; x_wconf 92' lang='lat' dir='ltr'>dicit</span> 
     </span>
     <span class='ocr_line' id='line_1_16' title="bbox 460 1286 1842 1336; baseline -0.001 -12"><span class='ocrx_word' id='word_1_132' title='bbox 460 1288 643 1333; x_wconf 88' lang='lat' dir='ltr'>Salvator,</span> <span class='ocrx_word' id='word_1_133' title='bbox 675 1287 769 1324; x_wconf 90' lang='lat' dir='ltr'>Mat.</span> <span class='ocrx_word' id='word_1_134' title='bbox 805 1287 877 1323; x_wconf 85' lang='lat' dir='ltr'>xvi.</span> <span class='ocrx_word' id='word_1_135' title='bbox 915 1288 976 1333; x_wconf 89' lang='lat'>26,</span> <span class='ocrx_word' id='word_1_136' title='bbox 1011 1286 1115 1332; x_wconf 75' lang='lat' dir='ltr'>Quid</span> <span class='ocrx_word' id='word_1_137' title='bbox 1140 1288 1233 1323; x_wconf 82' lang='lat' dir='ltr'>enz&#39;m</span> <span class='ocrx_word' id='word_1_138' title='bbox 1263 1287 1437 1335; x_wconf 77' lang='lat' dir='ltr'>proderit</span> <span class='ocrx_word' id='word_1_139' title='bbox 1463 1287 1614 1331; x_wconf 58' lang='lat' dir='ltr'>homini,</span> <span class='ocrx_word' id='word_1_140' title='bbox 1642 1287 1680 1322; x_wconf 82' lang='lat' dir='ltr'>sz&#39;</span> <span class='ocrx_word' id='word_1_141' title='bbox 1704 1288 1788 1323; x_wconf 86' lang='lat' dir='ltr'>unz&#39;-</span> <span class='ocrx_word' id='word_1_142' title='bbox 1806 1304 1842 1336; x_wconf 89' lang='lat'>15</span> 
     </span>
     <span class='ocr_line' id='line_1_17' title="bbox 458 1358 1789 1402; baseline -0.001 -8"><span class='ocrx_word' id='word_1_143' title='bbox 458 1370 603 1394; x_wconf 81' lang='lat' dir='ltr'>versum</span> <span class='ocrx_word' id='word_1_144' title='bbox 660 1358 837 1394; x_wconf 86' lang='lat' dir='ltr'>mundum</span> <span class='ocrx_word' id='word_1_145' title='bbox 894 1358 1065 1402; x_wconf 85' lang='lat' dir='ltr'>lucretur,</span> <span class='ocrx_word' id='word_1_146' title='bbox 1114 1359 1234 1394; x_wconf 73' lang='lat' dir='ltr'>anime</span> <span class='ocrx_word' id='word_1_147' title='bbox 1291 1369 1375 1394; x_wconf 80' lang='lat' dir='ltr'><em>vero</em></span> <span class='ocrx_word' id='word_1_148' title='bbox 1431 1370 1492 1394; x_wconf 86' lang='lat' dir='ltr'>sue</span> <span class='ocrx_word' id='word_1_149' title='bbox 1539 1358 1789 1394; x_wconf 76' lang='lat' dir='ltr'>detrimentum</span> 
     </span>
     <span class='ocr_line' id='line_1_18' title="bbox 449 1428 1789 1476; baseline -0.001 -12"><span class='ocrx_word' id='word_1_150' title='bbox 449 1430 632 1476; x_wconf 76' lang='lat' dir='ltr'>paciatur</span> <span class='ocrx_word' id='word_1_151' title='bbox 643 1430 664 1464; x_wconf 69' lang='grc' dir='ltr'>,ν’</span> <span class='ocrx_word' id='word_1_152' title='bbox 704 1432 773 1464; x_wconf 83' lang='lat' dir='ltr'>aut</span> <span class='ocrx_word' id='word_1_153' title='bbox 802 1440 911 1476; x_wconf 79' lang='lat' dir='ltr'>quam</span> <span class='ocrx_word' id='word_1_154' title='bbox 946 1428 1048 1465; x_wconf 75' lang='lat' dir='ltr'>dabit</span> <span class='ocrx_word' id='word_1_155' title='bbox 1073 1428 1177 1464; x_wconf 78' lang='lat' dir='ltr'>homo</span> <span class='ocrx_word' id='word_1_156' title='bbox 1208 1429 1524 1464; x_wconf 75' lang='lat' dir='ltr'>commutacionem</span> <span class='ocrx_word' id='word_1_157' title='bbox 1557 1434 1630 1476; x_wconf 77' lang='lat' dir='ltr'>pro</span> <span class='ocrx_word' id='word_1_158' title='bbox 1662 1429 1789 1464; x_wconf 79' lang='lat' dir='ltr'>anima</span> 
     </span>
     <span class='ocr_line' id='line_1_19' title="bbox 457 1498 1789 1548; baseline -0.001 -13"><span class='ocrx_word' id='word_1_159' title='bbox 457 1512 526 1535; x_wconf 84' lang='lat' dir='ltr'>sua</span> <span class='ocrx_word' id='word_1_160' title='bbox 539 1501 560 1535; x_wconf 67' lang='grc' dir='ltr'>,Ρ</span> <span class='ocrx_word' id='word_1_161' title='bbox 629 1498 667 1535; x_wconf 90' lang='lat' dir='ltr'>Si</span> <span class='ocrx_word' id='word_1_162' title='bbox 715 1511 808 1548; x_wconf 83' lang='lat' dir='ltr'>ergo</span> <span class='ocrx_word' id='word_1_163' title='bbox 848 1499 1001 1548; x_wconf 87' lang='lat' dir='ltr'>spiritus</span> <span class='ocrx_word' id='word_1_164' title='bbox 1041 1499 1088 1535; x_wconf 81' lang='lat' dir='ltr'>sit</span> <span class='ocrx_word' id='word_1_165' title='bbox 1125 1504 1205 1535; x_wconf 90' lang='lat' dir='ltr'>tota</span> <span class='ocrx_word' id='word_1_166' title='bbox 1243 1498 1496 1547; x_wconf 85' lang='lat' dir='ltr'>personalitas</span> <span class='ocrx_word' id='word_1_167' title='bbox 1534 1498 1712 1543; x_wconf 86' lang='lat' dir='ltr'>hominis,</span> <span class='ocrx_word' id='word_1_168' title='bbox 1753 1505 1789 1535; x_wconf 90' lang='lat' dir='ltr'>et</span> 
     </span>
     <span class='ocr_line' id='line_1_20' title="bbox 458 1568 1787 1618; baseline -0.001 -12"><span class='ocrx_word' id='word_1_169' title='bbox 458 1581 598 1618; x_wconf 87' lang='lat' dir='ltr'>corpus</span> <span class='ocrx_word' id='word_1_170' title='bbox 621 1581 709 1606; x_wconf 90' lang='lat' dir='ltr'>cum</span> <span class='ocrx_word' id='word_1_171' title='bbox 737 1570 814 1607; x_wconf 89' lang='lat' dir='ltr'>suis</span> <span class='ocrx_word' id='word_1_172' title='bbox 835 1570 949 1607; x_wconf 91' lang='lat' dir='ltr'>bonis</span> <span class='ocrx_word' id='word_1_173' title='bbox 973 1568 1258 1606; x_wconf 84' lang='lat' dir='ltr'>accidentaliter</span> <span class='ocrx_word' id='word_1_174' title='bbox 1277 1568 1496 1606; x_wconf 87' lang='lat' dir='ltr'>ordinatum</span> <span class='ocrx_word' id='word_1_175' title='bbox 1524 1569 1573 1606; x_wconf 87' lang='lat' dir='ltr'>ad</span> <span class='ocrx_word' id='word_1_176' title='bbox 1602 1569 1787 1617; x_wconf 88' lang='lat' dir='ltr'>spiritum,</span> 
     </span>
     <span class='ocr_line' id='line_1_21' title="bbox 456 1639 1843 1688; baseline -0.001 -12"><span class='ocrx_word' id='word_1_177' title='bbox 456 1647 497 1676; x_wconf 93' lang='lat' dir='ltr'>ut</span> <span class='ocrx_word' id='word_1_178' title='bbox 518 1639 567 1676; x_wconf 85' lang='lat' dir='ltr'>ad</span> <span class='ocrx_word' id='word_1_179' title='bbox 593 1640 734 1685; x_wconf 86' lang='lat' dir='ltr'>finem;</span> <span class='ocrx_word' id='word_1_180' title='bbox 765 1639 867 1677; x_wconf 90' lang='lat' dir='ltr'>dona</span> <span class='ocrx_word' id='word_1_181' title='bbox 896 1646 1024 1677; x_wconf 87' lang='lat' dir='ltr'>autem</span> <span class='ocrx_word' id='word_1_182' title='bbox 1047 1639 1207 1688; x_wconf 85' lang='lat' dir='ltr'>Spiritus</span> <span class='ocrx_word' id='word_1_183' title='bbox 1236 1651 1316 1676; x_wconf 90' lang='lat' dir='ltr'>non</span> <span class='ocrx_word' id='word_1_184' title='bbox 1343 1646 1431 1676; x_wconf 89' lang='lat' dir='ltr'>sunt</span> <span class='ocrx_word' id='word_1_185' title='bbox 1456 1651 1527 1676; x_wconf 87' lang='lat' dir='ltr'>usu</span> <span class='ocrx_word' id='word_1_186' title='bbox 1551 1639 1787 1688; x_wconf 89' lang='lat' dir='ltr'>consumpti·</span> <span class='ocrx_word' id='word_1_187' title='bbox 1803 1651 1843 1673; x_wconf 86' lang='lat'>20</span> 
     </span>
     <span class='ocr_line' id='line_1_22' title="bbox 457 1709 1788 1759; baseline -0.001 -13"><span class='ocrx_word' id='word_1_188' title='bbox 457 1710 548 1747; x_wconf 87' lang='lat' dir='ltr'>bilia</span> <span class='ocrx_word' id='word_1_189' title='bbox 568 1709 618 1746; x_wconf 92' lang='lat' dir='ltr'>ad</span> <span class='ocrx_word' id='word_1_190' title='bbox 639 1710 946 1759; x_wconf 86' lang='lat' dir='ltr'>supportandum</span> <span class='ocrx_word' id='word_1_191' title='bbox 967 1710 1025 1747; x_wconf 90' lang='lat' dir='ltr'>vel</span> <span class='ocrx_word' id='word_1_192' title='bbox 1055 1709 1350 1747; x_wconf 84' lang='lat' dir='ltr'>custodiendum</span> <span class='ocrx_word' id='word_1_193' title='bbox 1371 1721 1545 1755; x_wconf 84' lang='lat' dir='ltr'>onerosa,</span> <span class='ocrx_word' id='word_1_194' title='bbox 1568 1709 1635 1747; x_wconf 90' lang='lat' dir='ltr'>sed</span> <span class='ocrx_word' id='word_1_195' title='bbox 1663 1709 1788 1746; x_wconf 90' lang='lat' dir='ltr'>omni-</span> 
     </span>
     <span class='ocr_line' id='line_1_23' title="bbox 459 1779 1788 1829; baseline 0 -13"><span class='ocrx_word' id='word_1_196' title='bbox 459 1792 612 1829; x_wconf 88' lang='lat' dir='ltr'>quaque</span> <span class='ocrx_word' id='word_1_197' title='bbox 632 1780 718 1829; x_wconf 90' lang='lat' dir='ltr'>plus</span> <span class='ocrx_word' id='word_1_198' title='bbox 738 1781 921 1818; x_wconf 88' lang='lat' dir='ltr'>bonificat</span> <span class='ocrx_word' id='word_1_199' title='bbox 942 1791 1229 1829; x_wconf 82' lang='lat' dir='ltr'>possessorem:</span> <span class='ocrx_word' id='word_1_200' title='bbox 1261 1780 1347 1827; x_wconf 91' lang='lat' dir='ltr'>quis</span> <span class='ocrx_word' id='word_1_201' title='bbox 1369 1779 1514 1817; x_wconf 84' lang='lat' dir='ltr'>dubitat</span> <span class='ocrx_word' id='word_1_202' title='bbox 1535 1780 1629 1829; x_wconf 91' lang='lat' dir='ltr'>quin</span> <span class='ocrx_word' id='word_1_203' title='bbox 1648 1779 1697 1817; x_wconf 91' lang='lat' dir='ltr'>de</span> <span class='ocrx_word' id='word_1_204' title='bbox 1718 1780 1788 1817; x_wconf 88' lang='lat' dir='ltr'>illis</span> 
     </span>
     <span class='ocr_line' id='line_1_24' title="bbox 458 1849 1789 1895; baseline 0 -8"><span class='ocrx_word' id='word_1_205' title='bbox 458 1851 497 1887; x_wconf 90' lang='lat' dir='ltr'>fit</span> <span class='ocrx_word' id='word_1_206' title='bbox 526 1851 673 1888; x_wconf 89' lang='lat' dir='ltr'>homini</span> <span class='ocrx_word' id='word_1_207' title='bbox 703 1851 902 1889; x_wconf 90' lang='lat' dir='ltr'>thesaurus</span> <span class='ocrx_word' id='word_1_208' title='bbox 931 1850 1069 1895; x_wconf 88' lang='lat' dir='ltr'>utilior,</span> <span class='ocrx_word' id='word_1_209' title='bbox 1090 1856 1130 1887; x_wconf 91' lang='lat' dir='ltr'>ut</span> <span class='ocrx_word' id='word_1_210' title='bbox 1161 1850 1273 1887; x_wconf 91' lang='lat' dir='ltr'>docet</span> <span class='ocrx_word' id='word_1_211' title='bbox 1305 1849 1489 1895; x_wconf 88' lang='lat' dir='ltr'>Salvator,</span> <span class='ocrx_word' id='word_1_212' title='bbox 1522 1849 1618 1887; x_wconf 90' lang='lat' dir='ltr'>Mat.</span> <span class='ocrx_word' id='word_1_213' title='bbox 1648 1851 1693 1887; x_wconf 92' lang='lat' dir='ltr'>vi.</span> <span class='ocrx_word' id='word_1_214' title='bbox 1728 1863 1789 1887; x_wconf 91' lang='lat'>20.</span> 
     </span>
     <span class='ocr_line' id='line_1_25' title="bbox 459 1920 1789 1970; baseline -0.001 -12"><span class='ocrx_word' id='word_1_215' title='bbox 459 1920 498 1958; x_wconf 89' lang='lat' dir='ltr'>Si</span> <span class='ocrx_word' id='word_1_216' title='bbox 518 1922 674 1970; x_wconf 89' lang='lat' dir='ltr'>insuper</span> <span class='ocrx_word' id='word_1_217' title='bbox 694 1921 927 1958; x_wconf 87' lang='lat' dir='ltr'>attendimus</span> <span class='ocrx_word' id='word_1_218' title='bbox 948 1920 997 1957; x_wconf 89' lang='lat' dir='ltr'>ad</span> <span class='ocrx_word' id='word_1_219' title='bbox 1016 1921 1179 1958; x_wconf 92' lang='lat' dir='ltr'>modum</span> <span class='ocrx_word' id='word_1_220' title='bbox 1200 1920 1382 1966; x_wconf 88' lang='lat' dir='ltr'>donandi,</span> <span class='ocrx_word' id='word_1_221' title='bbox 1397 1920 1610 1958; x_wconf 89' lang='lat' dir='ltr'>videbimus</span> <span class='ocrx_word' id='word_1_222' title='bbox 1630 1920 1789 1959; x_wconf 85' lang='lat' dir='ltr'>faciliter</span> 
     </span>
     <span class='ocr_line' id='line_1_26' title="bbox 457 1991 1840 2042; baseline 0.001 -13"><span class='ocrx_word' id='word_1_223' title='bbox 457 1992 562 2042; x_wconf 87' lang='lat' dir='ltr'>quod</span> <span class='ocrx_word' id='word_1_224' title='bbox 595 1992 669 2029; x_wconf 90' lang='lat' dir='ltr'>Dei</span> <span class='ocrx_word' id='word_1_225' title='bbox 698 1992 865 2030; x_wconf 91' lang='lat' dir='ltr'>donacio</span> <span class='ocrx_word' id='word_1_226' title='bbox 895 1992 932 2028; x_wconf 91' lang='lat' dir='ltr'>in</span> <span class='ocrx_word' id='word_1_227' title='bbox 962 1992 1121 2029; x_wconf 89' lang='lat' dir='ltr'>utilitate</span> <span class='ocrx_word' id='word_1_228' title='bbox 1152 1991 1302 2029; x_wconf 86' lang='lat' dir='ltr'>excedit</span> <span class='ocrx_word' id='word_1_229' title='bbox 1331 1992 1504 2040; x_wconf 90' lang='lat' dir='ltr'>quamvis</span> <span class='ocrx_word' id='word_1_230' title='bbox 1533 1992 1787 2029; x_wconf 88' lang='lat' dir='ltr'>donacionem</span> <span class='ocrx_word' id='word_1_231' title='bbox 1803 2010 1840 2042; x_wconf 87' lang='lat'>25</span> 
     </span>
     <span class='ocr_line' id='line_1_27' title="bbox 456 2062 1787 2111; baseline -0.001 -11"><span class='ocrx_word' id='word_1_232' title='bbox 456 2063 568 2100; x_wconf 90' lang='lat' dir='ltr'>aliam</span> <span class='ocrx_word' id='word_1_233' title='bbox 590 2069 772 2100; x_wconf 86' lang='lat' dir='ltr'>creature.</span> <span class='ocrx_word' id='word_1_234' title='bbox 829 2062 936 2100; x_wconf 90' lang='lat' dir='ltr'>Deus</span> <span class='ocrx_word' id='word_1_235' title='bbox 957 2062 1060 2099; x_wconf 83' lang='lat' dir='ltr'>enirn</span> <span class='ocrx_word' id='word_1_236' title='bbox 1081 2074 1160 2099; x_wconf 93' lang='lat' dir='ltr'>non</span> <span class='ocrx_word' id='word_1_237' title='bbox 1187 2068 1315 2111; x_wconf 89' lang='lat' dir='ltr'>potest</span> <span class='ocrx_word' id='word_1_238' title='bbox 1335 2062 1480 2099; x_wconf 89' lang='lat' dir='ltr'>donare</span> <span class='ocrx_word' id='word_1_239' title='bbox 1511 2062 1584 2099; x_wconf 90' lang='lat' dir='ltr'>nisi</span> <span class='ocrx_word' id='word_1_240' title='bbox 1603 2062 1652 2099; x_wconf 90' lang='lat' dir='ltr'>ad</span> <span class='ocrx_word' id='word_1_241' title='bbox 1675 2075 1787 2100; x_wconf 88' lang='lat' dir='ltr'>usum</span> 
     </span>
     <span class='ocr_line' id='line_1_28' title="bbox 456 2132 1787 2181; baseline 0 -11"><span class='ocrx_word' id='word_1_242' title='bbox 456 2134 588 2170; x_wconf 86' lang='lat' dir='ltr'>utilem</span> <span class='ocrx_word' id='word_1_243' title='bbox 609 2133 824 2171; x_wconf 89' lang='lat' dir='ltr'>nullatenus</span> <span class='ocrx_word' id='word_1_244' title='bbox 845 2133 894 2170; x_wconf 88' lang='lat' dir='ltr'>ad</span> <span class='ocrx_word' id='word_1_245' title='bbox 915 2133 1090 2178; x_wconf 90' lang='lat' dir='ltr'>abusum,</span> <span class='ocrx_word' id='word_1_246' title='bbox 1105 2144 1175 2169; x_wconf 91' lang='lat' dir='ltr'>nec</span> <span class='ocrx_word' id='word_1_247' title='bbox 1196 2138 1320 2181; x_wconf 88' lang='lat' dir='ltr'>potest</span> <span class='ocrx_word' id='word_1_248' title='bbox 1341 2144 1362 2168; x_wconf 91' lang='lat' dir='ltr'>a</span> <span class='ocrx_word' id='word_1_249' title='bbox 1383 2132 1482 2169; x_wconf 90' lang='lat' dir='ltr'>bene</span> <span class='ocrx_word' id='word_1_250' title='bbox 1499 2138 1630 2169; x_wconf 86' lang='lat' dir='ltr'>utente</span> <span class='ocrx_word' id='word_1_251' title='bbox 1651 2133 1787 2170; x_wconf 89' lang='lat' dir='ltr'>iniuste</span> 
     </span>
     <span class='ocr_line' id='line_1_29' title="bbox 457 2202 1784 2253; baseline -0.002 -12"><span class='ocrx_word' id='word_1_252' title='bbox 457 2211 651 2253; x_wconf 84' lang='lat' dir='ltr'>repetere;</span> <span class='ocrx_word' id='word_1_253' title='bbox 677 2204 745 2241; x_wconf 88' lang='lat' dir='ltr'>sed</span> <span class='ocrx_word' id='word_1_254' title='bbox 765 2204 862 2240; x_wconf 90' lang='lat' dir='ltr'>bene</span> <span class='ocrx_word' id='word_1_255' title='bbox 882 2210 1052 2240; x_wconf 88' lang='lat' dir='ltr'>utentem</span> <span class='ocrx_word' id='word_1_256' title='bbox 1072 2202 1330 2251; x_wconf 85' lang='lat' dir='ltr'>multipliciter</span> <span class='ocrx_word' id='word_1_257' title='bbox 1350 2203 1492 2239; x_wconf 86' lang='lat' dir='ltr'>excitat</span> <span class='ocrx_word' id='word_1_258' title='bbox 1519 2202 1568 2239; x_wconf 89' lang='lat' dir='ltr'>ad</span> <span class='ocrx_word' id='word_1_259' title='bbox 1588 2202 1784 2249; x_wconf 87' lang='lat' dir='ltr'>utendum,</span> 
     </span>
     <span class='ocr_line' id='line_1_30' title="bbox 456 2272 1786 2322; baseline -0.002 -10"><span class='ocrx_word' id='word_1_260' title='bbox 456 2281 493 2312; x_wconf 88' lang='lat' dir='ltr'>et</span> <span class='ocrx_word' id='word_1_261' title='bbox 514 2275 561 2312; x_wconf 91' lang='lat' dir='ltr'>de</span> <span class='ocrx_word' id='word_1_262' title='bbox 581 2276 763 2312; x_wconf 88' lang='lat' dir='ltr'>abutente</span> <span class='ocrx_word' id='word_1_263' title='bbox 785 2275 912 2311; x_wconf 89' lang='lat' dir='ltr'>statim</span> <span class='ocrx_word' id='word_1_264' title='bbox 937 2273 1096 2322; x_wconf 87' lang='lat' dir='ltr'>repetit:</span> <span class='ocrx_word' id='word_1_265' title='bbox 1128 2285 1203 2322; x_wconf 88' lang='lat' dir='ltr'>que</span> <span class='ocrx_word' id='word_1_266' title='bbox 1227 2273 1358 2309; x_wconf 89' lang='lat' dir='ltr'>omnia</span> <span class='ocrx_word' id='word_1_267' title='bbox 1378 2272 1427 2309; x_wconf 89' lang='lat' dir='ltr'>ad</span> <span class='ocrx_word' id='word_1_268' title='bbox 1448 2272 1646 2310; x_wconf 88' lang='lat' dir='ltr'>utilitatem</span> <span class='ocrx_word' id='word_1_269' title='bbox 1667 2272 1786 2309; x_wconf 91' lang='lat' dir='ltr'>dona-</span> 
     </span>
     <span class='ocr_line' id='line_1_31' title="bbox 456 2343 1842 2393; baseline -0.003 -11"><span class='ocrx_word' id='word_1_270' title='bbox 456 2346 542 2382; x_wconf 93' lang='lat' dir='ltr'>torii</span> <span class='ocrx_word' id='word_1_271' title='bbox 563 2351 776 2383; x_wconf 90' lang='lat' dir='ltr'>noscuntur</span> <span class='ocrx_word' id='word_1_272' title='bbox 795 2344 1015 2393; x_wconf 85' lang='lat' dir='ltr'>planissime</span> <span class='ocrx_word' id='word_1_273' title='bbox 1036 2343 1235 2393; x_wconf 87' lang='lat' dir='ltr'>pertinere.</span> <span class='ocrx_word' id='word_1_274' title='bbox 1799 2356 1842 2386; x_wconf 79' lang='lat'>30</span> 
     </span>
     <span class='ocr_line' id='line_1_32' title="bbox 179 2413 1786 2465; baseline -0.002 -12"><span class='ocrx_word' id='word_1_275' title='bbox 179 2443 205 2459; x_wconf 66' lang='lat' dir='ltr'>a,</span> <span class='ocrx_word' id='word_1_276' title='bbox 229 2433 244 2458; x_wconf 70' lang='grc' dir='ltr'>ῑ,</span> <span class='ocrx_word' id='word_1_277' title='bbox 262 2433 344 2459; x_wconf 59' lang='lat' dir='ltr'>From</span> <span class='ocrx_word' id='word_1_278' title='bbox 359 2432 406 2459; x_wconf 65' lang='lat' dir='ltr'>the</span> <span class='ocrx_word' id='word_1_279' title='bbox 512 2416 640 2453; x_wconf 90' lang='lat' dir='ltr'>Prima</span> <span class='ocrx_word' id='word_1_280' title='bbox 668 2428 757 2465; x_wconf 90' lang='lat' dir='ltr'>pars</span> <span class='ocrx_word' id='word_1_281' title='bbox 779 2422 883 2464; x_wconf 87' lang='lat' dir='ltr'>patet</span> <span class='ocrx_word' id='word_1_282' title='bbox 913 2427 960 2452; x_wconf 90' lang='lat' dir='ltr'>eo</span> <span class='ocrx_word' id='word_1_283' title='bbox 981 2414 1087 2464; x_wconf 90' lang='lat' dir='ltr'>quod</span> <span class='ocrx_word' id='word_1_284' title='bbox 1107 2413 1193 2451; x_wconf 86' lang='lat' dir='ltr'>Deo</span> <span class='ocrx_word' id='word_1_285' title='bbox 1214 2413 1403 2451; x_wconf 87' lang='lat' dir='ltr'>iniusticia</span> <span class='ocrx_word' id='word_1_286' title='bbox 1432 2425 1511 2450; x_wconf 91' lang='lat' dir='ltr'>non</span> <span class='ocrx_word' id='word_1_287' title='bbox 1539 2418 1663 2462; x_wconf 91' lang='lat' dir='ltr'>potest</span> <span class='ocrx_word' id='word_1_288' title='bbox 1683 2425 1786 2450; x_wconf 89' lang='lat' dir='ltr'>com-</span> 
     </span>
    </p>
   </div>
   <div class='ocr_carea' id='block_1_3' title="bbox 179 2467 1831 2536">
    <p class='ocr_par' dir='ltr' id='par_1_3' title="bbox 179 2467 1831 2536">
     <span class='ocr_line' id='line_1_33' title="bbox 179 2467 1831 2536; baseline -0.005 -8"><span class='ocrx_word' id='word_1_289' title='bbox 179 2467 416 2532; x_wconf 43' lang='lat' dir='ltr'>{iiffsslsffi&#39;ffahvffay</span> <span class='ocrx_word' id='word_1_290' title='bbox 457 2492 608 2536; x_wconf 88' lang='lat' dir='ltr'>petere;</span> <span class='ocrx_word' id='word_1_291' title='bbox 649 2498 721 2523; x_wconf 90' lang='lat' dir='ltr'>nec</span> <span class='ocrx_word' id='word_1_292' title='bbox 751 2492 876 2535; x_wconf 88' lang='lat' dir='ltr'>potest</span> <span class='ocrx_word' id='word_1_293' title='bbox 906 2497 995 2522; x_wconf 92' lang='lat' dir='ltr'>cum</span> <span class='ocrx_word' id='word_1_294' title='bbox 1018 2482 1036 2503; x_wconf 84' lang='lat'><em>*</em></span> <span class='ocrx_word' id='word_1_295' title='bbox 1058 2490 1229 2521; x_wconf 89' lang='lat' dir='ltr'>creature</span> <span class='ocrx_word' id='word_1_296' title='bbox 1261 2495 1328 2520; x_wconf 90' lang='lat' dir='ltr'>sua</span> <span class='ocrx_word' id='word_1_297' title='bbox 1358 2483 1428 2519; x_wconf 92' lang='lat' dir='ltr'>nisi</span> <span class='ocrx_word' id='word_1_298' title='bbox 1459 2484 1631 2531; x_wconf 87' lang='lat' dir='ltr'>graciose</span> <span class='ocrx_word' id='word_1_299' title='bbox 1660 2496 1831 2532; x_wconf 82' lang='lat' dir='ltr'>agere‚1)</span> 
     </span>
    </p>
   </div>
   <div class='ocr_carea' id='block_1_4' title="bbox 179 2536 1784 2606">
    <p class='ocr_par' dir='ltr' id='par_1_4' title="bbox 179 2536 1784 2606">
     <span class='ocr_line' id='line_1_34' title="bbox 180 2536 1754 2563; baseline -0.001 -2"><span class='ocrx_word' id='word_1_300' title='bbox 180 2537 241 2563; x_wconf 85' lang='lat' dir='ltr'>that</span> <span class='ocrx_word' id='word_1_301' title='bbox 256 2536 347 2562; x_wconf 83' lang='lat' dir='ltr'>which</span> <span class='ocrx_word' id='word_1_302' title='bbox 360 2536 395 2563; x_wconf 82' lang='lat' dir='ltr'>he</span> <span class='ocrx_word' id='word_1_303' title='bbox 1234 2554 1240 2561; x_wconf 92' lang='lat'>.</span> <span class='ocrx_word' id='word_1_304' title='bbox 1378 2554 1384 2560; x_wconf 94' lang='lat'>.</span> <span class='ocrx_word' id='word_1_305' title='bbox 1527 2553 1534 2560; x_wconf 85' lang='grc'><strong>.</strong></span> <span class='ocrx_word' id='word_1_306' title='bbox 1748 2554 1754 2561; x_wconf 94' lang='grc'>.</span> 
     </span>
     <span class='ocr_line' id='line_1_35' title="bbox 179 2552 1784 2606; baseline -0.003 -11"><span class='ocrx_word' id='word_1_307' title='bbox 179 2570 248 2601; x_wconf 74' lang='lat' dir='ltr'>has;</span> <span class='ocrx_word' id='word_1_308' title='bbox 458 2556 564 2606; x_wconf 87' lang='lat' dir='ltr'>quod</span> <span class='ocrx_word' id='word_1_309' title='bbox 593 2568 672 2592; x_wconf 91' lang='lat' dir='ltr'>non</span> <span class='ocrx_word' id='word_1_310' title='bbox 698 2555 839 2592; x_wconf 85' lang='lat' dir='ltr'>faceret</span> <span class='ocrx_word' id='word_1_311' title='bbox 867 2554 1078 2604; x_wconf 90' lang='lat' dir='ltr'>repetendo</span> <span class='ocrx_word' id='word_1_312' title='bbox 1108 2554 1267 2591; x_wconf 81' lang='lat' dir='ltr'>donana</span> <span class='ocrx_word' id='word_1_313' title='bbox 1297 2554 1346 2591; x_wconf 93' lang='lat' dir='ltr'>ab</span> <span class='ocrx_word' id='word_1_314' title='bbox 1375 2565 1546 2590; x_wconf 80' lang='lat' dir='ltr'>lmmunr.</span> <span class='ocrx_word' id='word_1_315' title='bbox 1603 2552 1717 2591; x_wconf 88' lang='lat' dir='ltr'>Unde</span> <span class='ocrx_word' id='word_1_316' title='bbox 1745 2566 1784 2590; x_wconf 78' lang='lat' dir='ltr'>in</span> 
     </span>
    </p>
   </div>
   <div class='ocr_carea' id='block_1_5' title="bbox 458 2623 1786 2672">
    <p class='ocr_par' dir='ltr' id='par_1_5' title="bbox 458 2623 1786 2672">
     <span class='ocr_line' id='line_1_36' title="bbox 458 2623 1786 2672; baseline -0.003 -8"><span class='ocrx_word' id='word_1_317' title='bbox 458 2626 720 2664; x_wconf 85' lang='lat' dir='ltr'>testimonium</span> <span class='ocrx_word' id='word_1_318' title='bbox 740 2625 864 2671; x_wconf 84' lang='lat' dir='ltr'>huius,</span> <span class='ocrx_word' id='word_1_319' title='bbox 892 2638 907 2661; x_wconf 94' lang='lat'>1</span> <span class='ocrx_word' id='word_1_320' title='bbox 933 2625 1064 2662; x_wconf 92' lang='lat' dir='ltr'>Thim.</span> <span class='ocrx_word' id='word_1_321' title='bbox 1086 2625 1130 2661; x_wconf 93' lang='lat' dir='ltr'>vi.</span> <span class='ocrx_word' id='word_1_322' title='bbox 1156 2633 1213 2672; x_wconf 84' lang='lat'>17,</span> <span class='ocrx_word' id='word_1_323' title='bbox 1231 2624 1320 2661; x_wconf 90' lang='lat' dir='ltr'>dicit</span> <span class='ocrx_word' id='word_1_324' title='bbox 1340 2623 1534 2672; x_wconf 88' lang='lat' dir='ltr'>apostolus</span> <span class='ocrx_word' id='word_1_325' title='bbox 1554 2623 1660 2672; x_wconf 91' lang='lat' dir='ltr'>quod</span> <span class='ocrx_word' id='word_1_326' title='bbox 1681 2623 1786 2661; x_wconf 88' lang='lat' dir='ltr'>Deus</span> 
     </span>
    </p>
   </div>
   <div class='ocr_carea' id='block_1_6' title="bbox 460 2715 1782 2817">
    <p class='ocr_par' dir='ltr' id='par_1_6' title="bbox 460 2715 1782 2817">
     <span class='ocr_line' id='line_1_37' title="bbox 494 2715 1782 2750; baseline -0.002 -7"><span class='ocrx_word' id='word_1_327' title='bbox 494 2720 517 2745; x_wconf 82' lang='lat'>6.</span> <span class='ocrx_word' id='word_1_328' title='bbox 536 2718 667 2750; x_wconf 76' lang='lat' dir='ltr'>beatifice</span> <span class='ocrx_word' id='word_1_329' title='bbox 680 2718 704 2742; x_wconf 94' lang='lat' dir='ltr'><strong>A</strong></span> <span class='ocrx_word' id='word_1_330' title='bbox 714 2717 737 2743; x_wconf 94' lang='lat' dir='ltr'>C</span> <span class='ocrx_word' id='word_1_331' title='bbox 749 2724 755 2743; x_wconf 86' lang='lat'>:</span> <span class='ocrx_word' id='word_1_332' title='bbox 773 2717 906 2749; x_wconf 78' lang='lat' dir='ltr'>beatzfico</span> <span class='ocrx_word' id='word_1_333' title='bbox 920 2716 951 2742; x_wconf 87' lang='lat' dir='ltr'>B.</span> <span class='ocrx_word' id='word_1_334' title='bbox 1038 2717 1061 2741; x_wconf 83' lang='lat'>6.</span> <span class='ocrx_word' id='word_1_335' title='bbox 1083 2716 1252 2741; x_wconf 77' lang='lat' dir='ltr'>accumulat</span> <span class='ocrx_word' id='word_1_336' title='bbox 1266 2715 1304 2742; x_wconf 79' lang='lat' dir='ltr'>C:</span> <span class='ocrx_word' id='word_1_337' title='bbox 1325 2716 1516 2741; x_wconf 78' lang='lat' dir='ltr'>accumulant</span> <span class='ocrx_word' id='word_1_338' title='bbox 1528 2715 1553 2740; x_wconf 91' lang='lat' dir='ltr'><strong>A</strong></span> <span class='ocrx_word' id='word_1_339' title='bbox 1562 2716 1605 2747; x_wconf 85' lang='lat' dir='ltr'>(ut</span> <span class='ocrx_word' id='word_1_340' title='bbox 1618 2715 1739 2746; x_wconf 85' lang='lat' dir='ltr'>videtur)</span> <span class='ocrx_word' id='word_1_341' title='bbox 1752 2716 1782 2741; x_wconf 87' lang='lat' dir='ltr'>B.</span> 
     </span>
     <span class='ocr_line' id='line_1_38' title="bbox 462 2749 1782 2782; baseline -0.002 -6"><span class='ocrx_word' id='word_1_342' title='bbox 462 2753 499 2776; x_wconf 88' lang='lat'>16.</span> <span class='ocrx_word' id='word_1_343' title='bbox 526 2753 534 2781; x_wconf 87' lang='grc' dir='ltr'>ΙΙ</span> <span class='ocrx_word' id='word_1_344' title='bbox 544 2760 594 2777; x_wconf 76' lang='lat' dir='ltr'>sue</span> <span class='ocrx_word' id='word_1_345' title='bbox 609 2752 630 2776; x_wconf 86' lang='lat' dir='ltr'>B</span> <span class='ocrx_word' id='word_1_346' title='bbox 644 2751 664 2776; x_wconf 84' lang='lat' dir='ltr'>f.</span> <span class='ocrx_word' id='word_1_347' title='bbox 678 2760 725 2782; x_wconf 70' lang='lat'>245</span> <span class='ocrx_word' id='word_1_348' title='bbox 737 2760 761 2776; x_wconf 77' lang='lat' dir='ltr'>A.</span> <span class='ocrx_word' id='word_1_349' title='bbox 868 2760 906 2775; x_wconf 89' lang='lat'>20.</span> <span class='ocrx_word' id='word_1_350' title='bbox 929 2750 1005 2774; x_wconf 74' lang='lat' dir='ltr'>dana</span> <span class='ocrx_word' id='word_1_351' title='bbox 1018 2749 1089 2776; x_wconf 87' lang='lat' dir='ltr'>AC:</span> <span class='ocrx_word' id='word_1_352' title='bbox 1109 2749 1179 2775; x_wconf 79' lang='lat' dir='ltr'>bona</span> <span class='ocrx_word' id='word_1_353' title='bbox 1195 2750 1225 2774; x_wconf 88' lang='lat' dir='ltr'>B.</span> <span class='ocrx_word' id='word_1_354' title='bbox 1335 2759 1374 2774; x_wconf 89' lang='lat'>21.</span> <span class='ocrx_word' id='word_1_355' title='bbox 1396 2757 1514 2774; x_wconf 79' lang='lat' dir='ltr'>onerosa</span> <span class='ocrx_word' id='word_1_356' title='bbox 1528 2749 1550 2774; x_wconf 86' lang='lat' dir='ltr'><strong>B</strong></span> <span class='ocrx_word' id='word_1_357' title='bbox 1561 2749 1600 2774; x_wconf 90' lang='lat' dir='ltr'>C:</span> <span class='ocrx_word' id='word_1_358' title='bbox 1622 2750 1736 2774; x_wconf 76' lang='lat' dir='ltr'>curiosa</span> <span class='ocrx_word' id='word_1_359' title='bbox 1750 2750 1782 2774; x_wconf 89' lang='lat' dir='ltr'>A.</span> 
     </span>
     <span class='ocr_line' id='line_1_39' title="bbox 460 2783 977 2817; baseline 0 -8"><span class='ocrx_word' id='word_1_360' title='bbox 460 2794 499 2817; x_wconf 80' lang='lat'>29.</span> <span class='ocrx_word' id='word_1_361' title='bbox 522 2785 671 2810; x_wconf 72' lang='lat' dir='ltr'>donatarii</span> <span class='ocrx_word' id='word_1_362' title='bbox 683 2784 707 2809; x_wconf 89' lang='lat' dir='ltr'><strong>A</strong></span> <span class='ocrx_word' id='word_1_363' title='bbox 718 2784 741 2810; x_wconf 93' lang='lat' dir='ltr'>C</span> <span class='ocrx_word' id='word_1_364' title='bbox 752 2792 756 2810; x_wconf 85' lang='grc'>;</span> <span class='ocrx_word' id='word_1_365' title='bbox 777 2784 931 2809; x_wconf 77' lang='lat' dir='ltr'>donatarii</span> <span class='ocrx_word' id='word_1_366' title='bbox 945 2783 977 2809; x_wconf 85' lang='grc' dir='ltr'>Β,</span> 
     </span>
    </p>
   </div>
  </div>
 </body>
</html>
