2095 3278
257 180 340 230 468
932 189 1135 221 RICARDI
1168 189 1470 222 ARMACHANI
1898 177 2001 237 [Lm.
2019 191 2073 220 1v.

255 296 429 362 luffiphgtgaisn
430 301 478 323 not
534 303 692 337 persona
709 292 885 336 baronis;
911 299 946 328 et
965 299 1090 328 tamen
1117 304 1190 328 non
1217 294 1356 329 habent
1383 293 1644 339 proprietatem
1670 294 1706 329 in
1732 294 1853 329 reddi·
1868 298 1970 340 [46A

256 363 303 388 the
318 363 426 389 baron’s
533 350 631 385 tibus
659 350 811 385 baronie
839 362 957 396 neque
987 351 1025 385 in
1054 362 1206 396 corpore
1235 351 1395 394 baronis,
1426 352 1510 387 licet
1544 352 1697 397 quisque
1729 363 1858 387 eorum

254 403 405 423 revenues:
535 407 673 442 habeat
691 419 800 453 super
817 408 971 443 baronia
996 408 1185 453 proprium
1211 409 1281 444 sibi
1307 409 1523 453 dominium,
1549 416 1585 445 et
1610 410 1729 445 eciam
1754 421 1863 455 super

532 477 690 510 persona
715 466 889 508 baronis;
914 466 1013 500 unde
1039 466 1273 511 consequitur
1298 467 1395 512 quod
1421 479 1495 503 non
1522 479 1630 502 omne
1656 467 1861 502 dominium

531 523 720 568 proprium
738 523 800 558 uni
819 524 887 558 soli
905 531 960 558 est
979 530 1042 558 aut
1061 524 1133 558 dici
1152 524 1263 559 debet
1281 525 1496 569 proprietas.
1875 535 1894 567 5

254 577 289 603 ¹²²³
302 582 404 603 0³⁰⁰&
417 577 481 609 give
580 582 670 616 IOH.
699 581 760 616 Sic
777 592 887 616 cerno
903 593 911 625 ;
940 581 1026 626 quia
1044 581 1248 616 dominium
1262 583 1492 627 superiorum
1507 582 1765 627 predictorum,
1777 583 1862 618 licet

254 611 519 678 ssivrzffi’grlsoerlcistkliiz.
532 639 578 674 sit
597 638 751 682 singulis
765 638 970 674 dominium
984 639 1187 684 proprium,
1201 651 1276 674 non
1292 646 1347 675 est
1362 647 1531 685 respectu
1545 640 1696 689 baronie
1710 642 1861 685 plenum

531 703 596 731 aut
614 697 808 741 integrum,
828 708 910 731 cum
929 708 1004 731 non
1023 697 1139 741 possit
1159 697 1355 742 quisquam
1382 698 1528 732 illorum
1552 698 1732 732 maiorum
1751 698 1861 732 baro-

531 754 632 789 niam
651 754 752 789 illam
780 754 868 789 dare
894 761 957 789 aut
975 755 1147 797 vendere,
1165 766 1284 800 neque
1310 755 1471 800 aliquem
1497 762 1621 790 actum
1647 755 1800 790 dominii
1823 756 1860 790 in

532 812 614 857 ipsa
647 812 803 847 baronia
840 812 983 857 integre
1017 812 1094 848 sive
1129 813 1349 856 generaliter
1383 824 1564 855 exercere,
1599 812 1706 848 sicuti
1739 820 1861 858 potest
1878 823 1918 844 10

253 875 494 914 Thebai-onphus
532 871 622 905 baro
641 883 648 905 :
676 870 728 906 sic
746 871 845 915 quod
871 871 982 906 michi
1000 871 1146 906 videtur
1170 871 1270 916 quod
1296 870 1501 906 dominium
1521 870 1538 890 '¹‘
1558 871 1708 906 baronis
1726 871 1762 905 in
1779 871 1861 916 ipsa
1874 876 1905 905 B

253 909 478 974 itii-Sdssffffliffffig
531 928 685 964 baronia
719 928 990 971 immediatum,
1019 941 1084 974 per
1113 929 1212 974 quod
1244 928 1450 964 dominium
1479 930 1571 964 baro
1600 935 1722 974 potest
1751 940 1860 964 omne

252 975 376 1009 barony;
531 998 649 1031 genus
676 997 764 1021 usus
791 985 828 1020 in
853 985 1009 1020 baronia
1035 986 1267 1031 generaliter,
1287 986 1514 1030 immediate,
1541 993 1577 1022 et
1604 987 1742 1031 integre
1759 998 1860 1021 exer-

252 1047 519 1107 ξὲἱίυξῐῇτίοῆῗρε
532 1055 624 1086 cere,
650 1043 721 1078 dici
747 1043 859 1078 debet
890 1043 1108 1089 proprietas,
1134 1055 1209 1079 non
1244 1044 1395 1090 aliquod
1423 1044 1628 1080 mediatum
1657 1043 1860 1079 dominium
1873 1047 1974 1078 aliud
1987 1054 2018 1077 B.

252 1120 299 1140 ate
311 1090 460 1147 lordslglirge
482 1090 502 1108 1-
531 1101 698 1136 aliorum·
1877 1115 1915 1147 15

252 1163 322 1189 This
336 1163 497 1202 iijnniediate
578 1160 666 1194 RIC.
695 1160 780 1193 Hoc
813 1159 909 1194 bene
937 1159 1120 1194 advertis:
1157 1159 1345 1204 quoniam,
1381 1159 1485 1195 sicud
1518 1159 1674 1205 quisque
1707 1160 1862 1195 istorum

251 1196 413 1264 ἒῖζῒέῐιᾷἷδ
531 1217 643 1251 habet
659 1216 925 1261 proprietatem
950 1216 1027 1252 sive
1053 1216 1308 1252 immediatum
1334 1217 1440 1252 civile
1467 1217 1672 1252 dominium
1698 1217 1734 1251 in
1752 1217 1863 1253 rebus

533 1273 697 1309 dominio
716 1285 782 1309 suo
801 1265 1012 1309 immediate
1030 1274 1219 1318 subiectis,
1239 1274 1291 1310 sic
1314 1267 1426 1310 habet
1450 1281 1486 1310 et
1503 1275 1594 1310 baro
1612 1275 1861 1319 solitudinem,

533 1331 836 1375 singularitatem,
864 1331 941 1366 sive
972 1331 1227 1367 immediatum
1252 1332 1457 1367 dominium
1481 1333 1657 1375 baronie3
1683 1332 1770 1378 quia
1794 1343 1861 1377 pro

530 1396 617 1424 voto
634 1401 700 1424 suo
718 1389 935 1424 racionabili
952 1396 1074 1434 potest
1092 1401 1204 1425 omne
1229 1402 1345 1434 genus
1370 1402 1458 1425 usus
1485 1390 1522 1425 in
1549 1389 1703 1425 baronia
1728 1389 1859 1424 imme·
1876 1399 1917 1422 20

530 1447 631 1482 diate
648 1453 684 1482 et
698 1446 812 1482 libere
829 1459 1008 1482 exercere.
1050 1448 1270 1492 Proprietas
1287 1448 1387 1483 enim
1400 1459 1423 1483 a
1434 1449 1602 1493 proprie,
1617 1454 1652 1483 et
1662 1449 1820 1493 proprie
1836 1460 1859 1482 a

523 1507 642 1550 prope
659 1505 851 1540 descendit
872 1517 880 1547 ;
907 1505 1083 1550 quoniam
1102 1505 1201 1550 quod
1218 1504 1280 1540 uni
1299 1512 1355 1540 est
1374 1505 1562 1550 proprium
1576 1511 1632 1540 est
1650 1504 1718 1540 sibi
1734 1516 1858 1550 prope,

531 1563 618 1608 quia
635 1563 684 1597 ad
702 1569 829 1597 votum
854 1562 933 1598 eius
959 1563 1160 1608 reponitur,
1180 1563 1280 1598 iuxta
1297 1564 1354 1598 vel
1380 1575 1496 1608 prope
1513 1564 1741 1598 voluntatem
1766 1563 1858 1606 eius,

530 1619 579 1654 ad
597 1619 875 1655 similitudinem
893 1620 943 1655 rei
961 1620 1060 1655 iuxta
1074 1621 1131 1655 vel
1144 1631 1259 1665 prope
1277 1632 1501 1665 quemquam
1515 1620 1552 1655 in
1570 1621 1651 1655 loco
1668 1620 1834 1665 reponite
1850 1632 1857 1655 :

531 1678 630 1713 unde
652 1678 890 1723 consequitur
902 1679 1001 1723 quod
1018 1678 1223 1724 proprietas
1235 1690 1357 1713 rerum
1371 1677 1574 1713 ditancium
1586 1685 1642 1714 est
1656 1678 1859 1714 dominium
1875 1690 1913 1722 25

530 1735 637 1771 civile
655 1735 914 1771 immediatum
932 1735 1114 1781 integrum
1133 1748 1254 1771 rerum
1272 1736 1447 1782 ipsarum.

387 1844 518 1875 XVIII.
580 1839 810 1873 IOHANNES.
842 1840 959 1873 Istam
989 1838 1264 1873 conclusionem
1293 1837 1468 1873 attendo:
1496 1836 1556 1872 dic
1581 1849 1680 1872 nunc
1706 1837 1754 1872 de
1783 1836 1860 1872 iure

252 1897 295 1923 Of
303 1896 351 1923 the
363 1897 439 1930 right
451 1898 483 1924 of
532 1896 670 1938 utendi,
688 1896 775 1940 quid
793 1902 860 1939 est,
880 1902 918 1930 ut
945 1896 1060 1930 sciam
1079 1896 1266 1939 quomodo
1288 1907 1311 1930 a
1332 1895 1508 1939 dominio,
1527 1906 1550 1930 a
1571 1894 1806 1941 proprietate,
1824 1900 1860 1930 et

250 1939 308 1958 use.
530 1965 553 1988 a
569 1954 805 1998 possessione
822 1953 1068 1998 distinguitur.

251 2014 355 2051 Aman
368 2021 434 2051 qnay
445 2012 518 2040 have
579 2012 807 2046 RICARDUS.
835 2012 965 2046 Habes
991 2023 1103 2055 supra
1130 2011 1166 2046 in
1192 2011 1265 2046 fine
1289 2010 1393 2046 tercii
1419 2009 1528 2045 huius
1552 2016 1742 2045 ostensum
1759 2010 1859 2056 quod
1872 2017 1980 2057 ςτΗΡῑᾶ,
1996 2007 2054 2039 lib-

251 2047 434 2117 Zpffssitiigiii
447 2047 480 2119 ²¹³*-
530 2068 586 2104 ius
604 2070 730 2104 utendi
749 2069 786 2103 in
803 2069 927 2103 Adam
946 2080 1021 2103 non
1039 2069 1105 2103 fuit
1130 2080 1200 2104 nee
1225 2080 1308 2104 esse
1333 2068 1450 2113 potuit
1476 2079 1560 2102 cum
1578 2067 1755 2112 dominio,
1773 2079 1858 2113 pro·
1871 2061 1917 2083 ¹¹¹·
1937 2060 1966 2083 ²·

251 2113 479 2179 ξξῑὲξξέξζξξξῳ
530 2126 696 2172 prietate,
714 2133 777 2161 aut
802 2127 1039 2171 possessione
1066 2127 1166 2161 idem
1191 2126 1346 2161 omnino
1372 2125 1647 2161 essencialiter:
1675 2125 1785 2169 idem,
1805 2125 1857 2160 in-

530 2184 666 2228 telligo,
685 2184 771 2229 quia
789 2184 844 2218 ius
862 2185 935 2218 tale
953 2183 1079 2219 utendi
1106 2190 1227 2228 potest
1253 2195 1336 2219 esse
1362 2183 1398 2217 in
1424 2195 1469 2218 eo
1495 2183 1557 2228 qui
1583 2183 1757 2217 omnibus
1778 2182 1858 2218 istis

531 2249 641 2285 caret,
661 2241 809 2285 scilicet,
837 2241 874 2275 in
898 2241 1057 2284 usuario,
1075 2241 1383 2283 accomodatario,
1402 2240 1589 2284 locatario,
1609 2246 1672 2275 aut
1698 2240 1859 2276 habente

529 2299 733 2335 licenciam.
785 2301 866 2334 Nec
883 2299 1036 2334 dubium
1056 2300 1143 2344 quin
1164 2299 1296 2334 eadem
1323 2298 1421 2333 racio
1446 2299 1569 2333 locum
1587 2298 1700 2333 habet
1718 2298 1763 2333 de
1781 2297 1858 2333 iure
1871 2305 1910 2338 35

530 2356 657 2392 utendi
676 2356 785 2400 civili,
804 2356 981 2402 quoniam
1001 2357 1088 2391 illud
1107 2357 1162 2391 ius
1181 2356 1217 2390 in
1235 2368 1308 2391 non
1327 2356 1478 2391 domino
1497 2362 1533 2391 et
1551 2367 1625 2390 non
1643 2366 1857 2400 possessore

530 2415 653 2460 sepius
671 2415 849 2460 reperitur
865 2427 873 2457 ;
899 2421 935 2449 et
961 2426 1025 2459 per
1050 2426 1284 2459 consequens
1305 2425 1379 2448 non
1398 2420 1454 2448 est
1472 2425 1556 2448 cum
1575 2413 1752 2457 dominio,
1771 2424 1856 2458 pro-

530 2472 699 2517 prietate,
711 2479 774 2506 aut
786 2472 1020 2516 possessione
1034 2471 1132 2506 idem
1145 2471 1307 2506 omnino.
1333 2471 1446 2506 Unde
1460 2470 1575 2505 felicis
1587 2470 1856 2505 recordacionis
1869 2472 1937 2503 ideo
1953 2480 1984 2504 B.

530 2529 703 2564 dominus
727 2530 760 2563 Ν
768 2529 933 2563 icholaus
960 2530 1031 2573 III,
1061 2529 1154 2563 libro
1182 2535 1285 2563 sexto
1314 2529 1360 2563 de
1390 2529 1585 2563 verborum
1615 2525 1890 2575 sigmificacioss⁵
1905 2527 2044 2575 Definv·

528 2588 648 2631 nibus,
678 2588 792 2621 Em'z't
819 2588 888 2631 qui
913 2589 1077 2621 seminat
1108 2586 1162 2631 (ut
1196 2598 1307 2631 supra
1340 2585 1557 2631 posuimus),
1592 2585 1662 2620 ista
1695 2585 1856 2630 quinque
1867 2574 1916 2600 m·
1936 2578 1990 2599 ΧΠ·
2008 2577 2038 2608 3·

529 2651 659 2679 contra
676 2656 715 2679 se
732 2651 857 2689 aperte
883 2644 1074 2689 distinguit
1101 2645 1172 2679 hoc
1197 2643 1330 2679 modo:
1358 2644 1462 2678 Nam
1487 2655 1568 2678 cum
1586 2644 1627 2677 in
1644 2643 1751 2677 rebus
1766 2646 1854 2677 tem·
1866 2666 1941 2707 438·

523 2702 721 2748 poralibus
736 2703 788 2736 sit
803 2702 1037 2736 considerare
1045 2703 1284 2746 precipuum,
1289 2702 1572 2745 proprietatem,
1577 2701 1854 2745 possessionem,
1868 2738 1964 2759 mum
1971 2727 2026 2769 sr-

529 2759 779 2804 usufructum,
798 2760 859 2793 z'us
877 2760 1015 2803 utendi,
1034 2763 1070 2793 et
1085 2759 1288 2804 simplicem
1296 2758 1400 2803 sacti
1414 2769 1535 2792 usum.
1869 2779 1909 2802 M.

1869 2633 1978 2664 supra,
1995 2632 2028 2663 p.
