2095 3278
40 192 127 224 cAP.
143 175 281 236 xxm]
581 186 644 219 DE
677 185 919 219 PAUPERIE
952 182 1264 217 SALVATORIS.
1777 179 1859 225 327

149 293 242 334 1313]
259 293 343 326 Deo
361 291 406 326 de
428 301 493 325 suo
510 291 610 324 lucro
631 290 769 324 talenta
794 295 829 324 et
856 288 937 334 ipsa
962 300 1005 323 ex
1031 299 1127 322 nova
1153 286 1359 322 donacione
1385 284 1526 328 retinet,
1546 290 1582 319 et

256 349 375 383 eciam
393 360 415 382 a
434 349 515 382 Deo
533 347 660 392 recipit
679 346 857 391 ampliora
874 358 881 389 ;
908 347 1017 388 Date,
1037 345 1165 390 inquit,
1178 343 1242 378 z'llz‘
1259 345 1328 388 qui
1342 343 1449 377 habet
1464 344 1583 377 decem

256 406 409 449 talenta,
424 406 516 439 Mat.
528 417 608 438 xxv.
623 405 676 438 28.
710 404 826 447 Igitur
837 404 1017 437 habemus
1032 402 1289 436 vendicionem
1301 408 1336 435 et
1350 400 1583 445 empcionem

257 475 341 498 cum
361 464 443 497 Deo
463 463 540 496 sine
560 461 852 496 commutacione
870 467 905 495 et
924 472 988 505 per
1002 471 1229 504 consequens
1248 459 1325 493 sine
1343 458 1584 492 abdicacione

225 528 241 560 5
257 532 300 555 ac
318 520 435 554 eciam
454 519 703 553 diminucione
721 518 771 553 rei
792 520 873 552 Deo
890 518 1026 552 donate
1045 523 1106 551 aut
1125 516 1285 551 cuiusvis
1305 516 1392 550 iuris
1411 515 1526 549 habiti
1545 515 1582 548 in

40 580 93 610 ius
111 588 175 609 om.
195 587 224 610 Β.
255 589 294 612 re
312 577 392 622 ipsa
410 576 581 619 vendita;
609 576 677 610 nisi
696 575 796 609 aliud
814 575 868 609 ius
887 575 1053 609 nondum
1080 586 1145 619 per
1162 585 1229 608 nos
1255 580 1393 608 tactum
1418 572 1583 607 abdicari

256 635 399 669 dicatur
423 646 486 668 seu
517 634 635 668 eciam
661 632 905 668 commutari:
934 639 969 666 et
997 643 1062 676 per
1091 632 1248 666 eandem
1271 630 1458 665 racionem
1486 630 1586 664 idem

256 692 334 726 sine
352 691 593 726 abdicacione
620 691 666 725 de
685 690 891 725 donacione
909 689 1156 734 consequitur,
1176 689 1325 732 scilicet,
1345 688 1445 733 quod
1463 692 1585 732 potest

256 750 332 784 fieri
352 749 431 784 sine
449 748 499 783 rei
526 749 664 783 donate
682 748 924 783 abdicacione
944 759 987 782 ac
1012 747 1260 781 diminucione
1281 753 1317 781 et
1336 746 1586 790 cuiuscunque

202 815 242 838 10
255 807 342 842 iuris
361 807 485 852 ipsius.

306 921 535 956 IOHANNES.
564 918 700 954 Nescio
727 917 815 964 quid
841 924 970 953 contra
993 917 1165 963 proferre,
1192 924 1228 952 et
1255 923 1380 952 tamen
1406 915 1585 951 conclusi·
1598 917 1741 951 XXXI.

27 977 119 1019 fldm
137 985 156 1007 B
173 988 180 1007 τ
257 989 367 1013 onem
385 978 517 1012 falsam
535 977 714 1012 existimo.

27 1020 123 1062 fffim
142 1029 183 1069 Μ’.
305 1037 534 1069 RICARDUS.
563 1034 749 1068 Nimirum
766 1045 772 1068 :
801 1033 887 1078 quia
904 1033 999 1067 forte
1017 1044 1091 1067 non
1118 1031 1293 1067 merearis
1317 1031 1500 1066 instanter
1516 1032 1588 1065 hoc

40 1070 243 1137 Ζῖὲἶέῖαῗ
258 1093 370 1127 modo
402 1092 498 1127 intra
526 1098 758 1136 supratactas
784 1091 969 1125 nundinas
996 1090 1199 1125 Salvatoris
1226 1089 1279 1124 sic
1304 1089 1471 1132 mercari,
1491 1088 1589 1123 intra

41 1157 71 1180 B·
206 1158 242 1188 15
258 1161 346 1194 ergo
364 1149 400 1183 in
426 1150 595 1184 cellulam
622 1149 834 1183 interiorem
852 1148 904 1182 tui
928 1147 1076 1192 ingenii,
1095 1153 1130 1182 et
1157 1148 1324 1183 discerne
1350 1147 1438 1192 quid
1462 1147 1499 1181 in
1518 1147 1589 1181 ista

259 1207 497 1242 mercacione
514 1206 695 1241 amittitur
712 1213 748 1241 et
766 1206 854 1251 quid
873 1206 909 1240 in
927 1217 971 1240 ea
989 1205 1232 1249 restringitur.

307 1266 396 1299 IOH.
425 1266 522 1299 Luce
556 1264 650 1299 duce
684 1263 758 1298 iam
786 1275 895 1298 cerno
925 1264 1024 1308 quod
1058 1264 1157 1297 bona
1191 1264 1359 1298 voluntas
1391 1262 1589 1297 mercantis
1603 1266 1649 1291 He
1668 1266 1730 1291 who
1749 1265 1832 1292 offers

1601 1300 1675 1332 good
1689 1299 1745 1325 will
1761 1305 1789 1324 to
1804 1299 1867 1325 God

258 1323 425 1366 salutem,
445 1333 660 1366 quecunque
679 1322 724 1356 sit
747 1321 818 1365 illa,
838 1321 968 1355 minuit
988 1320 1128 1366 aliquid
1152 1321 1198 1355 de
1217 1321 1415 1365 cupiditate
1432 1327 1587 1363 terrena,
1601 1333 1728 1365 deprives
1741 1332 1855 1358 himself

257 1391 302 1414 ex
320 1391 393 1424 qua
410 1379 614 1424 procedunt
634 1379 671 1412 in
690 1379 797 1413 nobis
815 1379 1031 1413 naturaliter
1048 1385 1204 1423 quatuor
1222 1379 1389 1413 carnales
1408 1389 1451 1412 ac
1468 1378 1589 1412 flende
1600 1366 1736 1426 ssgessfflssal
1749 1366 1790 1392 af-

206 1447 245 1468 20
260 1436 453 1471 notissime
478 1436 683 1481 passiones,
702 1436 865 1479 tristicia,
884 1435 1016 1479 leticia,
1036 1436 1157 1479 timor,
1176 1447 1301 1470 amor:
1330 1442 1366 1470 et
1392 1436 1461 1469 hec
1488 1434 1590 1479 cupi-

260 1495 356 1529 ditas
377 1494 530 1529 affeccio
555 1494 741 1529 commodi
761 1506 782 1528 a
808 1494 971 1538 pluribus
999 1500 1242 1538 nuncupatur,
1262 1505 1332 1538 que
1359 1493 1522 1538 sequitur
1540 1492 1592 1527 ita

221 1559 248 1588 C
261 1559 431 1586 naturam
449 1558 613 1586 nostram
627 1558 836 1596 corruptam
852 1552 961 1596 quod,
975 1552 1058 1586 licet
1069 1550 1215 1585 *minui
1231 1551 1359 1596 possit,
1374 1562 1448 1585 non
1465 1556 1592 1584 tamen

262 1616 384 1654 potest
411 1610 448 1643 in
468 1610 536 1643 hac
554 1609 631 1643 vita
653 1609 840 1651 consumi;
868 1620 934 1654 per
959 1620 1108 1643 ornnem
1133 1615 1257 1643 tamen
1283 1615 1407 1643 actum
1428 1607 1592 1642 caritatis

263 1666 439 1700 minuitur
458 1666 528 1700 ista
550 1666 715 1709 affecciO,
734 1672 770 1700 et
796 1666 874 1700 eius
893 1666 1057 1710 regimen
1085 1667 1162 1700 sive
1184 1666 1390 1700 dominium
1408 1677 1493 1700 curn
1518 1664 1593 1700 suis

210 1734 248 1765 25
265 1723 465 1769 pedissecis
496 1724 766 1768 suprascriptis.
819 1724 935 1768 Igitur
958 1730 1141 1758 mercator
1158 1724 1232 1758 vite
1258 1730 1381 1758 eterne
1402 1723 1454 1767 (ut
1479 1723 1592 1757 michi

264 1782 435 1826 videtur),
454 1794 539 1816 cum
564 1782 669 1816 offert
690 1783 772 1816 Deo
791 1783 1018 1817 voluntatem
1044 1783 1194 1823 bonam,
1213 1782 1362 1816 abdicat
1380 1782 1520 1827 aliquid
1539 1782 1593 1816 sui

266 1840 368 1883 iuris,
389 1840 457 1874 etsi
476 1851 549 1874 non
574 1839 610 1873 in
629 1841 817 1874 voluntate
845 1841 926 1874 Deo
945 1846 1109 1884 accepta,
1129 1840 1259 1874 saltem
1278 1840 1315 1874 in
1340 1840 1411 1874 hac
1437 1851 1503 1874 sua
1525 1840 1594 1874 sibi

265 1897 464 1941 congenita
482 1897 683 1942 cupiditate
701 1904 845 1932 terrena
863 1909 926 1932 seu
945 1897 1059 1942 ipsius
1077 1897 1238 1940 familia;
1266 1897 1440 1942 quoniam
1457 1897 1596 1941 aliquid

264 1954 302 1989 in
325 1955 397 1989 hoc
418 1966 506 1989 casu
528 1957 581 1999 (ut
607 1954 756 1999 estimo)
777 1955 883 1989 istius
910 1955 1089 1989 naturalis
1116 1954 1328 1990 affeccionis
1353 1955 1515 1989 aufertur
1531 1966 1598 1999 per

211 2025 252 2056 30
264 2013 336 2046 hoc
364 2013 462 2056 quod
504 2019 609 2047 actus
642 2012 775 2057 aliquis
810 2015 1048 2047 mercatorius
1079 2012 1153 2047 vite
1186 2019 1311 2047 eterne
1340 2012 1378 2046 in
1408 2013 1597 2046 voluntate

265 2070 490 2115 producitur.

314 2129 402 2162 RIC.
431 2127 634 2161 Prudenter
660 2126 731 2161 ista
749 2126 922 2171 intelligis
942 2139 948 2161 :
977 2127 1165 2172 quoniam,
1184 2139 1267 2162 curn
1294 2129 1350 2163 lex
1368 2127 1476 2162 huius
1494 2127 1596 2172 cupi-

268 2185 396 2220 ditatis
426 2186 502 2220 sive
528 2185 740 2220 affeccionis
768 2197 831 2220 seu
856 2186 1033 2221 naturalis
1060 2186 1214 2231 imperii,
1241 2187 1340 2231 quod
1367 2186 1597 2231 quiscunque

268 2244 381 2278 habet
407 2254 516 2288 super
540 2249 644 2278 actus
671 2254 736 2277 sue
762 2244 875 2278 libere
894 2244 1108 2287 voluntatis,
1135 2244 1205 2278 sibi
1230 2244 1402 2279 vendicat
1425 2251 1466 2278 ut
1493 2250 1598 2279 actus

214 2313 253 2344 35
269 2301 352 2335 talis
378 2307 528 2346 propter
546 2301 783 2335 commodum
800 2300 989 2345 proprium
1007 2302 1153 2336 carnale
1179 2302 1430 2346 principaliter
1455 2312 1600 2346 semper

0 2370 2 2409 ’ξ
269 2365 400 2402 agatur
416 2369 424 2401 3
451 2370 535 2392 cum
554 2364 658 2392 actus
677 2358 756 2402 ipse
780 2364 929 2402 propter
948 2358 1020 2392 Dei
1038 2359 1193 2402 gloriam
1210 2360 1382 2404 precipue
1400 2365 1598 2402 exercetur,

268 2427 344 2450 non
371 2416 489 2450 solum
508 2415 611 2460 quasi
638 2416 771 2450 chamo
797 2427 862 2450 seu
887 2416 992 2450 freno
1011 2416 1277 2461 constringitur
1301 2417 1385 2462 ipsa
1402 2406 1598 2462 cupiditaS,

270 2480 326 2508 set
356 2473 533 2507 veraciter
565 2479 643 2507 tam
670 2473 836 2507 carnales
864 2473 1057 2517 passiones
1091 2473 1254 2516 tristicie,
1285 2474 1414 2517 leticie,
1445 2474 1599 2518 timoris,

269 2537 380 2574 atque
406 2530 555 2573 amoris,
583 2541 694 2575 quam
720 2530 839 2564 eciam
868 2530 948 2575 ipsa
973 2531 1149 2565 naturalis
1175 2531 1339 2575 affeccio,
1358 2543 1427 2576 que
1451 2538 1602 2566 vocatur

215 2602 257 2632 40
271 2587 465 2632 cupiditas,
478 2586 514 2621 in
527 2599 592 2621 sua
606 2594 737 2621 natura
756 2587 832 2622 sive
844 2587 1011 2621 essencia
1030 2588 1215 2630 minuitur,
1235 2589 1327 2623 sicut
1346 2589 1512 2624 subiecta
1523 2589 1601 2624 sive

270 2645 439 2680 essencia
451 2656 516 2679 seu
528 2651 658 2679 natura
665 2645 747 2679 vicii
762 2645 911 2680 moralis
925 2645 1100 2679 minuitur
1111 2653 1298 2681 crescente
1305 2647 1435 2681 virtute
1448 2647 1589 2681 morali.

322 2703 411 2737 IOH.
440 2703 520 2736 Iam
538 2714 648 2737 cerno
672 2702 804 2737 clarius
823 2714 934 2747 quam
961 2703 1158 2738 credebam
1182 2704 1361 2749 accipere,
1380 2704 1479 2749 quod
1501 2705 1600 2749 cupi-

275 2759 370 2795 ditas
397 2771 462 2805 per
487 2760 597 2795 istam
616 2760 846 2795 oblacionem
872 2761 968 2796 bone
986 2761 1187 2796 voluntatis
1207 2762 1289 2797 Deo
1306 2768 1342 2796 et
1360 2763 1415 2797 lex
1435 2774 1511 2807 sua,
1530 2774 1601 2808 que
