2008 3305
29 206 116 235 eAP.
138 190 228 250 xxm]
578 203 642 234 DE
675 201 917 236 PAUPERIE
950 201 1260 234 SALVATORIS.
1774 198 1851 239 301

158 309 231 351 713]
294 306 381 341 RIC.
410 305 512 341 Sicut
538 305 694 341 libertas
720 306 932 341 necessario
957 305 1242 351 presupponitur
1259 308 1424 349 peccato,
1449 308 1485 336 et
1511 311 1585 335 non

244 369 367 409 potest
386 375 452 408 per
469 375 508 398 se
534 375 616 399 esse
642 375 755 399 causa
782 364 948 409 peccati;
976 370 1031 398 est
1057 370 1184 398 tamen
1202 361 1412 397 necessario
1430 359 1574 405 peccati

245 433 357 456 causa
374 433 439 466 per
457 421 632 456 accidens
649 433 657 456 :
685 421 738 456 sic
756 421 961 456 dominium
976 427 1012 456 et
1026 421 1144 456 eciam
1158 418 1434 464 omnipotencia
1448 428 1574 452 neces-

245 479 341 513 sario
366 479 664 523 adnichilacioni,
692 479 722 513 si
750 479 863 522 fieret,
890 484 1264 524 presupponerentur,
1290 483 1329 512 ut
1354 476 1434 511 eius
1460 486 1574 510 causa

212 542 309 581 5per
326 536 508 580 accidens,
526 548 602 570 non
629 543 667 571 ut
694 548 806 571 causa
830 537 908 571 eius
935 548 1001 581 per
1027 548 1065 571 se
1092 536 1167 570 sive
1194 536 1356 577 directa3
1385 534 1471 579 quia
1489 544 1571 568 ces-

243 595 361 629 sando
379 595 426 628 ab
445 594 598 629 accione
617 595 873 637 conservandi,
892 606 967 629 non
989 594 1127 639 aliquid
1146 594 1291 637 agendo
1310 593 1424 634 fieret,
1442 598 1480 626 ut
1500 591 1574 626 iam

29 652 66 682 z'n
85 660 131 684 M:
155 656 185 683 et
200 659 230 682 B·
244 652 327 686 dixi.
381 653 458 687 Ista
476 653 592 687 habes
611 652 647 687 in
669 652 825 688 Phisicis
844 652 967 697 sepius
987 652 1023 686 in
1042 651 1222 686 similibus
1240 651 1438 696 patefacta.

294 733 524 767 IOHANNES.
551 733 628 766 Res
647 732 755 767 nobis
775 739 859 767 sunt
876 733 963 767 date
982 732 1019 766 in
1044 731 1373 775 consumpcionem
1391 741 1518 765 earum
1536 735 1574 764 ut
1590 731 1674 765 XV.

244 796 411 824 nostram
429 790 679 834 indigenciam
698 791 913 832 relevemus,
933 796 968 824 et
988 789 1040 824 sic
1058 801 1188 825 earum
1206 788 1447 833 consumpcio
1467 799 1489 823 a
1508 787 1574 822 do·
1589 776 1793 843 gxssemsscttig

195 859 233 882 10
245 847 360 881 minio
379 847 471 882 iuste
489 854 524 883 et
543 847 673 882 ordine
691 854 820 882 nature
838 848 1016 892 procedit.

293 907 522 940 RICARDUS.
550 906 631 940 Nos
657 906 767 940 rebus
794 906 931 940 utendo
958 917 1033 939 non
1059 916 1122 940 eas
1148 916 1192 939 ex
1217 910 1295 939 toto
1321 904 1575 939 consumimus

29 971 154 1003 quoquo
172 971 224 992 eas
248 958 356 1004 (sicut
399 960 574 994 clarescet
614 960 806 1004 inferius);
850 961 1037 1005 quomodo
1067 966 1195 994 tamen
1225 971 1288 994 eas
1319 958 1574 993 consumimus

27 1010 73 1078 Wt
84 1013 112 1063 {3'
158 1047 201 1078 dd
245 1017 298 1052 eis
311 1018 449 1052 utendo
461 1024 516 1052 est
530 1030 596 1062 per
610 1018 814 1052 dominium
828 1018 936 1052 nobis
951 1018 1079 1052 datum
1093 1018 1141 1051 ad
1155 1024 1322 1052 nostrum
1337 1016 1575 1051 commodum

27 1059 88 1122 ἓξ]
117 1058 155 1079 ⁰⁰
205 1071 212 1078 ’
244 1076 529 1120 procurandum,
557 1076 656 1120 quod
682 1076 874 1120 premissis
900 1087 975 1110 non
1002 1075 1148 1119 obstat;
1188 1081 1225 1109 et
1255 1075 1308 1109 sic
1336 1074 1576 1119 consumpcio

29 1135 99 1165 Deo
112 1144 176 1165 om.
191 1142 230 1165 M.
246 1133 338 1168 sicut
357 1133 499 1168 homini
518 1133 570 1168 sic
589 1135 672 1168 Deo
691 1145 893 1178 congruere
911 1140 1042 1179 potest,
1062 1145 1146 1168 cum
1161 1133 1208 1167 ad
1227 1134 1393 1168 naturale
1411 1132 1575 1177 regimen

245 1191 426 1236 pertinere
444 1198 627 1226 noscatur.

29 1249 233 1280 racz'onesM:
296 1250 386 1284 IOH.
414 1250 483 1284 Per
508 1249 651 1295 aliquas
672 1249 840 1284 raciones
862 1249 1062 1294 premissas
1080 1249 1226 1283 videtur
1250 1254 1413 1291 econtra,
1436 1248 1574 1284 scilicet

21 1296 135 1333 partes
151 1300 182 1323 Β·
247 1307 346 1352 quod
364 1318 437 1341 non
454 1307 572 1351 magis
590 1313 711 1352 potest
729 1307 968 1351 consumpcio
982 1307 1066 1341 talis
1085 1318 1165 1342 esse
1179 1313 1284 1341 actus
1297 1306 1450 1341 dominii
1464 1318 1575 1352 quam

29 1373 101 1414 ciam
114 1372 124 1394 .·
138 1366 234 1393 αἳΜι
248 1364 493 1399 adnichilacio
511 1377 593 1400 esse
611 1365 747 1408 possit3
774 1376 857 1399 cum
875 1376 940 1409 per
957 1365 1285 1409 consumpcionem
1303 1364 1579 1399 dominatorum

28 1410 62 1436 ³⁷²
80 1414 110 1436 B·
197 1436 236 1458 20
247 1422 453 1457 dominium
471 1423 615 1457 illorum
630 1423 795 1466 intereat,
813 1429 849 1457 et
868 1423 904 1457 in
924 1423 1074 1458 instanti
1096 1422 1395 1467 consumpcionis
1413 1434 1471 1457 res
1491 1434 1578 1457 con-

246 1486 393 1525 sumpta
419 1492 493 1514 non
511 1487 683 1525 maneat;
711 1487 747 1515 et
771 1481 819 1515 ob
843 1481 916 1515 hoc
942 1481 979 1515 in
1006 1480 1067 1515 illo
1094 1480 1247 1516 instanti
1264 1493 1286 1515 a
1304 1481 1403 1515 nullo
1427 1480 1578 1515 domino

246 1550 313 1573 suo
333 1538 571 1573 consumitur.

294 1597 382 1630 RIC.
411 1598 454 1630 In
473 1602 626 1641 utraque
647 1596 796 1631 racione
817 1596 1010 1641 deciperis,
1030 1596 1205 1641 quoniam
1227 1596 1264 1630 in
1286 1596 1621 1642 consumpcioneas
1634 1606 1842 1646 distingutshed

26 1655 163 1685 secundo
180 1662 220 1686 B:
245 1654 296 1689 rei
315 1654 385 1688 hoc
402 1655 514 1689 modo
534 1655 696 1689 secundo
715 1654 921 1689 dominium
945 1654 996 1689 rei
1019 1655 1171 1689 omnino
1194 1666 1269 1689 non
1290 1654 1396 1699 perit,
1421 1666 1506 1689 cum
1522 1666 1577 1690 re·
1591 1641 1663 1702 333¹}
1675 1641 1811 1667 annihila—

27 1706 66 1727 χο
85 1705 122 1728 Μ·
193 1717 231 1749 25
246 1718 393 1747 maneat
411 1712 489 1747 eius
507 1712 662 1746 materia
680 1712 831 1747 domino
848 1713 906 1747 vel
924 1712 999 1747 suis
1025 1712 1223 1747 heredibus
1240 1713 1440 1756 fructuosa,
1464 1712 1577 1757 priori

205 1777 232 1806 G
245 1769 409 1804 subiecta
429 1770 445 1789 *
462 1769 636 1812 dominio,
650 1776 684 1804 et
704 1771 845 1815 species
860 1770 911 1804 rei
926 1776 1155 1815 consumpte,
1171 1782 1214 1805 ex
1229 1771 1361 1816 quibus
1379 1777 1502 1815 potest
1519 1782 1577 1805 re-

246 1827 418 1872 integrari
433 1839 497 1862 seu
511 1828 616 1872 quasi
634 1827 818 1872 integrum
832 1828 1038 1863 dominium
1050 1828 1271 1863 conservari.
1313 1828 1427 1863 Verbi
1438 1828 1576 1873 gracia,

28 1897 58 1917 se
75 1893 94 1915 B
112 1897 117 1916 :
146 1886 177 1917 sz'
192 1895 231 1918 M.
245 1898 328 1921 cum
346 1886 519 1920 dominus
537 1885 656 1931 quivis
675 1887 793 1931 pullos
815 1886 902 1931 galli
920 1893 955 1921 et
981 1887 1116 1931 galline
1143 1898 1182 1921 se
1208 1886 1368 1921 cibando
1392 1887 1575 1921 consumit

244 1951 280 1979 et
297 1943 505 1988 egestiones
524 1944 603 1979 eius
624 1955 667 1978 ac
686 1944 769 1989 ipso
796 1944 971 1979 defuncto
991 1945 1151 1979 cadaver
1176 1944 1303 1989 ipsius,
1329 1944 1397 1980 etsi
1417 1956 1492 1979 non
1511 1956 1577 1990 per

191 2014 232 2044 30
244 2013 341 2045 eum,
359 2013 425 2047 per
442 2002 556 2036 alium
574 2008 712 2045 tamen,
730 2009 792 2037 aut
811 2002 891 2047 ipso
908 2002 1028 2037 eciam
1046 2002 1195 2047 penitus
1218 2015 1292 2037 non
1310 2004 1467 2047 volente,
1486 2014 1575 2048 quo-

244 2071 389 2105 cunque
408 2059 636 2103 devenerint,
656 2059 782 2104 vigore
800 2072 928 2095 cursus
948 2060 1047 2104 solis,
1067 2061 1164 2104 lune,
1192 2072 1235 2095 ac
1254 2062 1430 2104 syderum
1449 2061 1486 2095 in
1504 2061 1574 2095 irn-

243 2117 530 2163 pinguacionem
555 2124 662 2161 terre,
691 2130 762 2163 que
786 2119 826 2153 in
844 2122 1012 2152 eternum
1039 2123 1117 2153 stat
1141 2118 1194 2163 (ut
1224 2118 1314 2154 dicit
1343 2120 1445 2154 Eccl.
1476 2119 1498 2154 i.
1523 2118 1575 2164 4),

245 2176 447 2211 inmediate
481 2182 544 2210 aut
578 2176 678 2220 prius
708 2176 746 2210 in
778 2187 916 2221 aquam
945 2183 981 2211 et
1015 2177 1248 2212 exalaciones
1283 2188 1473 2221 converse,
1504 2189 1575 2223 que

244 2235 414 2278 superius
432 2235 572 2268 elevate
591 2234 823 2269 descendunt
843 2235 879 2269 in
898 2241 1036 2269 terram
1062 2241 1097 2269 et
1122 2246 1206 2269 eam
1231 2235 1456 2270 fructificare
1474 2247 1574 2270 corn-

191 2302 230 2333 35
244 2293 393 2337 pellunt,
420 2299 459 2326 ut
488 2298 597 2335 terra,
623 2304 734 2336 super
760 2292 863 2327 cuius
889 2293 1026 2327 fructus
1057 2291 1248 2328 universos
1276 2293 1432 2339 quisque
1458 2294 1574 2328 iustus

244 2350 358 2385 habet
377 2349 583 2384 dominium
595 2351 762 2385 naturale
778 2350 831 2394 (ut
849 2350 944 2385 infra
958 2350 1166 2394 clarescet),
1181 2362 1247 2395 per
1262 2351 1363 2386 illam
1376 2352 1573 2386 materiam

243 2408 396 2442 accione
414 2408 588 2452 syderum
607 2407 788 2442 innovata
806 2408 843 2441 in
861 2408 1054 2452 gallorum,
1072 2408 1307 2453 gallinarum,
1327 2416 1437 2454 atque
1456 2411 1573 2454 pullo-

244 2477 325 2499 rum
351 2465 574 2499 conveniens
600 2465 878 2508 nutrimentum,
905 2466 1042 2500 herbas
1069 2466 1247 2510 diversas,
1275 2473 1311 2501 et
1336 2478 1454 2511 grana
1471 2467 1574 2502 varia

244 2523 435 2568 producat,
469 2529 505 2557 et
538 2534 605 2567 per
638 2523 904 2558 nutrimentum
938 2530 1134 2568 acceptum
1164 2524 1212 2558 ab
1247 2523 1316 2558 illis
1348 2524 1573 2560 animalibus

189 2594 232 2625 40
244 2580 433 2625 reciproce
460 2580 539 2615 sive
564 2580 792 2615 circulariter
818 2581 996 2615 animalia
1021 2581 1191 2615 eiusdem
1218 2582 1354 2626 speciei
1381 2581 1457 2616 suis
1484 2594 1573 2617 con-

243 2639 344 2682 gruis
361 2638 589 2683 temporibus
608 2640 871 2683 producantur.
911 2640 991 2674 Nec
1010 2646 1132 2684 potest
1150 2639 1212 2673 illa
1230 2639 1384 2674 materia
1402 2641 1571 2685 superius

244 2695 282 2730 in
299 2707 425 2731 aerem
442 2703 504 2730 aut
523 2695 646 2741 ignem
663 2696 821 2731 transire
847 2696 934 2741 quin
960 2697 1102 2742 equalis
1129 2697 1256 2742 porcio
1283 2698 1457 2732 elementi
1477 2698 1572 2733 illius

243 2760 409 2788 transeat
427 2753 464 2787 in
483 2754 655 2789 elementi
675 2754 856 2789 inferioris
874 2761 1045 2789 naturam
1069 2761 1107 2789 ut
1133 2756 1316 2790 elementa
1334 2755 1450 2797 (iuxta
1467 2762 1570 2790 tuum

30 2827 60 2848 se
70 2817 230 2850 alendom:
244 2811 519 2856 philosophum,
539 2811 575 2845 in
593 2812 687 2846 libro
706 2812 752 2846 de
772 2813 860 2847 Celo
879 2819 913 2846 et
940 2811 1098 2855 Mundo)
1120 2824 1265 2857 semper
1284 2820 1460 2848 maneant
1477 2825 1571 2858 eque

27 2871 189 2902 scribendo
201 2880 230 2902 B.
245 2868 418 2913 potencia
437 2869 473 2903 in
492 2869 634 2904 virtute.
688 2870 813 2914 Igitur,
842 2881 925 2904 cum
952 2870 1032 2914 quis
1060 2871 1131 2904 hoc
1157 2871 1270 2905 modo
1297 2882 1335 2906 se
1361 2872 1494 2905 alendo
1513 2884 1570 2906 res
