2095 3278
33 224 122 253 cAP.
144 209 233 267 xv.]
561 218 625 249 DE
658 218 902 250 PAUPERIE
934 215 1246 249 SALVATORIS.

132 337 233 379 44D]
249 346 317 370 usu
335 340 397 369 aut
417 334 493 369 iure
511 333 638 369 utendi
663 333 802 367 nullum
821 332 934 367 alium
957 332 1092 367 iustum
1115 331 1286 367 excludit.
1338 332 1464 366 Habet
1487 342 1575 375 ergo

250 393 311 427 ille
336 392 373 426 in
399 403 509 437 quem
535 391 635 436 cupit
660 391 856 426 transferre
882 390 1089 424 dominium
1114 391 1242 435 equale
1269 389 1323 424 ius
1350 400 1415 435 per
1439 389 1576 432 omnia,

251 450 355 485 sicud
374 449 462 494 ipse,
482 449 518 483 in
543 461 582 484 re
604 449 676 483 illa.
728 448 844 493 Igitur
865 460 933 482 nec
951 454 1071 492 potest
1093 459 1174 482 esse
1194 448 1251 482 lex
1270 447 1366 482 iusta
1388 458 1458 492 que
1477 447 1576 481 illum

250 507 308 542 cui
326 507 425 552 cupit
445 507 584 541 donare
602 507 730 551 equale
755 506 811 540 ius
835 517 919 540 cum
937 517 981 539 eo
999 506 1048 539 ad
1066 517 1172 540 usum
1190 505 1242 539 rei
1262 504 1357 540 illius
1375 504 1575 539 habentem

218 566 296 608 5ab
322 577 390 600 usu
416 563 467 599 rei
494 575 559 598 sue
585 563 742 598 excludit
766 564 838 597 hoc
865 574 974 606 casu;
1009 574 1078 597 nec
1107 574 1293 607 occupans
1320 562 1373 597 sic
1402 562 1449 597 de
1477 562 1576 597 facto

250 629 371 668 potest
388 622 467 657 sine
485 621 617 656 iniuria
634 633 656 656 a
670 622 746 656 iure
760 621 884 656 utendi
900 628 935 655 et
954 632 1021 655 usu
1036 621 1147 654 alium
1165 621 1226 665 qui
1245 632 1312 665 par
1330 620 1385 655 ius
1402 620 1450 655 ad
1467 630 1576 654 usum

250 681 302 716 rei
321 681 433 715 habet
451 692 534 714 cum
548 691 591 714 eo
610 691 675 725 per
688 679 812 713 omnia
833 679 1004 713 cohibere
1022 692 1030 720 ;
1057 678 1145 724 quin
1163 679 1303 723 pocius,
1319 689 1403 713 cum
1420 678 1477 712 lex
1494 677 1576 722 ipsa

252 739 409 773 affirmet
432 738 531 782 quod
557 749 615 772 res
641 749 712 782 que
738 749 812 772 non
836 744 891 772 est
917 738 984 771 sub
1010 736 1163 771 alicuius
1190 736 1356 770 dominio
1379 735 1576 781 occupanti

251 796 473 839 conceditur,
486 807 562 830 rem
577 795 686 830 istam
698 795 783 829 huic
795 794 987 829 donatario
1001 794 1113 829 libere
1125 795 1381 839 occupandam
1395 792 1576 829 concedit.

199 867 238 887 10
300 856 389 889 IOH.
416 855 473 888 Ex
498 854 631 888 eodem
654 853 835 898 principio
861 853 1003 887 affirmo
1027 853 1260 895 contrarium,
1280 852 1455 897 quoniam
1478 851 1578 886 iuxta

153 913 342 949 45Aillud
373 911 593 956 principium
636 917 790 956 utroque
826 923 952 945 eorum
985 923 1008 945 a
1041 911 1138 945 civili
1175 910 1339 945 dominio
1372 909 1578 945 evacu*ato

253 976 374 1015 potest
397 981 582 1014 occupans
601 969 705 1004 civile
729 968 933 1003 dominium
952 969 988 1003 in
1012 980 1051 1003 se
1069 969 1150 1013 ipso
1175 980 1242 1013 pro
1260 975 1344 1003 voto
1365 969 1521 1011 efficere,
1540 974 1577 1002 et

253 1040 318 1073 per
336 1038 565 1071 consequens
584 1027 696 1061 alium
714 1027 767 1062 sic
786 1027 879 1061 iuste
897 1034 1019 1072 potest
1037 1027 1085 1061 ab
1104 1038 1172 1061 usu
1190 1026 1242 1061 rei
1261 1026 1356 1061 illius
1375 1026 1578 1061 excludere.

301 1086 389 1120 RIC.
427 1085 489 1120 Sic
518 1091 639 1129 potest
665 1086 758 1119 alter
782 1092 932 1119 econtra
960 1084 997 1118 in
1028 1096 1067 1119 se
1093 1084 1200 1119 civile
1229 1084 1434 1119 dominium
1464 1084 1579 1118 libera

201 1154 238 1185 15
253 1144 440 1178 voluntate
466 1143 621 1186 efficere,
641 1149 676 1178 et
702 1143 754 1178 ita
778 1143 827 1177 ad
850 1142 973 1177 minus
997 1143 1107 1177 ambo
1133 1142 1240 1177 simul
1264 1142 1454 1177 habebunt
1479 1153 1578 1176 com-

253 1213 365 1236 mune
389 1201 492 1236 civile
517 1200 732 1243 dominium,
752 1201 782 1235 si
807 1200 915 1235 simul
939 1212 1050 1245 agere
1075 1201 1126 1235 sic
1146 1207 1315 1235 tenentur
1338 1206 1400 1235 aut
1422 1200 1579 1235 alterum

254 1258 472 1304 preveniens
502 1258 630 1303 pocior
656 1259 724 1293 erit
755 1258 791 1292 in
823 1258 910 1293 iure.
962 1260 1044 1293 Nec
1071 1258 1225 1293 dubium
1254 1258 1341 1303 quin
1366 1258 1404 1292 in
1429 1269 1578 1303 permu-

254 1317 399 1351 tacione
423 1328 467 1351 ac
484 1316 703 1351 vendicione
726 1322 877 1361 uterque
900 1323 1113 1361 permutans
1137 1327 1180 1351 ac
1201 1317 1378 1360 vendenS‚
1395 1322 1432 1351 et
1456 1315 1508 1351 sic
1525 1315 1578 1350 rei

255 1386 320 1409 sue
345 1374 549 1409 dominium
579 1374 684 1409 civile
709 1374 884 1418 abiciens,
911 1375 986 1408 vult
1012 1374 1064 1408 rei
1094 1386 1205 1419 quam
1232 1380 1384 1409 conatur
1412 1373 1580 1418 accipere

202 1445 242 1468 20
255 1433 392 1467 habere
412 1432 635 1467 dominium:
664 1433 761 1467 unde
779 1432 982 1467 secundum
999 1432 1164 1476 regulam
1183 1438 1435 1477 supratactam
1454 1443 1580 1466 conse-

37 1498 242 1532 quamom.B.
256 1491 378 1536 quitur
395 1491 494 1535 quod
519 1497 606 1524 tunc
632 1496 798 1535 uterque,
818 1502 901 1525 cum
927 1489 978 1524 rei
1005 1501 1081 1533 sue,
1100 1501 1211 1535 quam
1229 1491 1389 1525 vendere
1407 1502 1473 1525 seu
1498 1501 1581 1535 per-

256 1555 399 1583 mutare
425 1554 588 1591 conatur,
607 1548 812 1582 dominium
838 1548 962 1590 abicit,
988 1548 1039 1582 rei
1060 1548 1207 1583 alterius
1234 1548 1475 1593 permutantis
1501 1548 1579 1583 sive

256 1605 462 1648 vendentis,
476 1605 582 1640 civile
601 1605 808 1640 dominium
826 1617 901 1640 non
919 1606 1104 1648 habentis,
1120 1606 1225 1640 civile
1243 1605 1447 1640 dominium
1466 1606 1582 1641 libera

256 1665 446 1698 voluntate
469 1663 537 1697 sibi
558 1663 724 1708 acquirit,
744 1675 827 1698 cum
852 1664 992 1698 nullum
1016 1663 1121 1698 civile
1140 1664 1176 1698 in
1195 1665 1309 1698 altero
1327 1664 1396 1699 sibi
1414 1663 1581 1699 obsistat.

203 1727 241 1758 25
258 1722 307 1755 Et
325 1721 375 1755 ita
393 1721 628 1765 consequitur
646 1721 743 1765 quod
762 1728 976 1765 permutans
996 1733 1059 1756 seu
1078 1722 1243 1756 vendens
1260 1722 1331 1756 hoc
1349 1733 1437 1756 casu
1456 1721 1580 1766 quoad

256 1790 335 1813 rem
368 1778 623 1822 recipiendam
656 1778 785 1823 pocior
816 1785 871 1813 est
902 1779 937 1813 in
972 1779 1060 1821 iure,
1088 1786 1124 1814 et
1158 1779 1209 1814 ita
1241 1779 1462 1823 precludens
1494 1791 1581 1814 eum

39 1857 144 1888 supra,
162 1857 195 1888 Ρ,
258 1848 280 1871 a
304 1848 344 1871 re
369 1836 472 1870 cuius
499 1848 543 1870 eo
569 1837 683 1871 modo
707 1843 763 1872 est
790 1837 961 1871 dominus
988 1837 1094 1871 infert
1120 1837 1168 1871 illi
1196 1837 1367 1871 iniuriam
1390 1837 1443 1881 (ut
1469 1849 1582 1882 supra

40 1890 114 1931 461·
259 1893 533 1937 conclusimus).
583 1895 632 1928 Et
651 1894 702 1928 ita
721 1895 824 1940 sequi
844 1895 989 1929 videtur
1007 1896 1052 1930 de
1071 1895 1276 1931 donacione
1294 1908 1360 1941 per
1376 1896 1510 1931 omnia.

307 1953 397 1987 IOH.
426 1952 626 1987 Crederem
645 1952 697 1986 sic
716 1953 898 1995 concludi,
912 1953 981 1988 nisi
999 1953 1165 1988 fortassis
1184 1954 1340 1997 donans,
1358 1961 1584 1999 permutans,

203 2020 245 2051 30
259 2021 323 2045 seu
336 2010 515 2053 vendens,
529 2010 648 2054 legem
666 2022 874 2054 agnoscens
892 2017 928 2046 et
942 2012 1068 2046 volens
1083 2023 1192 2055 agere
1211 2012 1310 2047 iuxta
1327 2013 1458 2057 legem,
1478 2023 1585 2047 suum

259 2067 464 2102 dominium
489 2079 564 2102 non
591 2068 758 2103 intendat
784 2069 982 2104 transferre
1005 2081 1125 2114 neque
1149 2082 1171 2104 a
1194 2082 1232 2104 se
1253 2071 1405 2105 omnino
1428 2071 1585 2114 abicere,

258 2125 341 2161 licet
367 2125 490 2170 cupiat
516 2126 567 2160 rei
593 2126 804 2171 recipiende
830 2128 877 2161 ab
901 2127 973 2161 alio
997 2127 1204 2162 dominium
1228 2128 1416 2173 optinere3
1448 2129 1485 2163 in
1512 2139 1585 2174 quo

260 2195 348 2218 casu
365 2184 491 2227 regula
513 2184 735 2229 supradicta,
754 2185 853 2229 quod
877 2196 936 2219 res
960 2197 1090 2220 carens
1115 2185 1267 2220 domino
1284 2187 1478 2231 occupanti
1497 2198 1586 2221 con-

259 2241 411 2285 ceditur,
430 2243 551 2276 locum
570 2253 644 2276 non
662 2242 784 2286 habet,
803 2242 889 2287 quia
907 2254 929 2277 a
946 2243 1009 2278 tali
1029 2243 1079 2278 rei
1099 2243 1304 2278 dominium
1321 2244 1506 2280 retinetur.

208 2309 246 2341 35
308 2301 394 2334 R1c.
436 2299 624 2334 Fraudem
659 2300 696 2334 in
731 2300 783 2335 sic
817 2308 949 2345 agente
983 2301 1170 2346 supponis,
1206 2301 1267 2347 qui
1301 2308 1425 2347 aperte
1460 2302 1585 2346 donat,

260 2363 456 2402 permutat,
478 2364 541 2392 aut
564 2357 690 2392 vendit
714 2369 793 2393 rem
817 2369 933 2400 suam,
958 2359 1084 2394 volens
1107 2358 1370 2395 nichilominus
1397 2360 1510 2405 ipsius
1533 2360 1585 2396 rei

261 2414 465 2449 dominium
484 2415 641 2450 retinere
657 2427 665 2458 ;
691 2427 776 2450 cum
795 2426 863 2450 nec
881 2416 1018 2450 donare
1037 2416 1190 2452 civiliter
1207 2429 1276 2452 nec
1292 2424 1500 2462 permutare
1517 2429 1586 2453 nec

261 2473 419 2507 vendere
445 2472 495 2507 ita
521 2473 649 2517 possit.
701 2474 814 2508 Unde
839 2474 939 2518 apud
964 2475 1082 2518 legem
1108 2481 1143 2510 et
1170 2486 1425 2520 quemcunque
1450 2475 1586 2511 iustum

260 2530 351 2573 legis
391 2530 601 2565 ministrum
642 2531 769 2566 haberi
812 2533 920 2567 debet
965 2540 1074 2577 atque
1115 2533 1256 2568 censeri
1298 2533 1490 2568 abdicator
1529 2534 1586 2569 sui

206 2599 250 2630 40
262 2586 438 2630 dominii3
466 2599 550 2622 cum
573 2588 785 2624 hominibus
809 2589 859 2624 ita
882 2597 1059 2634 appareat
1082 2597 1117 2625 et
1134 2601 1209 2625 non
1228 2591 1345 2636 possit
1363 2591 1587 2626 contrarium

262 2656 451 2689 apparere,
478 2652 513 2680 et
542 2645 613 2680 hoc
643 2645 776 2681 diffinit
805 2647 977 2682 dominus
1009 2648 1214 2683 Nicholaus
1249 2650 1318 2682 III.
1344 2649 1382 2682 in
1409 2649 1585 2684 decretali

43 2699 249 2742 iustam-475.
264 2703 377 2736 Exiit
394 2702 447 2746 (ut
464 2702 558 2737 infra
581 2703 652 2738 cito
679 2704 834 2748 patebit)
853 2717 859 2739 ε
887 2716 956 2740 nec
977 2705 1068 2750 legis
1092 2706 1298 2751 patrocinio
1320 2713 1524 2750 excusatur,
1543 2719 1588 2742 ex

47 2774 153 2805 supra,
170 2775 202 2806 p.
265 2770 337 2804 quo
355 2767 481 2794 contra
499 2761 618 2804 legem
637 2761 884 2796 donacionem
907 2769 970 2797 aut
988 2763 1097 2797 alium
1122 2770 1245 2798 actum
1263 2764 1391 2799 nititur
1407 2775 1587 2799 exercere.

47 2808 121 2848 461·
267 2818 378 2852 Unde
397 2818 563 2854 clarescit
583 2819 682 2863 quod
695 2819 799 2854 alteri
814 2819 918 2855 infert
933 2820 1101 2854 iniuriam
1119 2820 1171 2865 (ut
1187 2833 1297 2866 supra
1310 2822 1586 2867 conclusimus),

1767 205 1852 257 463
