2008 3305
169 208 252 239 220

167 326 224 351 and
237 326 274 358 by
287 325 374 351 them-

168 360 257 385 selves
271 360 351 385 make
365 368 401 385 no

169 401 232 418 mau
246 392 311 418 rich.

168 1533 191 1556 3.
210 1532 237 1548 a.
254 1519 358 1553 Christ,
371 1531 403 1548 as

169 1556 304 1589 touching
317 1556 361 1581 his

168 1590 318 1620 manhood,
334 1590 356 1615 is

169 1623 216 1648 the
230 1628 301 1648 most
314 1623 353 1648 ef-

169 1656 263 1681 ficient
276 1659 387 1682 servant

169 1689 201 1715 of
210 1689 274 1716 God
285 1697 291 1719 ;

172 2373 246 2399 since
259 2373 294 2397 he
308 2380 387 2398 came

171 2410 219 2431 not
235 2409 260 2431 lo
273 2407 303 2431 lle
316 2407 387 2431 min-

846 207 910 237 DE
943 204 1159 238 DOMrNro
1192 204 1367 238 DiViNo
1574 192 1679 251 [CAP.
1701 206 1768 235 111.

450 331 493 358 ac
515 320 721 370 improprie
742 328 829 358 sunt
850 321 996 366 divicie,
1019 334 1107 359 cum
1128 334 1195 370 per
1216 321 1278 358 illa
1297 333 1377 358 non
1401 332 1532 358 sumus
1549 320 1680 357 divites
1700 319 1771 356 nisi
1787 321 1887 363 [76A

448 390 542 428 forte
564 391 638 428 sint
658 391 908 428 instrumenta
929 392 1149 440 acquirendi
1163 392 1378 440 superiores
1399 391 1566 428 divicias.
1626 389 1644 409 '¹‘
1664 389 1771 426 Patet
1786 395 1816 423 B

447 474 539 510 ergo
560 474 649 499 cum
669 461 771 498 dicta
789 462 1024 511 exemplaria
1045 462 1217 500 absolute
1247 462 1460 499 necessaria
1480 462 1609 498 insunt
1629 460 1716 497 Deo
1737 466 1773 497 et

447 538 534 569 sunt
572 532 828 569 essencialiter
867 532 993 569 divina
1026 533 1209 578 essencia,
1245 533 1340 570 sicut
1378 531 1687 581 productivitates
1729 542 1774 567 ac

447 603 612 640 sciencie
639 603 834 649 correlate,
856 615 930 652 que
961 610 1050 640 sunt
1078 603 1245 640 thesauri
1275 603 1443 640 maxime
1473 601 1648 651 preciosi,
1669 599 1772 650 quod
1787 613 1805 645 5

447 672 554 710 Deus
575 673 622 710 sit
641 674 897 711 essencialiter
917 686 957 712 se
988 674 1074 722 ipso
1092 680 1129 711 et
1149 686 1217 723 per
1247 684 1490 722 consequens
1515 672 1685 709 absolute
1706 683 1773 708 ne-

447 744 614 781 cessario
644 756 794 781 summe
824 744 938 781 dives.
998 744 1177 793 Sequitur
1205 744 1372 793 insuper,
1401 755 1489 781 cum
1519 742 1612 780 tales
1641 742 1773 779 divicie

447 825 527 851 non
560 819 648 851 sunt
678 814 883 852 formaliter
912 822 1084 852 creature
1115 821 1151 851 et
1179 827 1247 863 per
1276 825 1520 863 consequens
1550 825 1630 850 non
1659 818 1774 861 egent

445 885 729 933 gubernacione
746 885 803 922 vel
824 885 1104 930 dominacione,
1121 885 1225 933 quod
1245 896 1325 922 non
1346 885 1509 921 serviunt
1522 883 1609 920 Deo
1631 894 1701 920 suo
1717 882 1774 919 vel

445 955 552 1004 quod
579 954 686 992 Deus
713 955 768 992 eis
799 955 1009 1005 aliqualiter
1036 956 1265 993 dominatur.
1324 956 1374 992 Et
1400 961 1502 1004 patet
1531 953 1636 1003 quod
1667 953 1774 990 Deus
1791 966 1829 989 10

446 1026 598 1062 racione
614 1026 776 1063 multum
793 1026 937 1075 dispari
950 1033 987 1064 et
1003 1027 1118 1075 longe
1134 1027 1238 1076 prius
1254 1032 1311 1063 est
1326 1025 1431 1062 dives
1448 1036 1565 1074 quam
1574 1024 1755 1061 dominus
1764 1035 1773 1069 ;

447 1096 537 1145 quia
564 1097 613 1133 ab
642 1096 773 1133 habitu
803 1097 1025 1135 diviciarum
1060 1098 1208 1135 adintra
1240 1103 1297 1134 est
1327 1096 1431 1133 dives
1460 1095 1677 1140 formaliter,
1708 1094 1776 1131 sed

446 1173 623 1215 respectu
649 1172 819 1204 creature
846 1167 973 1204 habite
1001 1168 1158 1205 adextra
1184 1173 1241 1205 est
1261 1167 1450 1211 dominus,
1483 1172 1519 1202 et
1546 1165 1687 1202 habere
1717 1170 1774 1201 est

446 1236 560 1285 longe
582 1237 824 1274 communius
845 1249 962 1287 quam
982 1238 1191 1287 possidere.
1249 1237 1365 1274 Unde
1386 1243 1423 1274 et
1438 1236 1603 1285 vulgaris
1623 1235 1774 1281 locucio

446 1313 648 1352 consonat,
669 1308 844 1345 vocando
872 1320 1138 1357 possessorem
1168 1308 1336 1345 thesauri
1366 1306 1581 1344 absconditi
1612 1305 1772 1342 multum
1791 1320 1827 1352 15

446 1377 613 1423 divitem,
636 1384 672 1415 et
701 1377 908 1415 habentem
939 1379 1111 1416 maneria
1140 1378 1199 1416 vel
1228 1379 1332 1415 bona
1361 1377 1575 1415 extrinseca
1606 1376 1775 1413 subiecta

446 1459 516 1486 suo
537 1448 711 1497 regimini
732 1448 1006 1486 dominantem.

501 1519 562 1555 Ex
584 1519 662 1556 istis
683 1525 788 1567 patet
809 1519 946 1568 primo,
969 1532 1037 1568 per
1066 1519 1229 1557 modum
1250 1518 1451 1564 correlarii,
1475 1518 1581 1568 quod
1602 1517 1777 1556 Christus

447 1589 493 1628 sit
527 1589 811 1626 efficacissimus
845 1601 973 1627 servus
1004 1589 1087 1635 Dei,
1118 1602 1207 1627 curn
1243 1596 1324 1627 tota
1351 1589 1533 1635 Trinitas,
1563 1588 1777 1626 secundum

446 1659 725 1696 humanitatem
748 1658 899 1705 Christi,
921 1660 992 1708 ipsi
1013 1665 1199 1709 tanquam
1221 1671 1331 1697 servo
1352 1659 1575 1696 fidelissimo
1600 1658 1775 1696 domina·
1790 1673 1831 1695 20

446 1736 517 1767 tur.
548 1729 623 1767 Pro
639 1730 747 1767 cuius
769 1730 1033 1768 declaracione
1055 1742 1234 1779 suppono
1249 1730 1354 1779 quod
1370 1729 1542 1766 Christus
1563 1728 1777 1778 copulative

447 1800 494 1837 sit
521 1806 669 1838 creator
689 1806 726 1837 et
752 1806 948 1846 creatura;
979 1806 1015 1838 et
1042 1807 1132 1838 tunc
1156 1806 1261 1849 patet
1281 1800 1386 1848 quod
1415 1799 1590 1837 Christus
1620 1799 1777 1836 racione

446 1877 618 1908 creature
647 1877 704 1907 est
728 1870 922 1908 subiectus
948 1870 1120 1908 dominio
1141 1870 1270 1908 divino
1299 1871 1406 1908 iuxta
1434 1871 1602 1919 primum
1632 1881 1777 1907 casum.

446 1941 497 1977 Et
520 1941 769 1978 confirmacio
798 1941 896 1978 illius
926 1946 983 1978 est
1012 1953 1059 1977 ex
1090 1940 1164 1978 hoc
1195 1940 1300 1990 quod
1321 1940 1494 1978 Christus
1522 1946 1579 1978 est
1607 1940 1779 1977 minister

447 2011 733 2048 efficacissimus
754 2011 962 2057 Trinitatis,
986 2017 1026 2048 ut
1046 2011 1207 2060 ipsemet
1228 2017 1386 2048 testatur
1406 2011 1532 2060 sepius
1548 2023 1558 2057 ;
1589 2017 1626 2048 et
1649 2012 1775 2048 mz'nz's-
1791 2026 1829 2058 25

447 2086 502 2117 ter
521 2080 581 2118 hic
607 2081 656 2118 ad
679 2081 840 2118 modum
869 2081 1062 2130 Scripture
1088 2094 1157 2130 pro
1177 2093 1280 2118 servo
1305 2081 1486 2130 intelligo.
1547 2080 1564 2100 *
1587 2082 1775 2131 Assump-
1790 2091 1816 2120 0

448 2158 529 2188 tum
557 2157 671 2200 patet,
703 2164 796 2188 nam
827 2151 922 2189 Mat.
955 2164 1016 2189 xx.
1051 2153 1097 2188 28
1129 2151 1219 2189 dicit
1249 2151 1435 2198 Christus,
1462 2152 1587 2189 Fz'lz‘us
1618 2152 1777 2188 lzomz'nz's

448 2235 519 2259 non
548 2223 654 2267 venit,
677 2220 846 2272 (supple)
870 2223 996 2271 primo
1025 2222 1201 2267 adventu,
1224 2223 1441 2259 ministrari
1464 2223 1529 2259 sed
1553 2223 1777 2259 ministrare.

448 2292 499 2329 Et
537 2293 703 2337 indubie,
737 2293 768 2329 si
807 2293 856 2329 ad
894 2292 967 2330 hoc
999 2293 1111 2337 venit,
1147 2293 1407 2330 efficacissime
1447 2292 1520 2330 hoc
1562 2293 1774 2341 supplevit;

450 2363 555 2399 iuxta
583 2363 674 2399 illud
694 2363 777 2400 Ioh.
798 2363 884 2400 xvii.
907 2376 941 2409 4,
967 2362 1068 2411 Opus
1096 2365 1313 2399 consumavi
1335 2364 1432 2411 quod
1457 2364 1592 2399 dedisti
1616 2363 1713 2399 mz'lzz'
1738 2367 1780 2399 ul
1790 2375 1832 2406 30

172 2440 279 2465 istered
290 2442 359 2464 unte
372 2439 423 2465 but
433 2435 586 2485 faciam
600 2447 613 2470 .·
660 2433 765 2482 quod
804 2433 1018 2481 expressius
1055 2433 1220 2481 explicat
1262 2433 1369 2478 infra,
1409 2433 1484 2470 xix.
1525 2445 1587 2481 30,
1626 2433 1665 2470 in
1704 2433 1778 2471 fine

172 2476 199 2499 to
213 2474 272 2498 min
277 2474 354 2503 ister,

449 2505 650 2554 passionis,
686 2505 828 2550 dicens,
864 2503 1127 2541 consumatum
1160 2508 1220 2540 esl.
1277 2502 1392 2541 Unde
1424 2504 1629 2552 apostolus,
1663 2503 1776 2541 Rom.

451 2588 510 2612 xv.
533 2577 567 2620 8,
588 2580 788 2612 attestatur
808 2574 895 2611 huic
918 2573 1133 2611 sentencie:
1165 2573 1271 2620 Dico,
1288 2574 1420 2623 inquit,
1436 2574 1558 2610 Iesum
1583 2573 1777 2611 Christum

451 2647 661 2682 mz'nz'slrum
666 2645 797 2694 fuisse
816 2645 1117 2690 circumc-zimmah,
1140 2643 1178 2680 id
1197 2650 1263 2689 est,
1284 2644 1409 2693 gentis
1430 2644 1586 2681 Iudaice
1614 2645 1776 2681 circum-

487 2762 526 2785 15.
547 2754 672 2779 vocando
684 2754 705 2778 B
718 2760 724 2779 ;
743 2754 868 2780 notando
882 2754 906 2779 A
916 2753 946 2780 C.
1018 2763 1057 2778 22.
1078 2755 1106 2778 et
1121 2755 1189 2777 tunc
1204 2752 1225 2777 B
1238 2759 1243 2778 ε
1263 2755 1332 2778 tunc
1342 2753 1366 2777 A
1376 2752 1407 2778 C.
1481 2762 1521 2785 23.
1542 2754 1550 2782 ΙΙ
1564 2756 1605 2779 cst
1620 2753 1641 2779 B
1656 2753 1673 2779 f.
1689 2756 1736 2786 246
1751 2763 1776 2780 Β.

452 2797 491 2819 24.
512 2788 590 2819 quud
601 2787 639 2812 B:
661 2796 712 2812 om.
730 2788 754 2812 A
766 2787 798 2814 C.
1123 2795 1162 2817 33.
1183 2794 1231 2811 xv.
1248 2786 1288 2811 B:
1310 2795 1338 2810 12
1353 2786 1417 2811 AC.
