2008 3305
202 199 287 228 CAP.
311 186 395 244 HL]
689 196 835 227 LIBER
867 195 1064 227 PRIMUS.
1765 193 1813 221 21

116 314 189 356 7A]
208 318 333 350 autem
363 312 419 350 rel
452 312 523 349 alia
553 311 797 349 accidentalis
826 310 949 348 forma
979 322 1060 347 non
1089 315 1145 347 est
1177 321 1244 358 per
1274 320 1325 353 se,
1349 307 1415 345 sed
1444 320 1538 345 con-

203 383 443 429 comitanter,
466 383 518 420 sic
546 383 672 429 bona;
704 383 794 432 quia
822 382 870 419 ad
898 381 1001 418 illam
1030 380 1276 429 consequitur
1296 379 1400 428 quod
1429 378 1538 415 Deus

200 453 363 490 multum
384 454 568 492 bonificat
588 454 641 491 sic
662 454 835 491 relatum.
893 452 1002 497 Ideo,
1026 452 1122 489 sicut
1143 450 1281 488 relacio
1302 457 1358 487 est
1378 450 1536 486 minime
1551 459 1609 498 itis
1622 459 1697 518 5300?
1711 458 1750 491 by

200 524 377 570 entitatis,
400 525 454 562 sic
476 525 599 562 eciam
621 524 778 561 minime
798 523 857 560 vel
876 524 999 561 verius
1027 523 1098 560 sub
1125 534 1206 559 non
1233 521 1355 571 gradu
1376 522 1478 558 bona
1500 521 1538 556 in
1551 499 1763 553 ἔὲϊτξιῗῗειιῗεέοῃ

170 607 255 641 5εθ,
287 595 355 633 sed
389 596 515 633 solum
546 596 875 640 concomitanter;
915 594 1004 643 quia
1039 593 1087 631 ad
1116 593 1333 630 dominium
1365 598 1538 640 creature

203 667 452 716 consequitur
479 666 604 704 eidem
636 666 796 703 domino
826 665 1041 702 dominium
1063 664 1155 710 dari,
1177 671 1214 701 et
1241 664 1370 712 gracia
1396 675 1539 700 conco-

202 737 380 774 mitancie
402 737 617 774 dominium
639 742 697 774 est
718 737 771 774 sic
798 737 958 773 bonum.
1016 735 1106 773 Sola
1133 735 1290 785 quidem
1318 734 1539 770 substancia

203 815 259 846 est
288 809 327 845 in
358 820 397 846 se
428 809 543 853 bona,
566 792 664 845 sicut
693 815 749 846 est
778 809 817 845 in
845 820 885 845 se
914 820 1006 854 ens;
1038 813 1075 845 et
1100 806 1321 844 accidencia
1341 806 1539 843 concomi-

204 886 327 917 tanter
348 880 406 917 vel
428 879 646 917 inherenter
666 881 781 925 bona,
799 880 897 917 sicut
918 887 1004 916 sunt
1025 879 1145 916 encia.
1205 878 1282 915 Sed
1303 878 1332 914 si
1355 877 1541 914 subtiliter

152 963 192 984 10
205 951 457 997 attendamus,
499 951 623 1000 magis
668 952 852 988 distanter
891 958 928 988 et
965 951 1149 1000 equivoce
1190 949 1327 987 (licitur
1374 949 1541 998 quelibet

204 1029 378 1059 creatura
417 1023 521 1059 bona
560 1022 689 1071 quoad
728 1021 857 1059 Deum
897 1023 957 1059 cui
996 1022 1165 1068 adheret,
1207 1032 1323 1070 quarn
1362 1019 1541 1057 accidens

204 1093 333 1143 quoad
354 1094 569 1130 subiectum
591 1093 652 1130 cui
676 1093 845 1130 inheret:
877 1094 966 1143 quia
987 1093 1082 1130 sicut
1109 1092 1288 1130 accidens
1314 1103 1392 1128 non
1413 1097 1543 1139 potest

205 1164 346 1202 habere
376 1166 587 1202 bonitatem
610 1165 668 1202 vel
696 1165 911 1203 essenciam
942 1165 1016 1202 nisi
1036 1163 1300 1213 computando
1328 1162 1541 1199 bonitatem

204 1235 365 1272 subiecti
381 1236 442 1272 cui
458 1236 627 1273 inhereat
640 1250 649 1283 ς
682 1237 735 1273 sic
753 1243 937 1281 creatura,
953 1235 1025 1272 nisi
1045 1234 1311 1284 participando
1327 1233 1541 1270 bonitatem

151 1314 189 1346 15
205 1306 277 1344 Dei
294 1307 355 1344 cui
375 1307 566 1344 adhereat.
611 1307 717 1353 Ideo,
732 1315 891 1356 propter
911 1306 1132 1355 analogiam
1148 1313 1184 1342 et
1200 1304 1541 1354 equivocacionem

203 1377 384 1415 bonitatis
404 1376 476 1414 Dei
498 1377 547 1414 ad
571 1378 782 1415 bonitatem
803 1386 982 1423 creatam,
1005 1377 1094 1414 dicit
1115 1376 1297 1421 Salvator,
1320 1374 1415 1413 Luc.
1436 1374 1536 1411 xviii.

208 1461 266 1496 19,
297 1447 414 1485 Nemo
448 1449 561 1486 bonus
594 1450 674 1485 nz'sz'
701 1450 800 1486 solus
829 1448 944 1486 Deus.
1005 1447 1110 1486 Sicut
1148 1453 1275 1484 autern
1315 1446 1536 1497 simpliciter
1548 1452 1613 1483 and,
1629 1460 1659 1478 as
1674 1452 1716 1478 sor
1729 1452 1777 1478 the

1551 1487 1690 1519 goodness
1703 1486 1736 1512 of

160 1519 340 1556 Bmelius
370 1525 426 1556 est
449 1518 466 1538 *
490 1519 689 1557 hominem
719 1532 814 1565 esse,
841 1532 957 1569 quam
987 1520 1113 1569 ipsum
1143 1531 1226 1556 esse
1257 1518 1419 1563 iustum3
1450 1517 1538 1566 quia
1551 1519 1825 1586 &giffikifnfflffiiffif

204 1590 371 1627 mundus
408 1590 496 1639 plus
530 1590 812 1640 inperficeretur
850 1603 918 1640 per
953 1590 1193 1628 ablacionem
1229 1589 1447 1628 substancie
1480 1587 1711 1654 velffgafftggulgf

151 1678 191 1699 20
204 1661 375 1699 essencie
415 1661 582 1699 humane
622 1674 739 1712 quam
773 1674 841 1711 per
879 1661 1120 1699 ablacionem
1158 1660 1379 1699 huiusmodi
1418 1659 1538 1710 quali-

203 1733 301 1779 tatis,
323 1732 409 1770 licet
439 1733 511 1770 sibi
542 1733 586 1770 sit
611 1733 740 1771 utilius
767 1745 850 1771 esse
878 1733 1019 1770 iustum
1045 1744 1163 1782 quam
1190 1732 1410 1781 simpliciter
1437 1731 1538 1769 nude

205 1816 312 1841 esse:
353 1804 405 1842 sic
438 1805 629 1842 infinitum
659 1805 794 1842 melius
822 1811 880 1842 est
913 1805 1173 1854 quodcunque
1203 1804 1367 1841 creabile
1397 1802 1537 1839 habere
1551 1805 1607 1831 and
1624 1805 1757 1830 betterto

1552 1840 1624 1865 have
1638 1839 1684 1864 the
1698 1847 1755 1864 esse

205 1887 289 1912 esse
319 1875 554 1925 intelligibile
581 1888 699 1925 quam
725 1876 974 1915 existenciam
998 1876 1197 1921 actualem,
1220 1875 1307 1912 licet
1337 1873 1463 1911 utilius
1494 1874 1539 1910 sit
1553 1872 1818 1933 Ξῖζῐίέῖῗξῖξξεξξὲέῑ

204 1946 436 1984 universitati
470 1947 529 1984 vel
567 1947 673 1984 alteri
712 1954 883 1984 creature
922 1947 1029 1996 quod
1068 1947 1156 1985 data
1192 1952 1363 1984 creatura
1402 1945 1541 1982 habeat

153 2028 191 2060 25
206 2017 457 2055 existenciam
494 2026 666 2056 creature
710 2030 829 2067 quam
872 2030 967 2067 pure
1014 2030 1098 2055 esse
1146 2016 1406 2066 intelligibile;
1453 2016 1543 2066 quia

206 2095 358 2138 oportet
377 2089 626 2126 existenciam
654 2096 827 2127 creature
848 2101 1133 2138 presupponere
1155 2100 1268 2127 suum
1295 2099 1378 2125 esse
1405 2087 1542 2124 intelli-

205 2160 331 2209 gibile,
362 2160 469 2210 quod
503 2167 561 2197 est
596 2160 853 2198 essencialiter
887 2160 989 2197 idem
1024 2160 1123 2206 Deo,
1155 2167 1192 2197 et
1226 2160 1308 2199 eius
1343 2159 1542 2209 participio

206 2231 285 2269 sore
307 2231 462 2269 bonam.
519 2230 579 2269 De
600 2231 673 2268 isto
698 2231 786 2269 alibi
807 2232 1029 2269 tractabitur
1049 2232 1231 2270 diffusius.

261 2301 401 2340 Tercio
422 2302 585 2340 obicitur
605 2315 674 2351 per
694 2302 768 2340 hoc
789 2303 893 2353 quod
915 2306 923 2321 ‘
940 2303 1111 2353 sequitur
1131 2315 1179 2341 ex
1201 2302 1310 2340 dictis
1332 2301 1541 2352 quemlibet
1555 2310 1575 2329 ⁶·
1600 2302 1749 2328 ‘Ifaman

1557 2345 1650 2361 serves
1663 2336 1726 2362 God
1740 2344 1810 2361 even

154 2388 195 2419 30
210 2378 216 2393 ⁴
232 2380 490 2423 peccatorem,
520 2374 560 2412 in
591 2379 779 2424 quantum
802 2381 937 2423 peccat
958 2374 1015 2411 vel
1039 2374 1181 2411 recedit
1203 2386 1225 2410 a
1246 2373 1345 2419 Deo,
1367 2373 1413 2411 de
1435 2379 1542 2410 tanto
1557 2369 1594 2401 by
1608 2369 1729 2402 Sinnin&
1744 2369 1785 2395 ⁵i¹¹
1805 2368 1827 2394 ῖς

1578 2403 1663 2429 leasin
1698 2408 1727 2429 to
1743 2402 1827 2429 God!

208 2445 304 2482 ‘sibi
332 2446 493 2490 servire;
525 2452 562 2482 et
592 2457 682 2482 cum
712 2457 829 2484 omne
860 2445 1062 2483 servicium
1092 2451 1261 2484 creature
1287 2444 1412 2493 placet
1441 2412 1575 2490 Deo,p
1666 2412 1684 2436 g

210 2516 403 2566 ‘sequitur
446 2516 552 2566 quod
593 2522 786 2566 peccator,
822 2522 863 2553 ut
902 2516 966 2562 sic,
1008 2516 1134 2565 placet
1180 2515 1293 2553 Deo:
1345 2516 1410 2553 tali
1450 2527 1544 2564 ergo

209 2591 217 2607 ‘
232 2587 392 2627 domino
414 2587 512 2624 foret
532 2587 740 2626 facilimum
761 2587 964 2632 deservire,
986 2587 1046 2624 cui
1067 2587 1253 2636 quidquid
1279 2586 1397 2624 homo
1414 2586 1545 2623 fecerit

210 2659 292 2698 ‘vel
326 2659 495 2696 omiserit
529 2656 815 2708 complacetur.'
877 2657 953 2695 Sed
992 2658 1054 2696 hic
1094 2658 1229 2695 dicitur
1260 2657 1367 2707 quod
1402 2657 1544 2707 duplex

244 2789 266 2811 4.
289 2779 408 2804 minime
424 2778 498 2805 AC:
518 2781 560 2805 est
580 2779 700 2805 minime
714 2778 746 2805 B.
854 2787 891 2811 14.
908 2777 1118 2811 participando
1138 2777 1164 2804 A
1176 2777 1213 2804 C:
1235 2777 1500 2810 consparticz‘ptzncr’o
1515 2776 1547 2803 Β.

212 2823 252 2839 21.
272 2815 281 2843 ll
295 2814 406 2839 iustum
422 2813 444 2837 B
458 2813 476 2839 f.
491 2822 539 2845 215
550 2821 575 2839 Α.
