2095 3278
75 208 161 238 CAP.
180 195 335 255 XXXII]
659 209 724 242 DE
757 210 1004 243 PAUPERIE
1038 211 1352 244 SALVATORIS.
1812 211 1894 256 377

173 311 274 352 25A]
290 311 327 345 in
345 323 432 347 casu
450 312 665 349 innocencie
691 314 902 359 supradicto
929 315 1133 350 dominium
1160 315 1258 350 istud
1284 315 1464 360 originale
1487 316 1616 360 equale
1631 322 1721 349 which
1735 323 1828 349 would
1843 322 1870 349 in

288 369 427 413 fuisset,
447 371 636 415 supposito
656 370 709 415 (ut
727 378 895 406 tenemus
914 373 1173 417 communiter>
1192 374 1289 418 quod
1306 384 1436 408 omnes
1455 374 1617 407 humane
1630 357 1849 423 ᾒξὲῧᾷᾌεζξζηι,

289 427 412 463 anime
437 428 474 462 in
501 429 668 464 essencia
690 429 836 465 fuerunt
862 431 1022 475 equales,
1051 431 1156 465 sicuti
1182 431 1323 476 equalis
1349 431 1477 466 fuisset
1503 431 1540 465 in
1564 431 1617 466 eis

289 485 521 521 racionalitas
540 487 705 522 mortalis
723 495 785 522 aut
803 488 1001 523 racionalis
1020 488 1116 523 iusta
1133 490 1350 524 mortalitas.

257 597 274 629 5
338 594 448 639 Quod
472 595 591 630 eciam
616 607 660 630 ex
684 596 755 631 hoc
773 597 870 631 valet
893 596 1034 632 adverti
1059 597 1158 642 quod
1183 597 1219 631 in
1242 598 1314 632 fine
1337 597 1449 632 seculi
1466 598 1617 633 ultimus
1631 599 1760 631 XXXI.

289 651 404 686 iustus
423 653 580 697 relictus,
601 653 631 688 si
650 655 748 688 solus
771 654 889 697 fuerit,
908 655 1092 689 masculus
1115 662 1177 689 aut
1200 656 1357 698 femella,
1377 656 1475 691 istud
1499 662 1617 691 totum

287 706 464 751 originale
482 708 685 743 dominium
704 709 803 754 quod
817 709 940 744 Adam
954 710 1081 744 habuit
1095 716 1180 745 ante
1194 710 1425 745 creacionem
1442 711 1616 754 mulieris,

287 764 368 799 sine
393 765 492 799 omni
518 776 617 800 novo
643 766 719 801 iure
744 766 954 801 adventicio
980 768 1079 812 quod
1106 767 1227 812 ipsum
1254 768 1458 802 dominium
1483 779 1617 813 augere

288 822 454 866 valuerit,
473 823 674 868 optinebit:
702 824 752 858 ita
771 825 870 869 quod
888 831 975 859 tunc
992 825 1059 859 erit
1084 825 1121 859 in
1145 832 1229 860 actu
1252 825 1447 870 singulare,
1465 827 1616 869 scilicet,

70 881 170 930 codd..
182 892 262 913 com·
286 880 347 914 uni
367 880 433 914 soli
453 881 686 924 conveniens,
704 881 787 916 licet
805 882 1115 917 communicabile
1133 882 1180 917 sit
1202 883 1248 918 de
1273 895 1339 918 sua
1363 890 1505 928 natura,
1524 884 1616 921 sicut

69 935 219 998 Ξέῗὲῑῑα·
286 938 449 972 humana
465 944 597 973 natura
614 939 663 973 ad
681 951 794 984 quam
808 939 933 974 divina
951 940 1189 975 institucione
1203 941 1449 986 consequitur,
1464 942 1615 986 scilicet,

69 1020 125 1050 sm.
140 992 209 1050 Jmt.
228 1027 259 1051 B·
286 995 482 1030 racionalis
501 997 704 1031 mortalitas
723 996 775 1032 sic
793 997 861 1031 erit
879 1003 967 1032 tunc
984 997 1134 1042 propria
1150 1004 1186 1033 et
1205 999 1424 1034 communis.

335 1055 566 1088 IOHANNES.
595 1054 694 1099 Quid
714 1054 743 1089 si
763 1055 888 1090 dixero
912 1056 1011 1100 quod
1034 1056 1092 1091 ille
1116 1057 1266 1091 ultimus
1290 1056 1368 1092 iure
1390 1057 1614 1092 hereditario

286 1117 323 1146 et
348 1111 398 1146 ita
421 1111 499 1146 iure
522 1112 731 1147 adventicio
755 1112 843 1147 illud
864 1120 951 1148 tunc
970 1113 1172 1148 dominium
1191 1121 1341 1149 auctum
1359 1122 1443 1160 post
1461 1116 1615 1150 aliorum

235 1177 272 1209 15
287 1170 430 1204 obitum
449 1171 660 1215 recepisset,
679 1177 715 1206 et
733 1171 808 1206 iam
827 1172 864 1206 in
882 1183 990 1207 cursu
1008 1173 1168 1217 presenti
1185 1174 1277 1208 forte
1294 1173 1474 1219 recipiat?

334 1227 563 1261 RICARDUS.
599 1227 694 1260 Illud
720 1226 841 1261 minus
875 1228 1074 1272 prudenter
1106 1229 1278 1263 astrueris
1296 1241 1303 1272 ;
1343 1241 1428 1263 cum
1461 1229 1614 1264 effectus

286 1294 396 1318 cause
421 1284 582 1318 cuiusvis
607 1296 798 1329 nunquam
821 1285 937 1330 possit
955 1297 1038 1320 esse
1057 1297 1169 1321 causa
1189 1287 1359 1331 augende
1377 1288 1613 1332 proprietatis

287 1341 474 1384 originalis
493 1342 569 1376 sive
588 1354 697 1377 cause
714 1343 858 1386 prioris,
877 1343 1051 1388 quoniam
1075 1344 1226 1379 effectus
1250 1345 1478 1390 quiscunque
1502 1357 1613 1381 cause

286 1397 463 1444 cuiusque
493 1405 529 1433 et
559 1411 626 1434 sua
655 1400 841 1444 originalis
870 1401 1076 1446 proprietas
1107 1408 1171 1436 aut
1201 1413 1312 1438 coeve
1338 1410 1540 1448 sequuntur
1564 1403 1613 1437 ad

233 1471 274 1494 20
287 1467 448 1499 causam,
466 1463 529 1491 aut
546 1457 697 1492 effectus
719 1453 900 1502 posterius
918 1459 978 1494 via
1001 1466 1132 1494 nature
1149 1471 1231 1494 eam
1250 1459 1486 1506 consequitur
1504 1472 1615 1506 quam

287 1523 353 1547 sua
369 1512 545 1546 naturalis
563 1513 765 1557 proprietas
783 1525 790 1548 :
817 1513 1022 1548 dominium
1039 1526 1125 1549 vero
1144 1516 1389 1560 quodcunque
1410 1516 1615 1551 adveniens

285 1577 341 1605 est
375 1577 504 1605 nature
537 1571 730 1606 racionalis
759 1571 923 1606 mortalis
954 1573 1119 1616 effectus,
1148 1580 1184 1608 et
1212 1574 1259 1608 ob
1287 1574 1358 1608 hoc
1389 1586 1463 1609 non
1491 1581 1614 1619 potest

285 1629 431 1663 efficere
465 1640 535 1663 nec
563 1640 696 1673 augere
723 1629 929 1664 dominium
962 1630 1151 1675 originale,
1186 1632 1287 1676 quod
1319 1638 1375 1667 est
1409 1632 1614 1677 proprietas

284 1693 416 1721 nature
438 1687 633 1721 racionalis
654 1687 819 1722 mortalis
838 1700 846 1731 3
873 1689 972 1733 quod
996 1690 1162 1733 exemplo
1185 1689 1251 1723 tibi
1272 1690 1451 1725 clarescit.
1502 1691 1613 1733 Ecce,

232 1756 270 1788 25
285 1744 394 1788 enim,
428 1744 616 1780 risibilitas
651 1745 856 1790 proprietas
889 1753 944 1781 est
978 1753 1108 1781 nature
1141 1748 1315 1791 humane,
1349 1759 1545 1793 ponamus,
1577 1755 1612 1783 et

284 1801 425 1846 primus
452 1803 602 1838 effectus
627 1809 757 1838 nature
784 1805 945 1839 humane
968 1804 1006 1838 in
1029 1810 1126 1839 statu
1145 1805 1350 1840 creacionis
1369 1806 1515 1840 videtur
1530 1818 1613 1841 esse

66 1871 149 1903 imao
165 1870 260 1903 codd,
284 1866 390 1895 actus
418 1860 686 1896 intellectivus:
713 1868 858 1897 constat
889 1869 1013 1897 autem
1041 1863 1139 1907 quod
1169 1874 1245 1897 non
1276 1875 1398 1907 coeve,
1426 1870 1482 1899 set
1510 1865 1612 1909 prius

285 1918 510 1962 naturaliter,
523 1919 687 1964 sequitur
704 1919 892 1954 risibilitas
911 1920 959 1955 ad
977 1927 1149 1955 naturam
1166 1921 1370 1956 humanam
1385 1933 1495 1966 quarn
1509 1929 1612 1957 actus

285 1976 512 2022 intelligendi
527 1988 535 2020 ;
553 1988 622 2012 nec
637 1977 716 2021 ipse
730 1978 955 2022 intelligendi
970 1984 1074 2013 actus
1088 1990 1253 2024 unquam
1268 1991 1380 2014 causa
1394 1979 1612 2015 risibilitatis

230 2047 271 2078 30
284 2041 406 2079 potest
431 2034 595 2078 existere,
622 2046 690 2069 nec
716 2047 800 2070 eam
826 2042 947 2080 potest
973 2047 1130 2080 augere:
1166 2048 1240 2071 non
1267 2037 1350 2071 dico
1377 2037 1463 2082 quin
1489 2044 1613 2083 potest

283 2099 408 2126 actum
436 2092 654 2128 risibilitatis
684 2093 848 2129 minuere
873 2105 939 2129 seu
964 2106 1121 2138 augere3
1157 2094 1332 2139 quoniam
1359 2095 1453 2130 sicut
1480 2103 1614 2131 natura

282 2154 338 2181 est
355 2147 453 2191 prior
466 2148 682 2183 causalitate
699 2148 923 2193 proprietate
942 2161 1020 2192 sua,
1039 2149 1092 2184 sic
1113 2149 1252 2194 primus
1275 2157 1405 2185 nature
1427 2157 1531 2185 actus
1555 2158 1612 2186 est

282 2205 382 2249 prior
404 2212 488 2240 actu
512 2206 747 2250 proprietatis
766 2206 893 2251 ipsius,
912 2213 947 2242 et
967 2208 1013 2241 ob
1037 2208 1110 2241 hoc
1134 2207 1261 2242 ordine
1283 2214 1413 2243 nature
1436 2215 1558 2253 potest
1577 2215 1612 2244 et

282 2264 404 2307 debet,
423 2270 531 2308 prout
549 2264 727 2309 congruit,
747 2271 871 2299 actum
888 2276 1021 2310 augere
1040 2265 1118 2300 sive
1135 2265 1312 2300 minuere.

230 2397 269 2429 35
333 2387 562 2422 IOHANNES.
592 2388 634 2421 In
653 2394 752 2422 statu
775 2387 990 2423 innocencie
1013 2395 1050 2423 et
1073 2388 1109 2422 in
1134 2395 1231 2423 statu
1256 2389 1439 2434 presentis
1466 2390 1611 2425 miserie
1626 2395 1773 2427 XXXII.

284 2444 416 2479 diversi
447 2444 508 2478 filii
538 2445 621 2480 Ade
647 2452 681 2479 et
708 2445 778 2480 filie
804 2446 952 2480 diversa
978 2457 1134 2491 corpora
1160 2453 1196 2481 et
1222 2447 1322 2482 varie
1348 2459 1415 2492 per
1440 2455 1613 2492 quattuor

283 2502 455 2536 humores
489 2503 651 2547 corporis
693 2503 990 2547 complexionata
1032 2503 1132 2538 iuxta
1166 2503 1418 2540 diversitatem
1460 2517 1610 2540 suorum

282 2560 505 2594 naturalium
530 2561 771 2595 habuissent:
799 2561 897 2597 unde
922 2561 1035 2606 aliqui
1059 2562 1139 2595 aliis
1164 2562 1273 2596 rebus
1297 2563 1430 2597 creatis
1448 2575 1515 2608 pro
1533 2575 1611 2598 sus-

282 2618 495 2652 tentacione
521 2630 588 2652 sua
613 2619 777 2663 pluribus
802 2619 1003 2663 eguissent,
1022 2631 1089 2654 nec
1116 2619 1270 2654 dubium
1296 2621 1384 2665 quin
1412 2622 1460 2655 ad
1486 2622 1612 2657 omnia

227 2693 270 2724 40
284 2675 352 2709 sibi
370 2677 579 2710 necessaria
598 2676 644 2711 de
662 2677 771 2711 rebus
793 2678 974 2711 sumenda
995 2678 1251 2712 auctoritatem
1276 2679 1323 2713 ab
1346 2679 1487 2723 origine
1512 2691 1609 2714 rece-

283 2733 423 2777 pissent
440 2746 448 2776 ;
474 2735 572 2768 unde
591 2735 692 2779 sequi
711 2735 857 2769 videtur
875 2735 973 2779 quod
992 2734 1040 2769 illi
1060 2735 1277 2780 ampliorem
1296 2736 1556 2773 auctoritatem
1574 2745 1609 2773 et

283 2792 440 2837 amplius
460 2792 664 2827 dominium
683 2792 799 2827 eciam
819 2791 1043 2836 originaliter
1062 2793 1286 2829 habuissent.
