2095 3278
62 220 150 249 cim.
174 206 240 265 11.]
618 219 682 249 DE
716 217 957 250 PAUPERIE
990 217 1304 249 SALVATORIS.
1807 224 1890 265 439

167 326 266 368 39B]
286 324 433 365 civitas,
448 323 505 357 vel
524 335 546 357 a
561 324 663 368 polis
680 324 779 368 quod
796 330 852 358 est
863 324 1076 368 pluralitas
1092 321 1323 368 appel*latur
1338 335 1346 365 3
1374 329 1409 357 et
1425 323 1477 357 sic
1493 323 1608 357 habes
1627 325 1690 372 ,εἰγίἓ
1712 336 1745 365 or,
1760 327 1886 359 political

284 381 605 425 grammaticalem
630 393 781 415 sensum
800 381 946 416 termini
971 381 1066 415 illius
1078 383 1305 427 propriam,
1325 392 1435 426 quem
1458 392 1609 416 sensum
1627 367 1800 387 ¹n⁵t¹mt¹⁰¹¹⁵

284 439 431 473 termini
450 440 496 473 de
517 440 776 474 Decretalibus
795 440 974 483 allegasti.

336 499 425 532 IOH.
452 498 632 532 Nondum
648 498 683 532 in
699 498 768 532 isto
785 498 939 542 quietor‚
953 497 1140 542 quoniam,
1153 508 1238 531 curn
1253 497 1333 542 quis
1349 508 1426 531 rem
1444 496 1611 541 possidet

248 562 265 593 5
286 566 371 589 cum
390 555 508 600 primo
527 556 697 600 originali
718 556 894 599 dominio,
913 562 1036 600 potest
1055 567 1093 589 re
1112 555 1163 590 uti
1182 555 1230 589 ad
1250 562 1375 589 votum
1393 567 1400 598 ;
1427 562 1463 589 et
1483 555 1534 589 ita
1552 561 1610 589 res

285 613 348 647 illa
375 613 444 648 sibi
469 614 746 659 quodammodo
765 613 1034 658 appropriatur,
1053 614 1152 658 quod
1180 613 1255 647 fieri
1283 613 1363 647 sine
1383 613 1610 658 proprietate

284 683 359 705 non
387 679 530 716 potest;
558 679 593 707 et
620 673 671 707 ita
697 673 849 706 omnino
874 671 1019 706 videtur
1045 672 1144 716 quod
1170 671 1366 716 possidens
1393 671 1610 706 naturaliter

283 730 547 774 proprietatem
567 731 617 764 rei
637 731 773 764 habeat
791 737 826 765 et
845 742 929 764 vere
947 731 1085 764 habere
1104 730 1257 763 dicatur.

57 797 165 829 supra,
330 789 417 822 RIC.
447 790 526 822 Iam
560 789 719 823 diximus
754 788 819 823 tibi
855 788 955 833 quod
988 788 1087 822 aliud
1121 794 1177 822 est
1211 786 1262 822 rei
1297 798 1481 832 possesse,
1509 787 1607 821 aliud
1626 787 1682 846 {2112}
1701 788 1854 847 thffguffing

56 842 89 904 g·
107 832 210 905 ‘22⁶3
226 893 236 897 -
282 846 530 890 possessionis
561 847 788 892 proprietas;
824 847 994 892 quamvis
1021 846 1120 880 enim
1146 846 1344 890 possidens
1370 846 1606 890 appropriate
1624 854 1651 880 in
1665 831 1791 882 otrlins.⁰
1817 832 1865 848 me

55 880 120 948 gase
137 879 172 949 Rs.)
209 886 223 906 e
283 905 337 948 (ut
364 916 475 949 supra
501 905 755 939 tractavimus¹
784 905 972 950 propriam
999 905 1067 939 sibi
1095 905 1231 939 habeat
1258 904 1548 948 possessionem,
1570 910 1607 938 et

280 962 329 997 ob
355 963 426 997 hoc
452 963 499 997 sit
525 963 561 997 in
590 964 669 1008 ipso
696 963 942 1008 possessionis
966 963 1024 997 vel
1050 962 1267 1007 possidendi
1295 963 1511 1006 proprietas,
1531 973 1606 996 non

280 1026 405 1055 tamen
424 1027 575 1066 propter
590 1022 662 1056 hoc
681 1021 807 1055 statim
826 1021 1064 1066 consequitur
1083 1021 1183 1064 quod
1201 1020 1248 1054 sit
1266 1020 1302 1054 in
1326 1020 1406 1065 ipso
1425 1020 1476 1054 rei
1495 1020 1543 1054 ab
1561 1032 1606 1054 eo

279 1090 452 1123 possesse
481 1091 569 1114 vera
599 1080 829 1124 proprietas;
865 1092 910 1114 ex
943 1091 1014 1124 quo
1045 1079 1140 1113 illius
1171 1079 1222 1113 rei
1252 1079 1346 1113 alius
1377 1078 1606 1123 quiscunque

56 1139 112 1170 ille
128 1146 158 1170 R.
280 1137 396 1171 iustus
415 1137 466 1172 ita
484 1149 568 1172 vere
587 1145 625 1172 ut
644 1138 723 1182 ipse
741 1138 937 1182 possidens
955 1139 1069 1172 habet
1087 1137 1291 1171 dominium
1309 1149 1315 1171 :
1343 1138 1441 1171 unde
1460 1136 1512 1171 sic
1531 1148 1606 1170 non

54 1211 142 1233 non:
167 1205 212 1233 ηᾱ
229 1209 258 1234 B.
281 1195 491 1240 propriatur
523 1196 728 1240 possidenti
763 1196 832 1230 nisi
867 1196 1091 1241 proprietate
1125 1195 1383 1240 possessionis,
1413 1207 1489 1229 non
1523 1207 1606 1239 pro-

281 1254 437 1298 prietate
465 1254 515 1288 rei
547 1266 741 1298 possesse,
779 1255 830 1289 sic
858 1255 958 1300 quod
986 1266 1074 1289 vera
1101 1254 1307 1299 proprietas
1337 1254 1389 1287 rei
1416 1253 1607 1287 dominate

53 1316 184 1347 viribus
200 1324 239 1347 M.
282 1323 326 1346 ex
341 1312 479 1346 iuribus
495 1312 721 1347 naturalibus
736 1324 812 1346 non
827 1313 993 1347 habetur.
1036 1314 1100 1347 Set
1116 1324 1264 1357 semper
1275 1312 1434 1346 dicenda
1449 1319 1504 1346 est
1518 1324 1607 1346 vera

53 1386 136 1408 esse:
159 1381 199 1408 ea
230 1385 250 1407 B
281 1370 488 1414 proprietas
520 1379 689 1416 respectu
719 1372 770 1405 rei
801 1371 993 1405 dominate
1023 1381 1106 1405 esse
1136 1370 1342 1404 dominium
1371 1369 1607 1414 acquisitum,

224 1438 264 1461 20
284 1427 370 1472 quia
388 1435 444 1463 est
463 1440 507 1463 ex
526 1441 636 1463 sensu
655 1429 924 1473 grammaticali
944 1428 1031 1463 iuris
1050 1429 1177 1462 utendi
1199 1428 1235 1462 in
1255 1428 1335 1462 aliis
1355 1428 1581 1462 exclusivum
1599 1440 1607 1470 ;

283 1487 383 1530 quod
416 1499 606 1532 nunquam
640 1488 762 1530 efficit,
793 1487 913 1522 eciam
948 1499 1032 1521 curn
1066 1498 1132 1521 sua
1165 1486 1321 1521 naturali
1356 1487 1605 1531 possessione,

57 1557 166 1588 supra,
282 1544 463 1589 originale
482 1546 687 1580 dominium
708 1546 822 1589 (iuxta
840 1545 1008 1590 superius
1024 1557 1108 1579 cum
1127 1545 1173 1579 de
1191 1545 1429 1589 possessione
1447 1544 1605 1579 naturali

55 1601 86 1631 P·
107 1600 180 1632 393·
280 1603 424 1647 egimus
451 1604 667 1648 declarata).
722 1605 849 1638 Debes
876 1610 1003 1639 tamen
1030 1604 1222 1638 attendere
1249 1604 1349 1648 quod
1375 1614 1450 1637 non
1474 1614 1605 1637 omnes
1624 1610 1685 1636 The
1705 1610 1780 1650 word
1801 1643 1807 1648 ·

280 1661 326 1695 de
361 1661 432 1696 ista
469 1662 627 1697 materia
664 1662 897 1707 disputantes
939 1662 1137 1706 puritatem
1179 1661 1432 1705 gramaticalis
1475 1673 1605 1695 sensus
1618 1647 1823 1704 {Zssssmtasffi

221 1731 260 1763 ²5
281 1719 522 1755 terminorum
540 1721 748 1764 attendunt,
765 1728 820 1755 set
839 1720 959 1765 magis
977 1721 1091 1754 modo
1110 1720 1285 1764 loquendi
1300 1720 1440 1764 vulgari
1460 1720 1607 1764 plurimi

280 1789 321 1812 se
340 1779 596 1814 conformant:
626 1787 661 1814 et
680 1781 728 1813 ob
747 1780 829 1822 hoc,
848 1791 894 1813 ne
921 1779 1037 1813 nostri
1064 1779 1224 1812 maiores
1243 1785 1443 1813 tractantes
1468 1779 1514 1813 de
1537 1779 1608 1814 ista

279 1836 435 1871 materia
460 1837 529 1872 sibi
555 1838 740 1871 affirmare
766 1837 951 1872 contraria
968 1837 1170 1879 videantur,
1190 1843 1276 1881 apte
1303 1837 1401 1871 iuxta
1425 1837 1608 1882 premissa

279 1901 386 1940 potes
413 1896 677 1940 proprietatem
703 1896 754 1930 ita
784 1896 1036 1940 distinguere:
1073 1896 1173 1940 quod
1202 1903 1260 1931 est
1285 1896 1492 1940 proprietas
1520 1908 1607 1930 vera
1627 1913 1649 1928 1.
1670 1902 1747 1929 inits
1760 1902 1840 1928 strict

280 1953 497 1997 simpliciter
522 1954 599 1988 sive
625 1966 691 1999 per
715 1966 755 1988 se
780 1961 816 1989 et
842 1954 999 1998 proprie,
1020 1954 1169 1997 scilicet,
1188 1965 1303 1998 prope
1330 1956 1496 1998 regulam
1522 1966 1606 1999 gra—
1625 1937 1847 1970 §effiewemf'i’

222 2024 263 2055 30
282 2011 427 2045 matice.
453 2011 504 2045 ita
528 2012 638 2055 dicta,
660 2019 695 2046 et
721 2012 783 2046 illa
809 2023 956 2056 semper
976 2012 1092 2056 (iuxta
1117 2023 1216 2046 nunc
1243 2018 1395 2046 ostensa
1421 2012 1604 2056 superius)

279 2076 335 2104 est
366 2069 471 2104 civile
500 2070 703 2104 dominium
733 2070 841 2104 unius
869 2076 931 2104 aut
962 2070 1143 2115 plurium3
1179 2077 1215 2104 et
1241 2077 1296 2105 est
1321 2070 1525 2115 proprietas
1552 2071 1605 2105 sic
1624 2071 1837 2111 2.impr013er1y

279 2127 379 2161 dicta
396 2139 462 2172 per
478 2128 650 2163 accidens
678 2128 887 2173 improprie,
907 2140 981 2163 non
1007 2140 1073 2173 per
1098 2140 1149 2171 se,
1170 2128 1319 2172 scilicet,
1339 2140 1413 2162 non
1432 2140 1475 2162 ex
1494 2140 1606 2173 pecu-
1624 2106 1696 2138 (per
1707 2104 1849 2137 acczdens)

279 2185 358 2219 liari
390 2198 454 2220 seu
486 2187 662 2231 singulari
695 2187 770 2221 iure
804 2198 962 2231 persone
998 2198 1082 2221 eam
1117 2187 1300 2221 habentis.
1352 2188 1401 2221 Et
1431 2187 1516 2221 talis
1551 2193 1650 2221 esta·
1672 2189 1762 2232 when,
1783 2187 1863 2214 asin

281 2244 437 2288 duplex:
478 2256 551 2278 una
580 2256 650 2289 que
685 2244 767 2279 ideo
798 2245 850 2279 sic
884 2256 950 2289 per
983 2245 1158 2279 accidens
1189 2252 1342 2279 vocatur
1369 2245 1523 2279 alicuius
1554 2245 1605 2279 rei
1624 2224 1892 2294 ss{‡g³§a}³{{‘one

222 2310 261 2342 35
281 2301 498 2347 proprietas,
526 2303 612 2347 quia
638 2309 693 2336 est
720 2302 925 2336 dominium
952 2303 988 2336 in
1015 2314 1089 2337 una
1115 2314 1285 2347 persona,
1305 2303 1351 2337 de
1376 2303 1474 2337 facto
1501 2304 1605 2337 dum·
1624 2291 1757 2357 fgrggffg,
1774 2291 1817 2316 ¹¹¹⁵

280 2367 392 2402 taxat,
429 2360 521 2395 sicut
555 2361 733 2404 originale
768 2361 973 2395 dominium
1015 2361 1051 2395 in
1085 2361 1220 2403 Adam,
1258 2373 1341 2395 cum
1376 2362 1475 2395 solus
1514 2368 1605 2405 erat,

279 2424 424 2462 poterat
451 2418 523 2452 dici
549 2419 668 2453 tocius
696 2418 877 2453 inferioris
905 2419 1035 2453 mundi
1065 2419 1281 2463 proprietas,
1308 2430 1384 2452 non
1414 2430 1502 2453 vera
1528 2419 1605 2454 sive

279 2476 514 2521 simpliciter,
542 2488 585 2511 ex
611 2488 694 2521 quo,
720 2478 802 2511 Eva
828 2484 961 2520 creata,
982 2477 1100 2511 eciam
1127 2477 1210 2511 filiis
1237 2478 1284 2511 ab
1311 2477 1362 2511 eis
1389 2477 1604 2521 progenitis,

53 2539 164 2560 mmm·
182 2539 246 2560 om.
280 2534 369 2568 illud
392 2534 593 2569 dominium
613 2535 681 2569 fuit
700 2536 746 2569 de
766 2535 841 2569 iure
861 2542 897 2569 et
916 2536 962 2569 de
980 2536 1077 2569 facto
1099 2547 1306 2569 commune.
1356 2535 1441 2569 Alia
1460 2542 1515 2570 est
1533 2547 1604 2580 que
1622 2543 1647 2569 b.
1667 2552 1697 2570 or
1709 2543 1747 2576 by
1760 2543 1851 2582 yir511e
1865 2544 1897 2569 of

217 2603 261 2635 40
281 2593 487 2637 proprietas
505 2594 713 2637 appellatur
731 2599 766 2627 et
790 2605 864 2627 non
884 2600 939 2628 est
962 2593 1168 2638 proprietas
1195 2593 1263 2627 nisi
1290 2593 1377 2628 facti
1403 2600 1514 2638 atque
1540 2606 1605 2639 per
1623 2578 1673 2637 ἓξὲξ
1686 2584 1845 2638 ἷξδζζξζζξῃ
1863 2578 1896 2603 of

279 2651 475 2694 acciden53
504 2651 627 2694 immo,
647 2651 766 2685 verius
789 2651 996 2696 proprietas
1021 2651 1193 2685 estimata
1212 2652 1298 2696 quia
1316 2658 1466 2696 propter
1488 2652 1606 2696 legem

46 2716 213 2758 prohibiti
279 2709 543 2754 prohibitivam
562 2709 598 2743 in
617 2709 698 2744 aliis
717 2710 778 2743 uni
804 2710 871 2744 soli
895 2716 957 2744 aut
981 2709 1108 2754 paucis
1131 2710 1177 2743 de
1198 2710 1298 2744 facto
1323 2710 1507 2753 convenit,
1535 2722 1607 2755 quo

53 2771 132 2790 nam
150 2768 179 2792 Β·
280 2767 393 2802 modo
417 2767 453 2801 in
479 2767 695 2812 possidente
719 2779 797 2802 rem
820 2767 982 2813 aliquam
1008 2779 1080 2812 qua
1105 2768 1225 2802 eciam
1251 2767 1353 2803 reicit
1372 2780 1482 2802 omne
1502 2768 1608 2803 civile

55 2814 115 2844 qm
133 2811 172 2836 M.
282 2825 498 2868 dominium,
518 2825 602 2870 quia
626 2827 682 2860 lex
705 2826 875 2870 positiva,
895 2837 937 2860 ex
957 2837 1068 2860 causa
1087 2837 1197 2871 quam
1217 2838 1327 2871 supra
1346 2826 1606 2871 expressimus,
