2095 3278
76 173 164 204 CAP.
181 159 240 218 v.]
607 171 673 203 DE
705 170 951 203 PAUPERIE
984 167 1301 202 SALVATORrs.

183 278 274 321 160]
292 274 426 309 sentire
451 271 698 309 eontrarium:
730 274 819 309 dicit
846 274 956 317 enim,
983 272 1098 308 Eccli.
1116 272 1199 307 xvii.
1221 282 1249 315 1,
1270 281 1301 314 2,
1320 271 1423 305 Deus
1448 271 1491 304 de
1516 274 1618 305 terra

289 334 435 367 creavit
457 332 653 376 hominem,
679 336 715 366 et
737 331 937 367 secundum
955 331 1175 376 ymaginem
1200 340 1309 363 suam
1323 329 1422 374 fecit
1444 329 1566 370 illum,
1585 332 1621 362 et

287 391 425 424 iterum
443 392 628 426 convertit
643 391 755 424 illum
773 391 814 424 in
835 390 971 434 ipsum,
990 392 1026 423 et
1040 388 1240 422 secundum
1265 398 1303 421 se
1326 387 1484 421 vestivit
1506 387 1618 420 illum

70 444 172 475 Eccli-
197 445 273 477 xvii·
287 449 456 490 virtute;
480 454 515 482 et
540 448 645 490 infra,
669 448 804 482 Posuit
828 449 995 481 timorem
1021 446 1129 480 illius
1153 447 1266 490 super
1289 456 1433 479 omnem
1458 455 1617 486 carnem,

69 497 101 527 4'
120 497 149 528 5·
254 514 271 544 5
286 509 322 539 et
352 506 567 539 dominatus
598 509 654 539 est
684 505 886 539 bestiarum
918 508 954 538 et
985 503 1229 544 volatilium;
1270 503 1414 536 creavit
1451 513 1498 536 ex
1538 503 1619 546 ipso

285 563 521 597 adiutorium
549 564 673 597 simile
705 563 802 597 sibi:
836 562 899 597 ubi
932 561 1024 596 ordo
1058 561 1248 605 Scripture
1280 560 1465 605 pretendit
1493 560 1618 594 Adam

284 620 517 655 dominatum
542 620 655 655 fuisse
678 620 807 655 bestiis
825 626 860 654 et
879 619 1089 653 volatilibus
1115 625 1316 663 antequam
1335 618 1381 653 de
1408 617 1490 662 ipso
1512 618 1615 652 fieret

67 686 133 707 non
149 687 222 718 urg·
283 678 506 713 adiutorium
524 678 643 713 simile
661 678 741 713 sibi.
793 678 856 713 Set
873 677 958 712 licet
976 677 1025 711 ad
1051 677 1123 711 hoc
1139 687 1216 711 non
1233 682 1363 720 urgeat
1381 676 1472 710 ordo
1492 675 1614 720 Scrip-
1631 687 1659 709 2.

66 729 131 751 ⁰¹¹²*
151 728 181 752 Β·
283 742 374 778 ture,
393 747 476 771 cum
502 736 619 781 possit
645 742 730 781 apte
756 735 911 780 intelligi
938 734 1038 780 prius
1061 735 1210 777 factum,
1230 734 1329 778 quod
1354 733 1538 778 posterius
1559 740 1615 769 est

232 801 272 823 10
284 800 485 836 narratum,
513 794 607 829 sicut
636 794 677 828 fit
708 793 903 838 sepissime
934 793 971 827 in
1003 791 1230 837 Scripturis:
1268 792 1340 826 alia
1369 797 1495 826 tamen
1526 791 1616 826 illud

283 851 372 886 satis
390 852 574 886 affirmant
589 863 596 894 ;
624 852 808 896 quoniam,
820 851 891 886 nisi
908 851 1008 896 prius
1028 850 1193 885 dedisset
1206 849 1289 884 Ade
1308 849 1396 883 illud
1411 849 1616 883 dominium

281 920 393 954 quam
419 909 488 944 sibi
514 916 549 945 et
576 909 678 944 uxori
705 909 958 952 communiter,
978 908 1077 953 quod
1102 914 1221 942 textus
1247 907 1435 952 predictus
1458 907 1614 942 Genesis

280 967 439 1011 preferre
457 968 611 1011 videtur,
627 968 695 1002 iste
710 967 838 1012 pocius
859 967 910 1002 sic
923 966 1086 1009 dixisset,
1100 966 1217 1000 Dedit
1232 966 1285 999 eis
1293 968 1527 1010 potestatem,
1540 977 1614 1000 non

280 1025 382 1059 dedit
403 1026 462 1067 ei,·
486 1037 556 1060 nec
573 1026 804 1059 Dominatus
826 1028 880 1059 est
903 1025 1106 1059 bestiarum
1131 1029 1186 1058 set
1208 1023 1411 1057 Dominati
1435 1027 1526 1057 sunt
1542 1023 1614 1057 bes-

62 1073 224 1115 ΡΞΝῙῖῖ-ὅ,
239 1082 265 1117 7-
279 1084 433 1118 tiorum.
485 1083 553 1118 Cui
591 1083 711 1117 ordini
748 1083 918 1117 Psalmus
952 1082 1164 1124 concordat,
1198 1081 1394 1123 Minuisti,
1431 1080 1612 1125 inquiens,

278 1152 361 1174 eum
378 1141 628 1186 paidominus
644 1141 688 1175 ab
706 1141 876 1187 angelis,-
895 1140 1026 1186 gloria
1051 1144 1087 1174 et
1109 1138 1245 1173 honore
1263 1139 1450 1173 coronasti
1465 1150 1560 1182 eum,
1579 1143 1616 1174 et

277 1199 506 1233 constituisti
537 1209 620 1233 eum
652 1201 766 1244 super
796 1201 907 1243 opera
941 1209 1122 1232 manuum
1164 1201 1320 1231 tuarum
1336 1209 1349 1231 .·
1394 1208 1469 1231 non
1512 1197 1611 1240 dicit,

277 1257 455 1291 minuisti
470 1268 538 1300 eos,
558 1255 612 1291 set
630 1267 725 1299 eum,
748 1262 784 1291 et
809 1256 1038 1291 constituisti
1053 1267 1135 1289 eum
1162 1257 1276 1300 super
1290 1257 1401 1299 opera
1427 1266 1611 1289 manuum

276 1317 444 1350 tuarum.
492 1315 657 1348 Verbum
684 1314 803 1349 eciam
829 1314 1109 1348 constitutionis
1139 1318 1265 1357 aperte
1295 1312 1480 1357 pretendit
1512 1312 1610 1347 iuxta
1624 1324 1652 1355 3.

224 1379 264 1401 20
277 1383 403 1406 veram
429 1372 711 1416 grammaticam
735 1371 999 1416 supradictam,
1018 1371 1117 1416 quod
1144 1370 1253 1405 simul
1279 1381 1361 1404 cum
1387 1371 1611 1405 statuicione

278 1428 333 1474 (ut
360 1430 413 1464 sic
443 1428 597 1474 loquar),
626 1429 702 1464 sive
729 1429 920 1464 creacione
950 1440 1027 1472 sua,
1055 1440 1165 1473 super
1191 1438 1305 1473 opera
1330 1439 1508 1462 manuum
1535 1428 1609 1462 Dei

274 1486 343 1521 fuit
372 1487 567 1532 prefectus.
620 1488 724 1531 Item,
754 1487 912 1522 formato
939 1486 1089 1520 homine
1120 1492 1221 1520 extra
1253 1485 1487 1528 Paradisum,
1514 1486 1606 1520 Gen.
1619 1493 1651 1524 4.

274 1544 309 1579 ii.
332 1552 385 1589 15,
407 1545 449 1580 16
468 1545 611 1588 dicitur,
637 1546 742 1579 Tulit
764 1556 851 1590 ergo
876 1545 1066 1579 Dominus
1082 1544 1186 1577 Deus
1208 1542 1403 1586 hominem,
1423 1547 1459 1577 et
1476 1545 1609 1589 posuit

273 1614 356 1637 eum
374 1604 415 1638 in
433 1604 664 1638 Paradisum
684 1604 901 1648 voluptatis,
914 1607 958 1637 ut
973 1605 1194 1648 operaretur
1204 1605 1241 1636 et
1256 1601 1458 1636 custodiret
1469 1602 1611 1643 illum,-

223 1669 260 1702 25
269 1663 436 1707 precepit
467 1662 502 1695 ei
532 1662 665 1705 dicens,
697 1662 763 1695 Ex
793 1662 897 1695 omni
936 1662 1041 1706 ligno
1078 1661 1264 1694 Paradisi
1299 1660 1465 1694 comede:
1506 1660 1608 1694 unde

272 1718 419 1754 videtur
444 1719 542 1764 quod
568 1718 696 1753 habuit
724 1718 931 1753 dominium
955 1730 1077 1753 rerum
1103 1729 1174 1763 que
1200 1718 1344 1752 fuerant
1369 1717 1405 1751 in
1425 1717 1607 1752 Paradisos

271 1778 420 1822 quando
448 1789 533 1812 eum
563 1777 748 1812 Dominus
774 1788 841 1822 pro
868 1788 906 1812 se
932 1776 1160 1821 prepositum
1188 1775 1355 1810 Paradisi
1385 1775 1601 1819 constituit;

270 1835 429 1879 amplius
446 1834 544 1869 enim
562 1840 617 1869 est
637 1834 780 1879 operari
795 1834 1014 1868 Paradisum
1028 1839 1064 1868 et
1083 1833 1267 1869 custodire
1286 1844 1397 1878 quam
1417 1832 1603 1867 custodire

271 1893 360 1927 dum
389 1899 510 1928 taxat:
547 1892 645 1927 unde
674 1904 748 1927 non
773 1892 887 1927 michi
913 1892 1057 1927 videtur
1082 1891 1183 1926 aliud
1209 1891 1352 1937 operari
1381 1890 1602 1926 Paradisum

217 1965 258 1996 30
272 1962 383 1996 quam
401 1951 522 1995 ipsum
541 1962 623 1986 curn
642 1950 717 1985 suis
736 1950 918 1985 contentis
935 1951 1141 1995 gubernare
1160 1956 1196 1985 et
1213 1962 1340 1994 regere
1356 1963 1365 1993 3
1391 1956 1426 1985 et
1444 1949 1604 1985 nichilo-

269 2009 392 2045 minus
427 2009 612 2044 custodire
646 2008 747 2044 illum
779 2009 897 2044 eciam
931 2008 1091 2043 debebat
1125 2020 1147 2043 a
1179 2008 1320 2052 bestiis,
1352 2020 1434 2053 que,
1468 2008 1499 2043 si
1533 2020 1601 2053 pro

269 2067 458 2111 voluptate
483 2066 664 2112 permisse
689 2067 846 2101 fuissent
871 2066 1010 2101 fructus
1037 2066 1175 2101 ibidem
1193 2077 1399 2111 excerpere,
1418 2067 1464 2101 de
1482 2067 1602 2101 fructu

268 2125 356 2169 ligni
374 2125 449 2160 vite
467 2125 725 2170 sumpsissent,
744 2131 780 2160 et
798 2136 902 2159 rosas
920 2136 964 2159 ac
982 2124 1057 2159 lilia
1074 2130 1110 2159 et
1131 2124 1222 2159 alios
1247 2125 1357 2159 fiores
1375 2125 1471 2159 ultra
1489 2136 1601 2170 quam

269 2182 405 2227 docuit,
441 2183 513 2218 nisi
546 2183 699 2218 forsitan
736 2182 894 2217 fuissent
927 2182 1100 2224 cohibste,
1135 2182 1463 2227 consumpsissent.
1524 2183 1602 2217 Aut

223 2248 254 2277 D
271 2240 379 2285 igitur
395 2241 518 2276 Adam
536 2247 624 2275 tunc
642 2241 782 2284 habuit,
803 2240 820 2260 ‘¹‘
841 2247 1020 2285 tanquam
1038 2240 1179 2275 villicus
1198 2246 1262 2274 aut
1280 2240 1448 2284 ballivus,
1469 2241 1600 2275 servile

268 2298 431 2333 officium
456 2310 566 2344 super
594 2310 651 2334 res
678 2298 817 2333 alienas
844 2310 920 2333 non
947 2309 1055 2342 suas;
1087 2298 1186 2343 quod
1213 2298 1336 2343 quoad
1362 2309 1420 2333 res
1447 2305 1599 2343 propter

266 2356 389 2401 ipsum
406 2363 560 2400 creatas,
580 2357 616 2391 in
634 2363 740 2391 tanta
765 2356 880 2401 gloria
897 2362 932 2391 et
951 2356 1091 2391 honore
1109 2368 1131 2390 a
1149 2367 1294 2390 summo
1315 2357 1420 2390 Bono
1439 2363 1596 2398 creatus,

50 2417 100 2449 Ps.
115 2417 181 2448 viii.
200 2419 228 2449 8.
268 2413 336 2448 sibi
370 2415 578 2450 nullatenus
614 2414 856 2459 congruisset,
884 2426 953 2449 nec
980 2414 1042 2449 illa
1069 2414 1183 2449 verba
1213 2414 1424 2459 sequencia,
1458 2416 1597 2450 Omnia

265 2472 453 2506 subiecisti
477 2473 543 2506 sub
563 2472 721 2517 pedibus
749 2474 838 2517 eius,
870 2484 1020 2507 sensum
1051 2472 1152 2506 illum
1186 2472 1256 2507 nisi
1288 2472 1455 2517 improbe
1486 2474 1594 2509 susti—

211 2541 254 2572 40
267 2536 417 2565 nerent:
445 2537 507 2565 aut
532 2531 676 2565 illarum
701 2542 821 2565 rerum
848 2530 1052 2566 dominium
1070 2542 1092 2565 a
1110 2532 1196 2565 Deo
1220 2537 1304 2565 ante
1322 2538 1526 2576 acceperat,
1545 2533 1593 2567 ad
1608 2540 1637 2573 5.

266 2588 365 2633 quod
389 2588 475 2622 facit
501 2588 601 2633 quod
627 2589 673 2623 de
702 2589 810 2633 lignis
838 2589 1003 2624 Paradisi
1033 2589 1226 2624 comedere
1256 2589 1377 2624 iussus
1407 2596 1496 2633 erat,
1524 2602 1593 2625 nec

265 2646 391 2680 debuit
418 2646 464 2681 de
490 2645 561 2681 illis
581 2647 776 2681 comedere
799 2653 884 2681 ante
902 2653 1095 2692 acceptum
1113 2646 1330 2690 dominium,
1349 2659 1432 2682 cum
1451 2648 1594 2683 dicatur

49 2704 130 2737 Gen.
148 2706 170 2737 i.
192 2715 239 2747 29.
265 2702 300 2736 in
331 2703 450 2747 primo
478 2703 650 2748 capitulo,
677 2705 770 2738 Ecce
795 2704 881 2738 dedi
905 2705 1008 2739 vobis
1032 2716 1175 2739 omnem
1201 2705 1351 2739 herbam
1380 2705 1592 2750 afferentem

263 2772 383 2795 semen
401 2764 515 2806 super
530 2765 681 2806 terram,
699 2766 735 2796 et
753 2763 932 2797 universa
949 2763 1056 2808 ligna
1073 2774 1143 2807 que
1167 2763 1302 2798 habent
1319 2764 1361 2797 in
1385 2765 1591 2809 semetipsis

1817 168 1896 210 341
