2008 3305
217 217 305 245 CAP.
329 201 417 260 xv.]
685 210 834 243 MBER
865 208 1062 242 PRIMUS.

101 335 201 378 45A]
215 328 466 380 personaliter
491 326 653 365 concedi
682 326 795 363 debet
824 325 930 375 quod
958 323 1178 370 fornicacio,
1200 323 1420 372 periurium,
1440 321 1540 359 blas-

213 399 378 450 phemia,
411 405 494 444 etc„
532 398 574 435 fit
611 410 634 435 a
675 397 784 443 Deo;
829 402 866 433 et
911 396 963 432 illi
1007 395 1146 445 quibus
1189 394 1291 431 idem
1339 399 1394 430 est
1437 391 1542 442 quod

214 469 324 507 Deus
358 468 447 506 facit
480 467 761 516 blasphemiam
792 472 829 503 et
862 472 986 503 cetera
1019 465 1159 502 debent
1192 463 1404 501 concedere
1438 461 1543 512 quod

214 539 323 577 Deus
353 538 443 576 facit
470 538 779 582 fornicacionem,
813 536 1102 585 blasphemiam,
1133 541 1170 573 et
1203 534 1424 572 huiusmodi
1457 545 1543 582 pre-

187 610 353 655 5dicata,
374 609 459 646 licet
486 608 680 646 neminem
709 607 822 644 faciat
847 606 1025 644 fornicari
1039 619 1048 652 3
1078 612 1116 644 et
1136 606 1189 644 sic
1212 605 1259 643 de
1279 605 1427 643 ceteris.
1485 603 1544 641 Illi

215 687 345 718 autem
365 679 430 729 qui
450 679 672 728 concipiunt
693 678 803 727 signa
823 677 1045 727 simpliciter
1068 688 1140 726 pro
1161 682 1249 713 actu
1269 675 1489 713 huiusmodi
1508 681 1546 712 et

215 750 376 796 defectu,
391 750 534 787 habent
550 748 762 787 concedere
778 747 883 798 quod
896 760 967 785 nec
983 747 1193 785 fornicacio
1209 759 1280 784 nec
1292 745 1544 796 blasphemia,

215 827 295 867 etc.,
331 820 372 858 fit
406 832 428 857 a
461 819 557 865 Deo,
589 831 660 857 nec
692 818 800 856 Deus
837 818 924 856 facit
957 818 1262 867 blasphemiam;
1297 829 1369 855 nec
1404 822 1462 854 est
1490 816 1547 852 vis

216 892 257 929 in
276 892 348 929 ista
367 891 503 940 logica,
525 902 597 928 nec
617 895 674 927 est
695 889 844 927 difficile
866 889 1098 938 distinguere
1119 895 1246 926 actum
1267 887 1489 925 huiusmodi
1511 893 1548 924 et

167 977 206 999 10
219 963 421 1008 defectum,
453 962 602 1000 dicente
645 960 877 1010 Augustino,
920 961 1045 1010 primo
1090 960 1445 1005 Retractaeionum,
1475 971 1548 1004 xv„

218 1034 325 1084 quod
353 1033 472 1071 horno
496 1039 578 1070 tum
605 1045 685 1070 non
713 1032 863 1070 fecisset
892 1038 1095 1082 peccatum
1126 1032 1156 1069 si
1176 1031 1370 1069 voluisset.
1427 1030 1548 1076 Patet,

217 1105 352 1153 inquit,
372 1104 469 1153 quod
488 1116 559 1140 non
585 1107 638 1140 est
652 1108 794 1140 coactus
805 1104 944 1153 facere
955 1116 975 1146 ,·
1005 1104 1093 1152 quia
1121 1115 1207 1151 ergo
1236 1103 1354 1139 voluit
1370 1102 1547 1150 peccavit,

218 1177 331 1212 eciam
363 1176 403 1212 εἰ
430 1187 502 1211 non
518 1175 621 1224 ficit
650 1178 769 1211 actum
802 1175 1049 1212 extrinsecum
1082 1175 1172 1222 quia
1202 1173 1325 1219 voluit,
1349 1173 1522 1221 peccavit
1530 1185 1549 1215 ‚-

220 1248 341 1294 itaque
360 1258 422 1282 nec
441 1246 510 1282 tale
532 1249 717 1294 peccatum
747 1246 824 1282 sine
844 1246 1026 1282 voluntate
1044 1257 1116 1281 esse
1136 1245 1270 1293 potuit,
1291 1244 1355 1281 sed
1370 1244 1552 1280 voluntate

170 1316 325 1366 15fac2‘z'²
347 1328 419 1353 non
440 1316 624 1353 voluntate
642 1317 792 1364 peccati,
823 1316 922 1365 quod
945 1320 1063 1353 lamen
1075 1316 1232 1365 factum
1253 1315 1551 1364 peccalumfuz'l.

221 1387 336 1432 Ecce,
357 1386 435 1424 vult
455 1385 561 1436 quod
580 1385 676 1423 velle
697 1386 743 1423 sit
762 1398 936 1435 peccare,
958 1386 1047 1424 licet
1067 1398 1168 1435 opus
1191 1386 1448 1424 extrinsecum
1472 1397 1552 1422 non

222 1464 412 1506 sequatur.
459 1457 511 1494 Et
534 1463 638 1506 patet
658 1457 763 1506 quod
780 1456 976 1506 distinguit
996 1457 1094 1495 inter
1109 1457 1345 1495 voluntatem
1360 1463 1397 1494 et
1416 1467 1554 1505 pecca-

222 1534 305 1565 tum
326 1528 470 1565 dictum
491 1526 710 1574 formaliter,
734 1539 807 1577 que
828 1528 1047 1577 simpliciter
1068 1534 1126 1565 est
1146 1527 1325 1565 defectus.
1361 1526 1553 1564 Voluntas

224 1599 339 1644 enim,
362 1604 403 1635 ut
424 1598 476 1635 ibi
496 1597 640 1642 diffinit,
662 1603 720 1634 est
746 1604 877 1635 motus
898 1598 1016 1635 animi
1038 1599 1119 1636 sine
1141 1598 1328 1647 cogencia
1347 1598 1396 1635 ad
1417 1597 1555 1634 admit-

172 1684 213 1706 20
225 1668 384 1706 tendum
417 1668 477 1704 vel
509 1667 802 1717 adipiscendum
839 1681 921 1706 rem
951 1668 1122 1706 volitam.
1178 1668 1228 1706 Et
1263 1674 1367 1717 patet
1400 1668 1556 1705 ulterius

224 1738 331 1788 quod
359 1738 463 1775 nulla
492 1750 585 1787 pure
615 1745 788 1776 creatura
816 1745 944 1788 potest
972 1739 1134 1776 univoce
1165 1751 1255 1776 cum
1285 1738 1372 1777 Deo
1402 1750 1558 1776 movere

225 1809 284 1847 vel
317 1808 514 1847 coefficere
544 1809 661 1846 talem
696 1812 839 1846 actum.
898 1809 994 1847 Ideo
1025 1816 1182 1859 propter
1215 1809 1559 1859 equivocacionem

179 1891 211 1920 B
228 1879 387 1929 agencie
412 1885 468 1915 est
495 1878 614 1917 homo
639 1879 697 1916 vel
727 1878 909 1928 ange*lus
939 1880 1208 1929 increpandus,
1232 1880 1389 1929 quando
1418 1892 1441 1917 a
1469 1892 1557 1929 pro-

227 1950 355 1999 posito
376 1949 464 1986 facit
485 1955 614 1986 actum
635 1949 778 1986 malum
799 1950 992 1988 moraliter
1012 1950 1050 1986 in
1072 1962 1111 1988 se
1132 1951 1217 2000 ipso
1237 1950 1297 1988 vel
1317 1956 1444 1988 movet
1464 1951 1559 1988 alios

176 2034 213 2066 ²5
228 2027 269 2057 ut
300 2019 397 2057 male
430 2019 580 2066 faciant,
614 2020 704 2069 quia
737 2032 816 2057 non
850 2026 1055 2069 potuerunt
1087 2021 1140 2058 sic
1174 2033 1328 2059 movere
1359 2021 1430 2058 nisi
1460 2022 1559 2059 subi-

229 2096 359 2128 cerent
380 2102 419 2127 se
440 2089 659 2127 inordinato
681 2090 779 2127 actui
800 2090 847 2127 de
867 2103 1009 2140 genere
1036 2091 1198 2128 actionis
1219 2098 1256 2128 et
1286 2092 1340 2129 sic
1359 2091 1475 2129 velint
1502 2093 1560 2129 in-

230 2161 366 2199 debite.
422 2160 529 2197 Deus
559 2166 688 2197 autem
718 2161 809 2198 nulli
839 2160 1027 2198 accidenti
1056 2174 1125 2211 per
1145 2174 1187 2200 se
1214 2162 1253 2199 in
1273 2175 1413 2212 genere
1434 2169 1561 2212 potest

230 2232 350 2269 subici
370 2243 441 2269 nec
462 2231 557 2268 velle
577 2231 786 2280 quicquam
807 2232 985 2270 indebite.

285 2302 380 2339 Ideo
409 2306 561 2350 oportet
590 2300 817 2351 theologum
846 2314 1010 2352 purgare
1039 2303 1176 2340 mentis
1205 2303 1340 2342 oculos
1369 2309 1406 2341 et
1435 2303 1561 2341 videre

179 2385 220 2417 30
233 2372 410 2421 illapsum
430 2371 503 2408 Dei
530 2377 568 2408 et
596 2372 819 2409 mocionem
848 2373 1075 2422 equivocam
1100 2373 1181 2410 sine
1208 2380 1296 2411 actu
1321 2374 1459 2420 elicito,
1482 2386 1562 2411 non

232 2450 274 2481 ut
295 2448 441 2493 peccet,
463 2441 530 2480 sed
549 2448 591 2479 ut
611 2448 788 2480 naturam
808 2442 866 2480 vel
893 2443 1153 2480 substanciam
1176 2450 1282 2482 actus
1309 2444 1444 2491 eliciat,
1466 2451 1562 2482 tam-

340 2563 362 2586 3.
378 2555 387 2583 ΙΙ
400 2553 608 2586 blasphemiam
622 2553 644 2578 B
658 2552 675 2579 f.
692 2562 740 2586 232
754 2561 777 2579 c.
857 2561 896 2584 15.
916 2555 1015 2579 tamen
1028 2553 1054 2579 A
1063 2553 1085 2580 C
1099 2562 1162 2579 cum
1175 2554 1249 2587 Aug.
1266 2561 1272 2581 :
1292 2557 1411 2581 tantum
1425 2555 1457 2582 B.

283 2648 330 2669 10.
357 2638 498 2679 August.
514 2638 657 2669 Retract.
675 2637 695 2669 i.
718 2644 754 2676 15
775 2639 790 2675 ξ
810 2646 847 2676 3:
872 2636 971 2677 Quod
993 2637 1082 2668 enim
1104 2637 1129 2668 si
1154 2638 1313 2670 noluisset
1336 2648 1401 2670 non
1425 2639 1564 2676 fecisset,

236 2701 301 2722 non
322 2695 455 2721 coactus
474 2695 521 2721 est
541 2690 655 2721 facere.
703 2689 789 2730 Quia
808 2689 914 2720 voluit
936 2699 1016 2729 ergo
1032 2689 1119 2725 fecit,
1136 2690 1265 2721 etiamsi
1278 2701 1346 2722 non
1363 2691 1443 2732 quia
1458 2691 1564 2723 voluit

237 2742 396 2783 peccavit,
409 2742 556 2773 nesciens
572 2745 744 2783 peccatum
761 2750 829 2772 esse
846 2740 935 2782 quod
951 2740 1027 2772 fecit
1041 2752 1046 2772 :
1072 2741 1119 2772 ita
1135 2741 1272 2774 nectale
1284 2747 1466 2784 peccatum,
1481 2745 1540 2776 &e.
1554 2755 1561 2775 :

240 2794 327 2834 Opp.
350 2802 376 2825 1.
396 2803 435 2835 24
448 2801 478 2825 F.

1736 199 1818 248 ¹35
