2095 3278
237 205 321 260 336
922 216 1127 248 RICARDI
1159 216 1460 249 ARMACHANI
1894 204 1995 263 [Lm.
2013 219 2060 248 11.

514 322 642 351 contra
670 315 736 350 tibi
767 316 936 351 occurrit.
989 318 1047 352 Ne
1076 324 1200 352 tamen
1231 317 1267 351 in
1298 317 1436 352 incerto
1465 316 1621 361 vageris,
1651 328 1749 359 ecce,
1775 316 1843 350 sub
1860 322 1953 364 [15B

514 375 626 408 verbo
645 375 776 408 utendi
790 381 825 409 et
843 376 957 409 verbo
981 376 1174 409 tractandi
1191 375 1274 420 (que
1293 376 1366 409 duo
1393 386 1459 419 pro
1477 375 1610 409 eodem
1629 374 1665 408 in
1684 373 1844 419 presenti

514 431 650 476 habeo)
672 444 793 466 rerum
820 433 1161 477 consumpcionem,
1181 434 1327 477 qualem
1352 433 1464 467 efficit
1491 439 1670 475 creatura,
1690 432 1841 466 donaci-

513 500 637 532 onem,
667 489 936 533 vendicionem,
967 490 1296 534 permutacionem,
1324 490 1564 532 locacionem,
1593 489 1843 524 commodaci-

513 558 634 591 onem,
661 548 951 592 deposicionem,
969 548 1286 593 pignoracionem,
1313 548 1523 591 luicionem,
1549 548 1841 591 revocacionem,
1858 563 1875 595 5

513 606 779 648 defensionem,
810 606 1171 650 multiplicacionem,
1200 606 1492 649 conversionem,
1518 613 1554 641 et
1584 617 1843 651 quamcunque

513 675 641 699 earum
658 664 797 699 licitam
815 663 1084 708 sumpcionem,
1104 664 1278 707 intelligo.

234 721 458 787 ἒῶξγῖῒξῗῑὲἓῑὲἒ-
565 722 654 756 ΙΟΗ.
684 721 756 756 Dic
773 721 885 756 michi
911 721 1029 766 primo
1051 732 1115 755 cur
1133 722 1287 756 verbum
1305 722 1509 755 racz‘onalz's
1525 725 1694 756 creature
1717 721 1755 756 in
1773 722 1844 757 ista

233 788 321 815 tional
335 795 469 815 creature.
515 779 769 824 descripcione
788 778 980 824 permittis.

471 842 499 867 1·
562 839 650 872 RIC.
676 836 773 881 Quia
795 836 1001 870 dominium
1025 836 1091 870 soli
1108 835 1285 870 racionali
1310 843 1475 871 creature
1497 836 1697 881 competit3
1725 837 1843 871 domi·
1860 853 1900 875 10

512 896 620 929 nium
651 894 750 929 enim
779 906 802 928 a
828 894 933 928 domo
963 893 1108 936 dicitur,
1134 900 1170 928 et
1196 905 1217 928 a
1243 895 1349 928 domo
1376 895 1549 928 dominus
1575 895 1771 938 derivatur,
1798 906 1843 929 eo

513 953 613 998 quod
639 952 752 997 presit
779 951 904 986 domui
931 958 968 986 et
994 952 1146 986 domum
1171 953 1349 995 gubernet
1377 964 1441 986 seu
1467 959 1570 995 regat
1592 952 1644 996 (ut
1670 953 1705 986 in
1724 953 1843 996 primo

512 1011 621 1045 huius
636 1010 708 1044 dixi
728 1009 910 1054 superius)
930 1021 938 1043 ε
958 1016 994 1044 et
1013 1010 1060 1044 ob
1079 1010 1149 1044 hoc
1169 1010 1218 1043 illi
1237 1016 1366 1044 nature
1385 1021 1459 1044 non
1474 1010 1660 1054 competit,
1676 1011 1733 1044 cui
1752 1010 1843 1054 regi-

471 1078 499 1100 2.
514 1081 600 1104 men
619 1068 696 1104 sive
713 1068 936 1113 gubernacio
948 1069 1005 1102 vel
1022 1068 1255 1112 presidencia
1273 1068 1471 1103 convenire
1488 1079 1562 1102 non
1581 1075 1713 1112 potest.
1746 1070 1841 1103 Item

514 1133 618 1161 actus
649 1125 802 1161 dominii
836 1126 897 1169 (de
925 1125 1058 1170 quibus
1093 1125 1187 1159 infra
1220 1125 1490 1169 tractabimus),
1519 1126 1656 1160 scilicet
1691 1127 1842 1169 donare,
1860 1137 1898 1169 15

514 1185 686 1227 vendere,
704 1185 838 1226 locare,
855 1190 889 1217 et
907 1183 968 1217 alii
987 1195 1097 1228 quam
1115 1184 1237 1228 plures
1256 1183 1575 1218 irracionabilibus
1593 1195 1667 1218 non
1687 1191 1843 1229 possunt

515 1249 734 1287 competere,
753 1241 837 1275 licet
863 1252 984 1275 rerum
1011 1240 1253 1285 consumpcio
1279 1241 1447 1286 aliqualis
1474 1253 1541 1285 pro
1568 1241 1843 1277 sustentacione

515 1312 580 1335 sue
598 1306 728 1334 nature
745 1299 816 1333 illis
840 1298 1045 1341 conveniat,
1065 1304 1100 1333 et
1119 1299 1166 1333 ob
1185 1299 1255 1333 hoc
1280 1298 1503 1343 principium
1521 1299 1665 1333 illorum
1683 1305 1844 1342 actuum,

516 1358 668 1400 scilicet,
686 1356 904 1399 dominium,
922 1363 976 1391 est
996 1356 1043 1390 ab
1070 1356 1348 1391 irracionalibus
1366 1356 1512 1401 penitus
1531 1357 1715 1391 alienum:
1745 1358 1845 1402 quod

516 1417 708 1461 Scriptura
733 1421 903 1459 patenter
924 1414 1031 1449 nobis
1058 1414 1219 1448 insinuat
1237 1414 1274 1448 in
1293 1414 1416 1449 verbis
1442 1415 1592 1459 prefatis
1618 1415 1664 1449 de
1688 1415 1844 1458 Genese,
1861 1426 1901 1448 20

513 1475 618 1517 Ecce,
637 1474 725 1507 dedi
738 1474 841 1506 vobis
858 1484 1001 1506 omnem
1019 1472 1169 1506 herbam
1187 1473 1401 1517 afferentem
1426 1484 1546 1506 semen
1564 1475 1676 1516 super
1691 1476 1843 1516 terram,
1859 1479 1940 1511 Gen,
1956 1480 1978 1511 i,
1999 1489 2050 1521 29,

514 1536 550 1566 et
572 1532 752 1565 universa
776 1531 883 1575 ligna
909 1541 980 1574 que
1003 1529 1138 1564 liabent
1161 1535 1202 1564 in
1227 1534 1339 1563 semet
1363 1531 1457 1575 ipsis
1481 1534 1674 1564 sementem
1694 1532 1845 1575 generis
1858 1532 1909 1563 30-

513 1591 586 1633 sui,
612 1593 656 1623 ut
679 1590 757 1622 sint
780 1589 883 1622 vobis
907 1589 948 1622 in
973 1599 1102 1631 escam,
1127 1592 1163 1622 et
1186 1589 1327 1622 cunctis
1352 1588 1609 1621 animantibus
1634 1592 1756 1630 leffe,-
1780 1588 1843 1622 ubi

515 1647 673 1682 ostendit
692 1646 895 1681 dominium
920 1657 1043 1680 rerum
1066 1646 1358 1680 necessariarum
1383 1645 1636 1680 animantibus
1654 1657 1729 1680 non
1754 1646 1845 1691 ipsis

515 1711 572 1739 set
599 1704 813 1739 hominibus
843 1716 909 1748 pro
940 1703 1103 1748 ipsorum
1130 1703 1353 1737 necessitate
1373 1702 1396 1724 ’ᾖ
1419 1703 1606 1746 collatum,
1632 1704 1735 1747 Ecce,
1760 1705 1887 1740 dedic

515 1763 629 1806 vobis,
647 1769 727 1805 etc„
746 1766 790 1796 ut
808 1763 886 1796 sint
902 1762 1005 1795 vobis
1027 1763 1068 1795 in
1091 1773 1208 1795 escam
1232 1765 1268 1795 et
1292 1762 1434 1796 cunctis
1459 1761 1716 1794 animanlibus
1737 1764 1845 1796 terre.

473 1829 503 1859 3-
520 1823 605 1856 Hoc
623 1821 721 1856 idern
740 1832 784 1855 ex
801 1820 921 1865 prima
940 1820 1078 1854 ibidem
1098 1819 1279 1863 scriptura
1296 1819 1440 1863 planius
1460 1819 1656 1853 innotescit
1674 1831 1680 1853 :
1708 1821 1842 1855 Facia-
1858 1832 1921 1854 ver.
1942 1828 1992 1863 27.

518 1890 612 1921 mus,
630 1878 759 1923 inquit,
777 1878 962 1912 hominem
988 1878 1041 1911 ad
1048 1879 1267 1922 ymaginem
1292 1881 1328 1910 et
1351 1877 1638 1910 similitudinem
1665 1882 1843 1921 nostram,

518 1941 563 1970 ut
573 1938 697 1981 presit
711 1937 877 1982 piscibus
902 1937 1030 1979 maris,
1054 1942 1148 1970 etc.:
1177 1935 1239 1969 ubi
1265 1935 1362 1969 actui
1389 1934 1618 1979 presidencie
1640 1946 1763 1969 rerum
1783 1935 1844 1970 hic
1859 1947 1900 1978 30

518 1994 666 2029 inferius
695 2001 903 2029 creatarum
928 1994 1044 2028 virtus
1070 1992 1247 2027 directiva
1271 1992 1517 2037 premittitur;
1545 1993 1598 2026 ad
1611 1994 1843 2038 ymaginem,

516 2052 644 2097 inquit,
670 2058 707 2087 et
729 2054 1028 2096 similitudinem,
1054 2058 1123 2087 etc.
1175 2053 1260 2086 Hoc
1284 2051 1403 2086 eciam
1432 2063 1476 2086 ex
1506 2051 1757 2095 questionibus
1788 2063 1842 2087 se-

515 2111 711 2155 quentibus
729 2110 936 2146 innotescit.

431 2227 503 2262 III.
566 2226 798 2260 IOHANNES.
827 2224 979 2259 Interim
999 2223 1077 2258 istis
1095 2230 1297 2259 contentor.
1349 2222 1421 2258 Dic
1439 2234 1503 2258 cur
1519 2224 1671 2258 verbum
1689 2224 1845 2258 mortale

238 2291 263 2321 ¹³.-
281 2284 313 2342 1ξῖ
327 2282 379 2322 ἢῆ
391 2284 492 2309 mortal
516 2290 572 2318 est
591 2283 751 2328 positum
771 2283 807 2317 in
828 2282 1078 2327 descripcione
1097 2282 1287 2326 premissa.
1859 2290 1897 2322 35

236 2323 493 2410 Egbjtflxsgtclfoeman
566 2342 796 2375 RICARDUS.
824 2342 878 2375 Ut
905 2346 1048 2374 constet
1067 2340 1166 2384 quod
1190 2351 1258 2374 nec
1282 2339 1421 2383 angelis
1442 2338 1550 2373 bonis
1577 2350 1645 2373 nec
1663 2339 1768 2373 malis
1787 2346 1843 2374 est

238 2390 328 2410 morta
341 2404 347 2409 .

474 2411 500 2432 1.
515 2411 537 2434 a
556 2400 639 2434 Deo
658 2398 766 2433 huius
784 2398 911 2433 mundi
931 2398 1059 2432 datum
1077 2397 1283 2431 dominium
1303 2410 1311 2439 ;
1338 2397 1511 2441 quoniam
1530 2403 1606 2430 tam
1625 2397 1714 2431 boni
1733 2408 1844 2441 quam

516 2457 602 2491 mali
629 2457 750 2501 angeli
777 2456 927 2500 spiritus
954 2462 1037 2490 sunt
1065 2467 1139 2490 non
1164 2456 1344 2490 habentes
1370 2466 1524 2499 corpora
1549 2454 1765 2489 naturaliter
1790 2456 1844 2490 eis

518 2516 643 2550 unita:
669 2515 761 2550 alias
787 2514 886 2549 enim
910 2515 981 2548 hoc
999 2525 1135 2548 nomen
1159 2514 1316 2559 angelus
1332 2524 1407 2547 non
1434 2519 1531 2547 esset
1551 2523 1686 2547 nomen
1711 2524 1844 2558 suppo-

518 2573 577 2607 siti
606 2580 660 2607 set
684 2572 798 2617 partis
821 2572 1078 2607 constituentis
1103 2571 1401 2616 supposicionem
1421 2570 1498 2605 sive
1520 2582 1729 2615 personam,
1749 2570 1844 2604 sicut
1857 2583 1899 2614 40

517 2631 642 2664 anima
660 2629 856 2664 racionalis
873 2636 929 2664 est
946 2641 1031 2674 pars
1045 2629 1081 2663 in
1096 2630 1260 2663 humano
1279 2628 1493 2673 supposito:
1520 2634 1556 2662 et
1569 2629 1616 2662 ob
1635 2629 1705 2662 hoc
1723 2628 1842 2671 angeli

517 2688 762 2732 corporalium
775 2694 1024 2722 creaturarum
1038 2687 1217 2731 obsequio
1226 2687 1301 2721 sive
1315 2686 1479 2721 dominio
1491 2686 1613 2730 quoad
1625 2686 1843 2720 sustentaci-

517 2756 626 2779 onem
639 2756 703 2779 sue
718 2751 845 2779 nature
858 2756 927 2779 nec
939 2744 975 2778 in
988 2744 1146 2788 presenti
1159 2751 1356 2788 egent,nec
1370 2744 1405 2778 in
1418 2756 1483 2778 sua
1498 2743 1636 2787 origine
1650 2749 1843 2787 eguerunt;

518 2804 630 2837 homo
654 2814 742 2837 vero
767 2802 818 2837 sic
844 2809 920 2837 erat
945 2808 1100 2846 creatus,
1120 2803 1217 2847 quod
1236 2813 1302 2847 pro
1329 2801 1601 2837 sustentacione
1628 2813 1692 2836 sue
1716 2812 1842 2845 corpo-
