2095 3278
229 220 315 262 334
917 222 1121 255 RICARDI
1154 223 1456 255 ARMACHANI
1899 213 2001 273 [Lm.
2012 229 2060 257 11.

444 329 495 360 32.
555 322 773 354 Tricesimum
796 324 973 356 secundum
999 325 1182 367 capitulum
1207 326 1309 358 obicit
1332 331 1446 358 contra
1468 325 1679 367 equalitatem
1704 327 1843 359 dominii
1860 326 1955 368 [1413

509 374 679 414 originalis
704 375 738 405 in
770 376 934 414 omnibus,
963 381 995 407 et
1026 377 1166 408 ostendit
1193 387 1261 409 esse
1289 378 1461 418 probabile
1487 378 1576 419 quod
1601 388 1666 409 non
1694 380 1842 410 obstante
1854 378 1934 409 obsto
1950 386 2002 409 M:

507 425 624 456 maiori
642 436 700 457 usu
716 437 824 457 rerum
847 427 880 458 in
900 438 966 458 uno
989 439 1087 469 quam
1111 429 1144 459 in
1165 429 1234 460 alio
1257 429 1415 470 originale
1430 429 1612 461 dominium
1636 429 1669 460 in
1691 430 1842 462 omnibus
1853 421 1956 452 Obstat
1973 428 2005 452 B.

507 481 555 507 est
573 477 708 518 equale:
734 482 766 508 et
782 478 829 510 sic
845 478 916 509 finit
932 479 1053 510 librum
1070 480 1257 511 secundum.

465 562 494 596 Ι.
556 562 785 597 RICARDUS.
814 564 1027 598 Secundum
1046 564 1253 599 dominium
1278 564 1364 599 huic
1390 564 1516 600 divino
1539 564 1704 600 dominio
1722 566 1840 610 proxi-

227 627 269 654 Of
276 627 362 665 max-ss
375 627 494 661 original
508 630 621 662 mum,
638 620 684 654 de
698 631 770 664 quo
783 621 890 655 nobis
903 629 958 656 est
970 633 1102 665 sermo,
1117 622 1264 658 videtur
1277 623 1390 657 michi
1405 623 1609 657 humanum
1625 623 1840 667 dominium,

226 662 360 694 lord³h¹p’
508 677 555 711 de
572 688 645 722 quo
664 678 835 713 scribitur
853 680 945 714 Gen.
965 680 986 714 i.
1006 689 1025 713 2
1031 688 1123 724 5-30
1140 680 1210 715 isto
1228 681 1363 716 modo:
1401 681 1502 715 Vidit
1517 682 1621 715 Deus
1637 681 1740 725 quod
1751 685 1845 716 esset

506 735 652 770 bonum.
701 737 757 770 Et
770 737 836 778 ait,
854 738 1060 771 Faciamus
1081 739 1267 773 bominem
1290 739 1345 773 ad
1354 739 1575 783 ymaginem
1601 743 1637 772 et
1659 739 1840 773 similitu-

505 793 630 826 dinem
655 797 850 835 nostram;
876 798 913 829 et
929 796 1055 839 presit
1070 797 1237 840 piscibus
1262 797 1382 830 maris
1403 801 1439 830 et
1462 796 1683 830 volatilibus
1707 797 1783 840 celi,
1806 801 1871 832 et5

505 849 628 884 bestiis
641 851 816 885 universe
827 856 933 894 terre,
949 854 1122 897 omnique
1134 854 1265 898 reptili
1273 854 1374 897 quod
1383 858 1556 888 movetur
1563 856 1677 898 super
1687 858 1839 889 terram.

504 907 543 940 E
544 911 561 940 t
577 909 720 942 creavit
735 909 840 943 Deus
855 909 1039 944 hominem
1057 911 1111 945 ad
1114 912 1334 956 ymaginem
1351 915 1388 945 et
1401 911 1689 945 similitudinem
1706 923 1814 945 suam
1827 924 1841 946 .-

505 964 559 998 ad
562 967 783 1010 ymaginem
800 968 876 1000 Dei
890 969 1034 1002 creavit
1050 969 1162 1002 illum
1171 981 1191 1010 ‚·
1219 969 1427 1003 masculum
1444 973 1481 1003 et
1489 969 1679 1014 feminam
1697 970 1843 1003 creavit

504 1022 601 1057 illos.
652 1024 924 1069 Benedixitque
933 1026 1038 1059 Deus
1054 1026 1144 1068 illis,
1156 1031 1191 1060 et
1207 1028 1273 1068 ait,
1292 1027 1448 1060 Crescite
1464 1031 1500 1060 et
1516 1026 1839 1071 multiplicamini,

505 1084 541 1113 et
557 1080 692 1124 replete
708 1085 848 1116 terram
872 1086 907 1116 et
922 1083 1075 1117 subicite
1090 1095 1171 1117 eam
1192 1084 1269 1125 (aut
1293 1084 1395 1127 alias,
1413 1088 1449 1118 et
1464 1084 1718 1118 dominamini
1732 1084 1837 1128 eius),
1855 1095 1894 1117 10

505 1141 541 1171 et
551 1138 805 1173 dominamini
826 1140 994 1184 piscibus
1023 1143 1142 1175 maris
1170 1146 1206 1176 et
1231 1142 1450 1176 volatilibus
1478 1142 1555 1184 celi,
1584 1145 1620 1175 et
1651 1141 1838 1176 universis
1849 1144 1880 1171 et
1893 1140 1977 1172 dom·

505 1196 763 1230 animantibus
779 1208 849 1241 que
865 1203 1067 1233 moventur
1081 1202 1194 1244 super
1209 1204 1361 1234 terram.
1409 1200 1596 1243 Dixitque
1611 1200 1726 1242 Deus,
1745 1201 1840 1235 Ecce
1851 1194 1917 1215 om·
1935 1191 1965 1215 B·

504 1252 591 1286 dedi
617 1254 720 1287 vobis
746 1266 889 1288 omnem
917 1255 1066 1290 herbam
1096 1257 1309 1301 afferentem
1335 1267 1456 1290 semen
1482 1259 1597 1301 super
1622 1261 1775 1300 terram,
1805 1262 1842 1291 et

505 1311 685 1345 universa
703 1311 810 1356 ligna
834 1324 903 1356 que
923 1313 1059 1348 babent
1079 1315 1120 1348 in
1138 1315 1343 1358 semetipsis
1359 1318 1555 1348 sementem
1566 1315 1717 1359 generis
1736 1314 1753 1333 '¹‘
1767 1316 1838 1358 sui,
1853 1320 1933 1349 15A

504 1372 549 1402 ut
570 1370 649 1403 sint
672 1370 775 1404 vobis
797 1372 838 1404 in
863 1382 1009 1413 escam;
1035 1375 1071 1406 et
1094 1373 1236 1406 cunctis
1257 1372 1515 1406 animantibus
1536 1376 1643 1416 terre,
1668 1374 1840 1417 omnique
1856 1381 1893 1413 15

504 1427 656 1461 volucri
678 1428 756 1471 celi,
784 1433 820 1462 et
848 1429 1038 1463 universis
1060 1441 1130 1474 que
1153 1433 1355 1464 moventur
1374 1431 1416 1464 in
1443 1434 1546 1464 terra
1569 1432 1609 1465 in
1633 1431 1767 1475 quibus
1788 1435 1843 1465 est

504 1486 635 1519 anima
653 1487 796 1529 vivens,
815 1491 859 1521 ut
879 1487 1040 1521 babeant
1060 1489 1114 1522 ad
1134 1489 1363 1522 vescendum.
1416 1489 1459 1522 In
1477 1499 1550 1533 quo
1568 1487 1667 1523 dicto
1685 1495 1839 1533 apparet

505 1543 719 1578 hominibus
753 1545 880 1589 primis
912 1545 1040 1580 datum
1067 1557 1149 1580 esse
1177 1545 1385 1580 dominium
1415 1545 1580 1580 omnium
1610 1552 1840 1581 terrenorum

505 1601 729 1636 huiusmodi.
782 1603 866 1636 Hoc
892 1602 991 1637 enim
1017 1610 1171 1648 apparet
1194 1604 1240 1638 de
1265 1603 1440 1648 piscibus,
1459 1602 1683 1647 volatilibus,
1703 1609 1739 1638 et
1758 1604 1838 1639 aliis

504 1659 565 1693 hic
584 1660 765 1703 expressis
785 1672 829 1695 ex
853 1660 923 1695 illis
941 1661 1073 1704 verbis,
1085 1663 1210 1706 presit
1230 1668 1265 1696 et
1286 1662 1541 1696 dominamini
1559 1668 1595 1697 et
1620 1663 1707 1696 dedi
1724 1663 1837 1707 vobis,
1853 1675 1894 1697 20

224 1715 402 1783 fficilssiig.n⁰
415 1722 476 1743 true
507 1728 577 1761 que
594 1718 709 1751 verba
727 1717 846 1752 simile
863 1718 1069 1753 dominium
1088 1719 1141 1754 eis
1161 1720 1334 1753 collatum
1352 1720 1565 1754 ostendunt.
1617 1720 1838 1765 Quicunque

504 1774 604 1809 enim
629 1787 707 1809 rem
733 1774 895 1820 aliquam
922 1777 986 1811 dat
1011 1777 1114 1811 alteri
1140 1777 1308 1811 absolute
1333 1776 1383 1811 rei
1411 1777 1505 1811 illius
1531 1777 1735 1812 dominium
1762 1790 1837 1812 non

504 1832 667 1876 habenti,
687 1834 746 1868 ille
773 1834 866 1869 dans
893 1834 1086 1869 dominum
1104 1835 1215 1869 efficit
1235 1834 1478 1878 donatarium,
1497 1835 1526 1869 si
1545 1835 1605 1870 ille
1622 1836 1836 1870 donatarius

504 1891 550 1925 sit
569 1902 686 1935 capax
704 1891 855 1926 dominii
873 1899 909 1926 et
926 1898 1096 1937 acceptat
1114 1904 1121 1927 :
1155 1899 1222 1935 set,
1242 1892 1328 1937 quia
1346 1893 1450 1927 Deus
1468 1904 1542 1927 non
1561 1899 1705 1937 poterat
1730 1904 1837 1927 suum

505 1949 710 1983 dominium
731 1961 753 1984 a
776 1961 815 1984 se
839 1951 948 1985 rebus
972 1951 1208 1985 manentibus
1232 1950 1417 1992 abdicare,
1440 1950 1617 1995 quoniam
1641 1950 1731 1995 ipsis
1758 1962 1836 1985 ma·
1853 1962 1889 1994 25

503 2007 676 2041 nentibus
703 2019 777 2041 non
804 2014 926 2052 potest
947 2010 1051 2043 Deus
1076 2020 1151 2043 non
1178 2009 1316 2043 habere
1342 2010 1492 2052 plenum
1519 2009 1574 2043 ius
1600 2020 1665 2043 seu
1689 2010 1837 2053 plenam

503 2065 761 2099 auctoritatem
780 2065 816 2100 in
836 2065 936 2110 ipsas
951 2065 1072 2111 (sicuti
1092 2066 1127 2100 in
1147 2066 1266 2111 primo
1284 2066 1393 2100 huius
1412 2066 1580 2110 superius
1598 2073 1654 2101 est
1674 2078 1835 2109 suasum,
1849 2067 1907 2098 lib.
1925 2067 1946 2098 i.
1966 2076 2015 2107 23·

503 2122 681 2166 quoniam
711 2124 809 2157 nulla
836 2135 948 2158 causa
974 2124 1087 2158 divini
1114 2123 1267 2158 dominii
1294 2135 1406 2168 quarn
1432 2123 1521 2158 inibi
1548 2124 1770 2168 expressisti,
1797 2131 1835 2159 ut

503 2181 707 2215 secundum
733 2187 769 2215 te
795 2182 956 2226 eloquar,
976 2188 1099 2226 potest
1123 2188 1332 2225 competere
1354 2182 1525 2227 cuiquam
1543 2189 1708 2217 creature
1729 2182 1836 2217 facti-

502 2237 578 2277 bili,
614 2250 697 2273 cum
731 2250 857 2274 creare
890 2251 935 2274 eo
970 2240 1093 2283 modo,
1125 2251 1357 2283 conservare,
1385 2240 1444 2274 vel
1479 2240 1598 2274 eciam
1631 2241 1836 2284 gubernare
1851 2254 1892 2284 30

502 2296 625 2340 exigat
648 2297 858 2331 necessario
885 2297 1094 2342 potenciam
1120 2296 1329 2341 infinitam),
1349 2297 1585 2342 consequitur
1610 2298 1681 2332 hoc
1705 2309 1836 2332 secun-

503 2354 592 2388 dum
604 2354 808 2389 dominium
820 2355 929 2398 longe
941 2367 1021 2390 esse
1034 2355 1213 2389 inferioris
1227 2355 1365 2400 gradus
1379 2366 1490 2400 quam
1508 2356 1685 2399 primum3
1710 2355 1837 2399 immo,

504 2412 656 2446 omnino
684 2423 759 2446 non
787 2424 869 2447 esse
899 2424 984 2447 vere
1013 2412 1230 2455 dominium,
1261 2424 1345 2447 cum
1375 2424 1450 2446 non
1484 2412 1530 2447 sit
1563 2412 1633 2446 nisi
1667 2419 1838 2457 respectu

502 2481 636 2512 rerum,
661 2481 816 2514 quarum
840 2481 967 2504 verum
990 2470 1195 2504 dominium
1219 2476 1255 2504 et
1276 2470 1423 2514 plenum
1450 2470 1505 2504 ius
1529 2481 1593 2504 seu
1618 2470 1728 2514 plena
1751 2481 1835 2504 auc-

461 2538 487 2560 1.
501 2527 631 2562 toritas
650 2528 785 2562 residet
803 2539 915 2572 penes
932 2529 1066 2563 Deum.
1120 2529 1249 2571 Immo,
1266 2528 1295 2562 si
1313 2534 1421 2562 acute
1439 2528 1661 2571 consideres,
1676 2528 1833 2572 amplius
1847 2539 1887 2571 35

502 2592 557 2619 est
575 2593 758 2619 remotum
777 2585 983 2620 dominium
1001 2586 1084 2620 Ade
1107 2597 1129 2619 a
1146 2597 1234 2620 vero
1253 2585 1417 2620 dominio
1435 2597 1547 2630 quarn
1565 2585 1620 2620 ius
1639 2591 1831 2630 quantum-

503 2654 647 2687 cunque
677 2642 865 2677 modicum
896 2642 951 2677 ius
982 2643 1155 2677 habentis
1189 2643 1238 2677 ad
1273 2654 1380 2677 usum
1409 2643 1460 2678 rei
1491 2642 1559 2678 sibi
1590 2654 1765 2678 concesse
1796 2643 1832 2677 in

503 2700 787 2744 comparacione
810 2701 858 2734 ad
885 2701 1121 2735 concedentis
1148 2701 1375 2743 dominium3
1405 2701 1580 2745 quoniam
1606 2700 1833 2745 quiscunque

504 2758 559 2792 ius
577 2758 726 2802 aliquod
744 2759 954 2792 absolutum
973 2764 1298 2803 quantumcunque
1316 2770 1471 2803 parvum
1490 2759 1632 2792 habens
1653 2758 1701 2792 ad
1724 2769 1831 2792 usum

503 2816 553 2850 rei
580 2826 646 2859 pro
671 2822 835 2861 tempore
859 2816 1115 2861 qualicunque,
1136 2816 1213 2861 ipse
1237 2816 1292 2851 ius
1320 2817 1430 2851 habet
1451 2816 1612 2861 aliquam
1637 2815 1829 2851 utilitatem
1845 2826 1887 2857 40
