2095 3278
32 222 120 251 CAP.
138 209 246 263 xx1.]
590 218 655 249 DE
688 217 934 250 PAUPERIE
967 214 1282 249 SALVATORIS.
1766 213 1850 258 473

137 324 234 366 4713]
250 320 369 365 magis
394 321 466 357 tale
491 320 558 364 ius,
586 332 670 355 cum
700 331 757 356 res
787 320 834 355 ad
862 331 969 355 usum
999 319 1068 354 sibi
1099 318 1323 361 conceditur,
1349 323 1489 351 artatur
1507 316 1573 351 ad-

248 378 393 414 mittere
411 390 522 424 quam
539 377 645 414 civile
664 378 882 413 dominium.

297 491 525 526 IOHANNES.
552 489 690 525 Nescio
716 488 796 524 istis
821 488 1022 531 obsistere;
1050 493 1304 522 verumtamen
1331 492 1367 521 te
1393 497 1482 530 rogo
1507 486 1573 520 ob·
1587 489 1683 521 XXI.

247 548 366 583 nixius
400 554 439 583 ut
472 560 532 583 me
561 549 733 593 loquente
767 546 956 591 aliquanto
989 545 1208 590 protractius
1242 545 1280 578 in
1313 544 1468 588 negocio
1502 543 1573 578 isto
1587 549 1688 586 Aflman
1703 557 1768 586 may
1781 557 1821 574 re-

215 613 233 645 5
249 607 442 641 sustineas.
494 606 533 641 Si
550 606 648 641 enim
666 605 863 650 quisquam
881 605 993 639 donet
1017 603 1129 637 michi
1155 614 1290 647 equum
1316 609 1378 636 aut
1404 602 1574 646 quamvis
1587 582 1788 647 ‘sseeffiifffggsssssn

248 675 326 698 rem
353 664 476 707 aliam,
503 670 538 698 et
564 675 633 708 ego
658 662 773 697 nolim
801 662 908 697 civile
934 661 1138 696 dominium
1165 660 1218 695 rei
1244 660 1340 694 illius
1367 659 1574 701 admittere,
1588 648 1714 681 lordship
1727 649 1758 674 of
1768 648 1799 680 η’

248 733 448 766 possumne
473 720 733 755 nichilominus
758 732 837 755 rem
863 720 963 754 illam
988 718 1156 763 accipere
1182 724 1217 753 et
1236 718 1361 762 vigore
1388 717 1576 752 inabdica—

247 779 330 814 bilis
348 779 384 813 in
403 790 462 813 me
479 778 666 823 originalis
684 777 838 813 dominii
856 777 916 811 illa
933 777 985 811 uti
1002 779 1013 811 ?

297 838 524 871 RICARDUS.
553 837 637 871 Hoc
651 848 695 871 ex
713 835 888 880 predictis
907 835 1004 870 clare
1022 833 1186 878 sequitur
1203 846 1211 875 ;
1238 832 1424 878 quoniam,
1444 844 1488 867 ex
1505 843 1578 877 quo

197 906 236 928 10
250 895 407 929 donator
424 894 537 929 libere
549 900 670 939 potest
688 906 710 928 a
728 905 766 928 se
784 904 894 927 omne
908 891 1064 937 positive
1077 891 1169 936 legis
1185 891 1389 925 dominium
1403 890 1578 925 abdicare

249 959 284 988 et
303 952 341 987 id
358 953 434 986 vult
451 952 550 986 facto
568 951 725 995 efficere,
744 957 784 986 tu
810 956 1079 995 consequenter
1102 956 1140 984 et
1165 948 1223 984 ille
1250 959 1448 983 commune
1474 947 1512 982 in
1539 959 1578 982 re

249 1010 311 1044 illa
340 1010 516 1054 originale
547 1009 753 1044 dominium
780 1009 973 1043 dumtaxat
1001 1006 1169 1050 habetis;
1195 1018 1267 1051 quo
1298 1005 1464 1041 dominio
1498 1006 1577 1050 ipse

248 1079 323 1102 non
349 1069 424 1102 vult
451 1067 502 1102 uti
529 1067 565 1102 in
594 1078 634 1102 re
661 1067 732 1110 illa,
758 1072 812 1102 set
838 1066 915 1101 vult
940 1065 1068 1110 pocius
1099 1064 1200 1110 quod
1226 1071 1264 1098 tu
1292 1076 1331 1099 re
1356 1063 1417 1098 illa
1442 1063 1577 1108 placite

248 1125 315 1161 tibi
333 1125 449 1160 utaris
466 1137 472 1160 :
503 1125 596 1160 iuste
614 1125 724 1169 igitur
741 1130 777 1159 et
804 1130 942 1167 sancte,
962 1123 991 1158 si
1018 1135 1057 1158 re
1084 1123 1145 1157 illa
1171 1122 1350 1166 indigeas,
1369 1122 1421 1156 uti
1439 1121 1578 1166 poteris

197 1196 234 1227 15
249 1190 428 1229 tanquam
445 1190 520 1218 tua.
570 1184 652 1217 Nec
670 1183 750 1227 ipse
767 1194 833 1227 per
858 1183 929 1216 hoc
955 1182 991 1216 in
1018 1188 1053 1216 te
1079 1180 1229 1225 aliquod
1253 1180 1311 1215 ius
1337 1179 1576 1222 transmittit3

249 1249 316 1286 set,
344 1241 431 1287 quia
459 1241 664 1276 dominium
693 1251 802 1276 omne
830 1240 987 1285 positive
1021 1239 1114 1283 legis
1148 1239 1186 1273 in
1220 1239 1300 1283 ipso
1329 1245 1498 1283 respectu
1525 1237 1576 1272 rei

249 1300 437 1335 evanescit
455 1299 612 1344 penitus,
630 1310 699 1334 nec
716 1299 793 1333 vult
819 1297 872 1332 uti
898 1297 1066 1342 originali
1094 1296 1270 1340 dominio,
1290 1296 1373 1330 ideo
1399 1295 1578 1339 originale

249 1358 454 1393 dominium
472 1358 571 1403 quod
596 1357 696 1402 prius
721 1357 906 1391 habueras
933 1367 1017 1390 cum
1042 1355 1282 1400 possessione
1309 1354 1378 1389 sibi
1396 1352 1577 1388 conformi

32 1420 77 1451 sit
94 1428 124 1451 B.
250 1417 291 1452 fit
309 1416 374 1451 tibi
393 1417 441 1451 ad
459 1416 595 1451 iustum
612 1426 719 1450 usum
737 1415 789 1449 rei
808 1415 902 1448 illius
922 1413 1108 1448 sufficiens
1127 1413 1182 1447 ius
1199 1412 1339 1447 utendi.

198 1487 238 1510 20
300 1476 389 1509 IOH.
416 1476 480 1510 Set
498 1473 585 1519 quid
605 1473 633 1509 si
653 1473 792 1508 donare
809 1472 937 1507 volens
964 1471 1055 1506 nolit
1073 1483 1095 1505 a
1112 1482 1153 1505 se
1170 1471 1278 1505 civile
1299 1469 1497 1504 transferre
1514 1468 1579 1503 do-

251 1532 419 1575 minium,
444 1531 516 1566 nisi
542 1542 610 1575 ego
636 1531 724 1565 illud
749 1530 859 1565 velim
884 1530 1103 1564 admittere?
1153 1530 1189 1563 N
1194 1527 1335 1573 umquit
1353 1527 1488 1562 virtute
1507 1525 1579 1560 mei

251 1590 440 1635 originalis
466 1588 619 1624 dominii
645 1594 770 1633 potero
796 1600 835 1622 re
860 1587 921 1622 illa
946 1593 1105 1631 recepta,
1126 1585 1155 1620 si
1174 1598 1219 1620 ea
1236 1596 1382 1630 eguero,
1402 1585 1496 1619 iuste
1514 1583 1579 1626 uti,

209 1655 287 1691 oet
312 1660 396 1684 eam
423 1659 491 1682 usu
519 1659 602 1682 meo
631 1646 648 1666 *
675 1657 892 1682 consumere
919 1646 1061 1680 nullum
1090 1644 1343 1680 adventicium
1373 1642 1580 1678 dominium

249 1707 483 1741 admittendo
497 1707 509 1740 ?

198 1779 236 1811 25
299 1766 387 1800 RIC.
414 1763 593 1809 Quamvis
621 1763 699 1808 ipse
726 1762 821 1797 nolit
852 1761 887 1796 in
919 1767 956 1796 te
989 1760 1189 1796 transferre
1222 1759 1329 1795 civile
1363 1759 1579 1802 dominium,
1593 1761 1649 1800 apd
1663 1769 1712 1787 use
1725 1760 1746 1787 it
1759 1760 1798 1793 by

251 1823 357 1858 sicud
374 1834 441 1857 nec
459 1821 643 1864 transfert,
660 1833 705 1856 eo
725 1821 805 1865 ipso
823 1820 922 1865 quod
943 1826 982 1854 tu
1008 1818 1222 1863 recipiendo
1246 1818 1368 1852 taliter
1383 1829 1422 1852 es
1440 1823 1581 1852 artatus
1593 1794 1809 1866 {iffgffigfxigld

254 1880 421 1925 (scilicet,
448 1880 531 1924 ipsa
556 1891 594 1914 re
621 1878 819 1922 indigens),
848 1877 928 1922 ipse
953 1877 1060 1911 civile
1085 1877 1205 1921 perdit
1232 1875 1438 1911 dominium
1457 1874 1582 1920 quoad
1594 1862 1729 1895 ¹0¹d⁵h¹p·

252 1950 360 1973 usum
388 1938 510 1982 ipsum
537 1943 573 1971 et
600 1937 666 1971 tibi
698 1948 764 1981 pro
792 1934 1079 1979 consumpcione
1109 1934 1161 1969 rei
1190 1934 1286 1968 illius
1316 1933 1449 1968 sufficit
1477 1939 1582 1967 tuum

253 1996 429 2040 originale
454 1995 700 2040 prehabitum.
752 1995 822 2028 Pro
848 2005 920 2038 quo
948 1994 1036 2027 Luc.
1062 1992 1108 2026 vi.
1136 2002 1167 2036 3,
1186 2001 1208 2034 4
1235 1991 1323 2026 dicit
1343 1991 1514 2026 Salvator
1532 1990 1582 2034 (et

199 2069 240 2101 30
253 2054 352 2089 idem
377 2054 534 2088 habetur
553 2055 646 2087 Mat.
663 2051 724 2086 xii.
744 2062 776 2096 3,
796 2062 818 2094 4
841 2057 877 2085 et
897 2052 1014 2085 Marc.
1033 2050 1067 2085 ii.
1087 2060 1106 2084 2
1112 2058 1143 2094 5,
1162 2050 1235 2093 26),
1254 2050 1333 2084 Nec
1352 2050 1418 2084 [ωε
1441 2048 1585 2094 legistis

252 2114 355 2158 quod
357 2112 454 2157 fecit
476 2112 614 2145 David
635 2122 717 2145 cum
742 2111 913 2152 esuriret,
930 2110 1009 2154 ipse
1025 2113 1061 2142 et
1076 2109 1145 2153 qui
1159 2119 1242 2142 cum
1260 2109 1341 2153 ipso
1358 2111 1477 2149 erant,
1496 2118 1583 2151 quo-

253 2171 359 2205 modo
383 2171 550 2204 intravit
572 2170 614 2203 in
639 2168 789 2203 domum
816 2168 892 2201 Dei
907 2171 942 2201 et
949 2169 1071 2212 panes
1080 2167 1356 2211 propositionis
1372 2165 1535 2209 sumpsit
1550 2168 1587 2199 et

254 2228 509 2270 manducavit,
528 2231 564 2261 et
579 2227 682 2260 dedit
696 2227 748 2260 eis
772 2226 841 2270 qui
863 2236 945 2259 cum
964 2225 1044 2269 ipso
1061 2228 1179 2268 erant,
1198 2235 1289 2267 quos
1314 2234 1387 2257 non
1405 2222 1536 2257 licebat
1551 2223 1588 2256 ez‘

254 2285 482 2320 manducare
499 2285 577 2318 nisi
591 2288 740 2318 tantum
758 2282 1007 2317 sacerdotibus
1019 2283 1039 2316 ?
1066 2282 1217 2316 Marcus
1235 2280 1335 2324 dicit,
1357 2281 1388 2315 C
1387 2291 1450 2314 um
1468 2291 1584 2314 neces-

202 2356 240 2387 35
254 2346 403 2379 sitatem
432 2344 565 2378 habuit
592 2347 628 2377 et
652 2343 788 2377 esuriit
815 2341 901 2386 (hoc
930 2340 1079 2386 ponitur
1112 2350 1123 2374 1
1157 2341 1249 2384 Reg.
1279 2339 1350 2374 xxi.
1379 2338 1490 2383 3-6);
1516 2350 1585 2373 nec

254 2402 513 2449 necessitatem
546 2401 647 2435 aliud
676 2399 841 2444 intelligo
871 2410 982 2444 quam
1017 2397 1290 2442 indigenciam:
1327 2409 1372 2432 ex
1405 2408 1477 2441 quo
1511 2396 1586 2431 duo

254 2459 481 2504 evangeliste
498 2470 571 2494 non
591 2458 718 2493 dicunt
733 2458 922 2492 Christum
940 2456 1108 2501 posuisse
1122 2467 1188 2500 pro
1203 2466 1317 2489 causa
1330 2454 1399 2489 nisi
1414 2453 1584 2489 esuriem.

255 2520 304 2553 Et
322 2518 468 2553 videtur
485 2518 584 2562 quod
602 2516 775 2551 dominus
794 2517 828 2549 N
834 2515 1000 2549 icholaus
1020 2515 1077 2548 III
1098 2513 1135 2547 in
1154 2513 1328 2548 decretali
1344 2513 1459 2547 Exiit
1475 2512 1585 2546 istam

254 2576 517 2611 necessitatem
535 2575 612 2609 sive
630 2573 879 2618 indigenciam
903 2576 1108 2606 extremam
1134 2571 1385 2605 necessitatem
1410 2570 1584 2614 appellat,

202 2649 244 2681 40
258 2635 293 2668 in
311 2646 384 2679 qua
400 2633 622 2669 necessitate
640 2632 728 2667 dicit
746 2631 855 2666 licere
881 2630 1076 2675 unicuique
1090 2629 1142 2664 uti
1160 2630 1244 2663 iure
1252 2629 1364 2674 pol&
1381 2627 1586 2662 dominium

256 2692 434 2737 originale
454 2691 507 2736 (ut
531 2690 643 2725 michi
662 2689 822 2733 videtur)
842 2700 979 2723 vocans
1006 2688 1062 2722 ius
1088 2687 1173 2732 poli,
1192 2686 1278 2731 quia
1295 2686 1395 2720 venit
1422 2685 1468 2720 de
1486 2685 1586 2719 dono

259 2758 428 2792 superno.
480 2746 592 2781 Unde
618 2745 729 2780 michi
755 2744 900 2779 videtur
924 2744 1033 2788 quod,
1059 2742 1227 2787 quamvis
1253 2742 1395 2776 habens
1420 2739 1590 2774 adventi·

41 2809 171 2842 admitt.
189 2816 227 2840 M.
259 2805 357 2840 cium
380 2804 588 2840 dominium
613 2803 691 2839 sive
713 2802 817 2838 civile
841 2801 892 2837 rei
920 2801 1014 2836 illius
1038 2799 1128 2836 nolit
1154 2799 1360 2835 dominium
1383 2798 1456 2834 tale
1477 2796 1585 2833 amit-
