2008 3305
169 210 223 251 74
848 213 912 243 DE
946 213 1165 245 DOM1Nio
1198 214 1375 246 D1V1No
1615 205 1721 264 [CAP.
1744 221 1783 248 x.

450 339 531 365 non
569 333 626 364 est
665 328 838 377 superior
876 328 950 366 Dei
989 330 1159 379 agencia.
1219 329 1281 368 Sic
1319 330 1431 379 igitur
1469 330 1556 369 Deo
1591 333 1786 370 ascribitur
1799 336 1898 378 [2413

445 398 605 447 agencia
626 406 807 445 creature,
830 412 910 437 non
931 400 1019 449 quia
1044 401 1105 438 illa
1124 400 1232 438 Deus
1256 401 1333 450 agit
1358 401 1578 449 formaliter,
1599 403 1666 440 sed
1696 404 1785 452 quia

446 469 667 508 immediate
703 477 832 508 movet
870 470 920 507 ad
957 471 1074 516 illam,
1111 478 1152 509 ut
1182 472 1481 509 instrumentum
1521 485 1645 520 suurn,
1679 487 1786 512 crea-

444 547 581 586 turam,
602 541 742 578 efficiat
763 553 881 590 quam
903 542 1079 579 intendit.

164 610 431 670 33·0({³if5‘{}vl{rggffiss
496 611 546 648 Et
584 617 688 661 patet
727 612 832 661 quod
863 611 971 649 Deus
1009 612 1341 662 prfflcipalissime,
1370 613 1709 661 immediatissime‚
1744 622 1813 657 et5

163 693 191 720 in
206 695 253 720 the
266 695 325 721 first
338 695 427 728 place,
442 683 702 732 propriissime
729 683 844 720 efficit
863 695 980 720 omne
1001 695 1123 733 opus:
1155 683 1487 733 principalissime,
1514 697 1604 722 cum
1631 686 1677 723 sit
1702 686 1779 723 dux

162 754 252 816 ἓξὲξ
263 762 338 823 31th
442 760 479 790 et
517 753 752 791 archimotor
799 754 838 790 in
886 760 967 791 toto
1007 766 1123 803 opere
1138 766 1148 800 ;
1197 754 1537 801 immediafissime,
1579 756 1669 805 quia
1708 768 1780 806 pro

328 810 335 822 ²
441 837 622 862 mensura
647 837 715 862 sua
743 831 846 862 creat
873 825 1053 863 effectum
1083 825 1163 862 sine
1191 824 1425 863 adminiculo
1453 837 1493 862 se
1519 826 1691 872 iuvantis,
1713 827 1780 864 sed

440 903 611 934 creatura
640 896 756 934 nichil
784 896 883 942 facit,
914 896 986 933 nisi
1009 896 1203 933 mediante
1233 896 1363 945 previa
1393 895 1466 933 Dei
1507 898 1707 935 movencia
1739 910 1779 936 se

160 977 319 1016 anuinthe
439 967 623 1013 iuvantis,
666 973 703 1004 et
745 967 1018 1016 propriissime,
1060 978 1149 1004 cum
1196 979 1308 1015 agere
1352 967 1530 1016 proprius
1580 968 1778 1006 ascribitur
1794 981 1834 1005 10

158 1017 281 1039 stnctest
294 1022 382 1040 sense.
439 1050 621 1087 supremo
664 1044 701 1076 et
743 1038 1061 1087 principalissimo
1100 1037 1255 1086 Agenti,
1292 1037 1396 1086 quod
1437 1043 1491 1075 tot
1529 1039 1699 1088 agenciis
1741 1046 1779 1077 et

438 1110 647 1148 movenciis
681 1110 770 1159 agit,
793 1121 909 1159 quam
938 1121 1007 1146 suo
1039 1114 1197 1158 postero
1222 1108 1487 1146 instrumento.
1535 1109 1585 1146 Et
1617 1110 1713 1147 forte
1738 1111 1777 1148 in

436 1181 507 1218 ista
546 1180 848 1230 equivocacione
877 1180 1054 1217 laborant
1082 1179 1256 1229 plurimi:
1298 1185 1339 1216 ut
1369 1179 1486 1228 aliqui
1515 1179 1648 1217 dicunt
1671 1182 1777 1231 quod

435 1250 544 1288 Deus
577 1251 694 1288 nichil
721 1251 798 1300 agit
827 1251 985 1288 adextra
1013 1257 1179 1299 excepto
1207 1249 1418 1287 creacionis
1448 1262 1575 1299 opere,
1598 1251 1665 1288 sed
1694 1264 1776 1289 om-

435 1334 527 1358 nem
562 1321 676 1359 aliam
715 1321 1022 1371 produccionem
1060 1320 1256 1358 movendo
1287 1320 1550 1358 communicat
1580 1329 1828 1369 creature;15

434 1393 524 1443 quia
552 1391 610 1443 (ut
639 1391 788 1442 dicunt)
815 1392 907 1429 illud
936 1404 1090 1429 movere
1117 1403 1199 1428 non
1227 1396 1284 1428 est
1313 1391 1486 1439 agencia,
1509 1403 1582 1428 nec
1614 1393 1776 1441 agencia

435 1470 606 1502 creature
641 1463 914 1501 denominatur
948 1462 1056 1500 Deus
1094 1461 1313 1500 formaliter.
1386 1459 1404 1480 '¹‘
1428 1460 1512 1499 Nos
1551 1469 1680 1500 autem
1718 1462 1771 1500 di·
1787 1467 1871 1497 25A

435 1536 558 1573 cimus
597 1535 702 1584 quod
740 1535 803 1572 illa
836 1533 1040 1571 movencia
1068 1539 1126 1570 est
1152 1532 1342 1581 agencia3
1373 1544 1463 1569 cum
1495 1539 1660 1571 serrator
1693 1545 1777 1572 mo-

432 1606 559 1644 vendo
607 1618 753 1643 serram
800 1610 919 1642 serrat
959 1604 1138 1654 proprius
1186 1615 1254 1641 sua
1298 1615 1427 1640 serra:
1470 1609 1643 1640 creatura
1686 1616 1776 1642 vero

433 1675 664 1727 (secundum
685 1675 777 1713 Ysa.
800 1689 835 1713 x.
861 1673 925 1728 15)
954 1687 993 1712 se
1023 1675 1139 1712 habet
1164 1680 1296 1722 utpote
1324 1685 1428 1711 serra
1454 1672 1540 1711 Dei.
1584 1673 1660 1710 Alii
1685 1686 1774 1712 vero
1787 1691 1827 1714 20

431 1748 564 1786 dicunt
586 1747 690 1797 quod
712 1746 826 1784 nichil
852 1746 1071 1783 immediate
1098 1745 1176 1793 agit
1196 1744 1302 1793 quod
1322 1744 1483 1782 eoefficit
1503 1744 1770 1791 instrumento,

430 1819 520 1868 quia
532 1819 726 1856 mediante
743 1819 999 1855 instrumento
1012 1816 1099 1865 agit,
1115 1815 1221 1865 quod
1241 1821 1299 1852 est
1314 1821 1393 1852 tam
1411 1821 1547 1852 natura
1560 1827 1678 1864 quam
1694 1816 1773 1853 effi-

430 1890 576 1928 ciencia
595 1901 715 1937 agens
731 1889 949 1938 proximum
962 1887 1010 1924 ad
1025 1887 1256 1936 productum
1274 1898 1281 1923 :
1311 1885 1419 1923 Deus
1433 1892 1561 1923 autem
1578 1892 1635 1923 est
1651 1898 1773 1935 agens

428 1961 728 1998 remotissimum
749 1966 786 1997 et
807 1958 1137 2002 mediatissimum,
1159 1963 1199 1993 ut
1220 1956 1471 1994 contendunt.
1531 1956 1608 1994 Sed
1630 1957 1660 1993 si
1676 1969 1769 1995 con-

429 2032 596 2070 siderent
609 2030 713 2080 quod
729 2030 835 2067 Deus
856 2029 1075 2066 immediate
1095 2028 1261 2065 illabitur
1284 2026 1447 2073 cuilibet,
1465 2040 1544 2065 non
1565 2027 1709 2065 distans
1729 2034 1771 2065 ut
1783 2044 1822 2077 25

428 2110 584 2148 astrum,
600 2102 705 2151 quod
721 2101 914 2138 mediante
930 2112 999 2137 suo
1017 2099 1160 2137 lumine
1173 2098 1352 2136 effectum
1374 2098 1488 2135 efficit
1509 2098 1768 2145 sublunarem,

428 2174 496 2212 sed
510 2180 717 2224 postquam
731 2183 852 2221 agens
865 2171 1122 2208 extrinsecum
1137 2169 1351 2215 cessaverit,
1366 2168 1473 2205 Deus
1500 2168 1651 2206 adintra
1672 2181 1768 2206 con-

427 2246 560 2292 tinuat,
583 2245 679 2282 dans
704 2243 879 2280 ultimum
906 2242 1237 2290 complementum
1251 2252 1260 2286 ;
1292 2240 1552 2277 consentirent
1576 2240 1769 2277 sentencie

429 2316 656 2366 supradicte.
713 2315 763 2351 Et
786 2313 879 2350 illud
901 2313 1018 2350 sensit
1040 2311 1250 2360 apostolus,
1277 2323 1292 2347 1
1318 2310 1409 2347 Cor.
1430 2310 1479 2346 iii.
1505 2319 1537 2358 7,
1559 2309 1685 2358 Neque
1704 2312 1774 2359 quz'

419 2389 578 2438 plantat
604 2399 714 2435 neque
742 2386 811 2434 qui
833 2385 941 2432 rzgat
966 2387 1018 2419 est
1044 2382 1198 2431 aliquid,
1220 2382 1285 2418 sed
1309 2381 1377 2429 qm·
1402 2381 1662 2417 incrementum
1692 2381 1765 2426 dat,
1779 2398 1821 2428 30

427 2458 558 2495 Deus:
586 2469 676 2493 nam
694 2456 872 2505 plantans
885 2466 965 2491 non
979 2460 1019 2490 ut
1036 2453 1088 2489 sic
1105 2452 1220 2489 efficit
1239 2451 1381 2500 aliquid
1396 2450 1616 2488 absolutum
1633 2463 1642 2496 ;
1664 2457 1700 2488 et
1713 2451 1766 2489 sic

428 2536 485 2567 est
501 2528 548 2566 de
565 2529 749 2565 irrorante
763 2525 821 2562 vel
836 2525 1053 2574 applicante
1071 2522 1282 2561 secundum
1298 2521 1601 2570 produccionem
1614 2533 1766 2570 respec-

427 2607 536 2638 tuum
575 2597 838 2636 senciendum.
909 2595 977 2632 Ille
1005 2600 1134 2632 autem
1163 2593 1228 2642 qui
1267 2592 1493 2628 intrinsecus
1528 2597 1657 2628 movet
1687 2591 1764 2628 vim

428 2669 652 2708 seminalem
673 2668 722 2706 ad
743 2666 1035 2716 producendum
1059 2663 1250 2701 naturales
1270 2662 1413 2700 formas
1436 2661 1762 2707 inmediatissime,

426 2741 515 2779 facit
535 2752 664 2790 opera,
686 2745 723 2777 et
743 2737 954 2787 specialiter
975 2747 1063 2773 cum
1084 2747 1154 2772 suo
1174 2740 1347 2782 tempore
1377 2738 1480 2770 creat
1506 2732 1760 2782 principium:
1775 2748 1815 2780 35

728 2850 765 2872 13·
788 2841 797 2870 ΙΙ
812 2841 844 2866 ut
860 2839 881 2865 B
895 2839 912 2865 f.
929 2848 977 2871 223
989 2846 1011 2863 Β.
1118 2846 1158 2869 31.
1181 2837 1214 2862 ut
1226 2835 1265 2861 sic
1280 2835 1319 2861 B:
1339 2835 1379 2861 sic
1392 2834 1417 2860 A
1428 2834 1460 2861 C.
