2008 3305
175 251 263 278 eff.
281 235 397 293 xm]
654 246 798 277 LIBER
831 244 1026 277 PRIMUS.
1698 241 1779 280 109

58 365 157 407 36A]
173 362 320 412 pliciter
340 361 511 407 infinita;
543 360 606 398 ubi
636 367 739 410 patet
769 360 874 409 quod
904 359 1050 397 nullum
1080 358 1271 395 infinitum
1298 362 1354 394 est
1377 355 1501 392 maius

172 443 238 474 aut
266 437 394 473 minus
422 436 582 485 reliquo,
611 435 679 473 sed
709 435 811 472 solus
842 435 948 472 Deus
979 440 1035 471 est
1069 432 1291 481 simpliciter
1319 431 1501 467 infinitus.

172 507 386 545 Destructis
432 518 524 555 ergo
571 505 643 542 hiis
686 517 754 543 sex
789 505 857 541 viis
896 517 975 542 non
1015 509 1189 553 superest
1226 502 1297 539 nisi
1331 513 1409 538 una
1443 501 1503 537 via

174 577 373 621 catholica,
406 588 556 625 ponens
590 582 709 613 totam
749 575 1044 620 universitatem,
1079 580 1116 611 et
1154 573 1336 623 precipue
1374 572 1502 608 multi-

142 652 159 683 5
174 646 344 683 tudinem
365 653 582 684 creatorum
602 646 813 694 spirituum,
835 647 874 682 z'n
898 657 1057 689 numero,
1071 645 1242 692 pondere,
1263 648 1297 680 et
1319 655 1502 679 mensura.

228 716 358 754 Potest
386 722 514 753 autem
541 716 715 765 generari
743 715 931 753 deduccio
958 727 1006 752 ex
1036 714 1111 752 hoc
1140 713 1256 763 quod,
1284 714 1313 751 si
1340 714 1379 750 in
1407 725 1502 762 quo·
1516 709 1783 775 Ξ-Πξῖζξζξᾞξὶξξῖξ

172 787 264 824 libet
298 786 514 824 millenario
548 798 741 824 annorum
771 785 1124 823 incommunicante
1149 797 1239 822 cum
1268 784 1416 833 reliquo
1445 776 1632 819 in-infiflitev

1199 853 1217 873 *
1250 861 1350 892 esset
1383 853 1504 891 modo

129 862 336 896 Bnovatus
366 856 476 894 fuerit
509 856 674 894 mundus
704 869 771 905 per
800 868 921 893 unum
956 856 1165 902 hominem,

174 926 378 964 multitudo
406 926 581 976 spiritum
610 927 769 972 infinita,
792 939 840 964 eo
866 926 970 976 quod
1002 926 1139 963 infiniti
1168 925 1391 963 huiusmodi
1420 924 1503 961 mil-

122 997 304 1035 lolenarii
333 1003 551 1046 temporum
580 998 877 1046 precessissent;
919 997 986 1034 sed
1020 1002 1170 1034 constat
1204 995 1308 1045 quod
1338 994 1506 1031 mundus

173 1074 230 1104 est
250 1067 290 1103 in
311 1067 479 1116 quolibet
500 1067 565 1104 tali
584 1067 799 1105 millenario
823 1067 939 1116 longe
961 1067 1126 1116 amplius
1154 1067 1381 1111 innovatus;
1412 1077 1505 1114 ergo

174 1138 267 1175 olim
291 1137 423 1175 fuisset
448 1150 630 1175 numerus
651 1137 872 1175 huiusmodi
894 1137 1095 1186 spirituum
1115 1136 1304 1173 infinicies
1323 1135 1504 1172 infinitus.

173 1208 222 1245 Et
261 1207 397 1245 additis
435 1209 671 1257 argumentis
709 1208 964 1257 probantibus
1002 1207 1323 1245 resurreccionem
1361 1205 1419 1243 vel
1458 1205 1504 1242 de
1518 1209 1539 1235 it
1552 1210 1645 1236 would
1657 1210 1692 1235 be

1519 1252 1647 1269 necessa-1¹
1680 1249 1710 1269 to

174 1278 275 1316 facto
295 1278 353 1315 vel
379 1290 494 1327 posse
521 1279 757 1327 contingere,
780 1279 950 1328 sequitur
978 1278 1209 1328 possibilitas
1236 1276 1505 1314 infinitacionis
1518 1253 1689 1302 assumetioe

1518 1311 1604 1336 world
1619 1316 1648 1335 to
1661 1310 1695 1335 be

122 1362 160 1393 15
175 1350 309 1387 mundi
335 1350 465 1399 quoad
492 1351 602 1388 molis
631 1351 952 1400 magnitudinem,
982 1350 1103 1387 eciam
1133 1350 1163 1387 si
1192 1349 1391 1399 quodlibet
1420 1343 1657 1386 cor·infinitely
1669 1348 1757 1376 great·

174 1433 246 1470 pus
266 1420 435 1458 hominis
455 1421 619 1470 requiret
642 1427 788 1458 tantam
808 1420 1117 1469 magnitudinem
1138 1426 1179 1457 ut
1200 1432 1364 1469 granum
1388 1419 1504 1465 milii;

174 1498 212 1528 et
240 1491 396 1529 indubie
424 1491 569 1529 infinita
596 1491 800 1529 multitudo
830 1503 1038 1540 granorum
1065 1490 1287 1528 huiusmodi
1315 1490 1506 1527 infinitum

174 1574 362 1611 magnum
383 1562 580 1599 cumulum
601 1563 817 1611 integraret.
874 1561 936 1606 Et,
957 1568 998 1598 ut
1019 1561 1275 1599 communiter
1295 1560 1505 1604 deducitur,

175 1632 414 1681 contingeret
442 1633 491 1669 ab
521 1633 669 1670 infinita
696 1632 938 1670 multitudine
969 1632 1171 1681 spirituum
1202 1631 1424 1668 subtrahere
1450 1631 1506 1667 in-

124 1718 164 1739 20
177 1702 321 1740 finicies
343 1703 512 1740 infinitos
540 1716 627 1741 cum
655 1702 729 1740 hoc
756 1702 862 1752 quod
890 1702 1082 1739 residuum
1113 1701 1302 1739 sufficeret
1331 1701 1419 1738 data
1448 1701 1505 1737 in-

175 1773 279 1810 finita
299 1785 461 1823 corpora
481 1773 700 1811 informare.

228 1844 278 1881 Et
298 1850 422 1893 potest
449 1844 540 1881 illud
569 1844 788 1882 confirmari
818 1856 866 1881 ex
895 1843 970 1881 hoc
1000 1843 1107 1893 quod
1137 1841 1365 1892 magnitudo
1393 1841 1505 1879 molis
1518 1849 1750 1882 Furtlzerproof.

175 1914 380 1951 attenditur
400 1926 519 1963 penes
540 1914 824 1951 multitudinem
843 1913 1109 1963 punctualium
1130 1926 1177 1950 ex
1198 1913 1336 1962 quibus
1357 1923 1504 1961 conpo-

175 1984 276 2021 nitur
287 1997 296 2030 ;
327 1984 432 2034 quod
471 1984 559 2022 Deo
590 1991 678 2021 sunt
712 1984 843 2022 omnia
877 1996 951 2033 que
985 1983 1160 2031 intelligit
1195 1984 1267 2020 sub
1293 1983 1505 2021 certissimo

124 2069 162 2100 ²5
177 2067 337 2092 numero
375 2054 559 2101 limitata3
591 2061 627 2092 et
665 2054 770 2104 quod
810 2054 960 2103 species
995 2054 1053 2091 vel
1084 2066 1207 2102 genus
1239 2055 1504 2102 cuiuscunque

175 2125 439 2170 multitudinis,
471 2125 568 2162 sicut
601 2125 737 2162 diffinit
765 2124 956 2161 individua
985 2125 1117 2174 quoad
1146 2125 1418 2170 substanciam,
1451 2125 1504 2161 sic

175 2201 212 2232 et
241 2195 324 2232 finit
350 2195 434 2243 ipsa
461 2195 592 2244 quoad
615 2195 882 2232 omnimodam
907 2195 1171 2244 quantitatem,
1193 2195 1427 2244 qualitatem,
1448 2195 1506 2231 vel

175 2271 302 2302 cetera
336 2265 558 2302 accidencia
595 2277 823 2315 quecunque
858 2265 931 2302 sibi
962 2264 1168 2302 formaliter
1206 2266 1427 2310 inexistunt‚
1467 2271 1507 2302 ut

176 2335 325 2383 species
346 2335 522 2371 instantis
543 2335 728 2384 temporis
747 2341 806 2372 est
830 2335 961 2372 omnia
990 2336 1188 2380 instancia,
1212 2342 1248 2372 et
1277 2348 1346 2384 per
1369 2347 1506 2372 conse-

123 2418 164 2448 30
177 2417 344 2454 sequens
363 2411 420 2442 est
440 2406 587 2443 instans
608 2418 685 2455 quo
707 2418 787 2443 non
811 2411 869 2442 est
889 2406 993 2455 prius
1014 2418 1085 2443 nec
1117 2405 1219 2442 aliud
1248 2405 1449 2456 posterius,
1470 2410 1507 2442 et

177 2475 231 2512 sic
252 2475 422 2524 primum
451 2482 488 2512 et
513 2475 705 2512 ultimum.
763 2475 814 2512 Et
843 2488 932 2513 cum
962 2476 1037 2512 sint
1066 2476 1191 2513 solum
1216 2476 1323 2513 finita
1351 2487 1505 2524 genera,

139 2546 269 2594 oquia
289 2545 436 2591 decem,
458 2558 531 2595 que
554 2546 574 2569 *
597 2546 729 2583 omnia
753 2552 840 2583 sunt
858 2558 979 2583 unum
1008 2558 1131 2595 genus
1161 2547 1379 2594 analogum,
1402 2552 1507 2595 patet

178 2615 284 2665 quod
304 2621 384 2652 tota
403 2616 629 2653 universitas
651 2616 786 2653 saltem
807 2616 845 2652 in
866 2616 942 2653 suis
963 2616 1168 2665 generibus
1192 2623 1249 2653 est
1278 2616 1395 2661 finita,
1416 2616 1507 2665 quia

212 2710 233 2725 1.
255 2700 353 2726 maius
365 2701 391 2725 A
400 2700 423 2726 C
435 2707 440 2726 z
462 2702 558 2733 magis
571 2701 603 2726 B.
760 2710 782 2726 2.
806 2700 874 2727 Post
881 2701 932 2727 sed
944 2701 966 2726 B
979 2701 1057 2733 qnod
1066 2700 1169 2727 inserit.
1326 2703 1348 2727 8.
1370 2701 1452 2727 modo
1465 2701 1487 2726 B
1500 2708 1506 2727 :

177 2743 233 2759 non
251 2733 318 2759 AC.
459 2743 497 2759 n.
521 2735 580 2760 tali
598 2734 636 2760 B:
658 2735 752 2760 trium
770 2734 837 2760 AC.
991 2736 1029 2760 18.
1052 2743 1193 2767 magnum
1212 2733 1239 2760 in
1260 2734 1282 2760 B
1302 2735 1344 2760 bis
1362 2734 1507 2767 scriptum.

178 2776 218 2793 21.
237 2768 245 2796 ΙΙ
258 2769 376 2799 corpora
390 2766 413 2792 B
426 2766 445 2793 s.
461 2769 508 2793 228
517 2776 540 2793 c.

709 2834 738 2866 5.
762 2825 839 2867 Sap.
857 2826 903 2869 xi..
921 2835 971 2857 21.
