2095 3278
235 200 321 246 452
905 200 1109 233 RICARDI
1141 199 1441 232 ARMACHANI
1867 189 1968 243 [Lm.
1991 201 2049 229 1v.

235 325 297 363 §she
310 323 423 351 inferior
438 323 500 351 title
560 316 647 351 RIC.
676 316 830 350 Constat
857 316 955 360 quod
980 327 1066 359 non,
1085 315 1184 350 iuxta
1201 314 1402 361 premissa3
1429 320 1485 349 set
1510 319 1565 348 est
1591 313 1713 358 quoad
1734 314 1832 358 leges
1848 312 1945 354 [4213

235 359 451 424 siitaiicc‘ieeffiegyas
512 375 695 408 humanas
719 374 917 417 sufficiens,
936 374 1023 419 quia
1047 373 1209 408 continet
1236 372 1400 407 radicem
1426 371 1679 414 sufficientem,
1707 382 1834 406 secun-

235 424 341 451 human
353 425 414 451 law.
514 433 603 466 dum
627 432 725 476 leges
749 432 943 474 humanas,
963 443 1032 476 que
1051 432 1097 466 de
1114 431 1199 465 solis
1219 430 1381 464 iudicant
1404 428 1606 464 manifestis
1624 429 1672 463 ad
1689 429 1836 463 heredi-

514 496 629 524 tatem
666 489 885 523 iudicialiter
916 496 953 524 et
988 489 1083 523 iusto
1121 488 1257 523 iudicio
1294 487 1546 532 optinendam,
1580 486 1748 531 quamvis
1783 485 1836 521 sic

514 547 716 591 optinendo
740 547 887 582 titulum
911 546 1064 581 dominii
1089 546 1166 581 sive
1193 545 1398 580 dominium
1419 556 1495 579 non
1513 544 1698 589 acquirat:
1726 544 1835 587 unde,
1850 552 1868 584 5

512 606 592 649 lege
607 605 701 639 iusta
712 606 892 648 obstante,
906 616 981 639 non
994 611 1114 649 potest
1127 604 1439 647 secundogenitus
1452 603 1578 645 iustus,
1591 601 1837 647 primogenito

514 662 628 707 impio
647 663 835 705 existente,
854 663 1099 697 hereditatem
1117 668 1308 706 paternam
1326 660 1428 695 adire
1444 673 1452 702 3
1481 672 1550 694 nec
1575 666 1731 705 possunt
1753 658 1837 693 iusti

514 721 710 765 impiorum
726 720 981 765 possessiones
994 720 1150 764 diripere
1166 719 1242 754 sive
1257 718 1432 763 recipere,
1447 718 1517 752 nisi
1537 717 1746 761 indigencia
1763 716 1836 751 exi-

512 784 635 823 gente,
650 777 791 822 legibus
809 777 927 812 eciam
947 777 1051 812 iustis
1070 777 1304 811 obstantibus
1322 783 1358 811 et
1376 775 1586 810 racionibus
1605 773 1836 820 supradictis.

562 838 652 871 IOH.
678 836 813 870 Adhuc
841 836 938 880 quod
967 835 1058 870 dicis
1090 836 1199 880 plene
1226 846 1300 868 non
1328 833 1432 878 capio
1447 846 1456 875 ;
1483 833 1657 878 quoniam
1687 843 1732 867 ex
1764 842 1836 876 quo
1848 828 1937 869 capis
1953 835 1983 858 B-

513 893 780 939 primogenitus
798 893 989 938 peccando
1007 893 1128 938 perdit
1142 892 1356 927 hereditatis
1371 898 1524 936 paterne
1542 891 1571 925 si
1586 891 1685 936 quod
1702 890 1837 924 habeat

514 952 730 994 dominium,
749 958 784 986 et
808 962 969 996 peccans
990 950 1191 985 mortaliter
1214 950 1335 994 perdit
1362 948 1567 984 dominium
1596 948 1760 983 omnium
1789 948 1836 982 ab
1849 939 1963 980 om—z‘ss.

512 1021 556 1044 eo
574 1016 684 1044 antea
707 1009 929 1051 habitorum,
950 1009 1094 1043 illorum
1116 1008 1321 1042 dominium
1340 1007 1376 1041 in
1393 1007 1535 1052 aliquos
1557 1006 1743 1041 derivatur
1760 1005 1838 1040 sive

510 1067 797 1102 transfunditur:
825 1078 893 1101 nec
911 1067 1019 1101 video
1038 1066 1074 1100 in
1089 1066 1206 1110 primo
1224 1077 1312 1100 casu
1330 1065 1367 1099 in
1385 1076 1494 1109 quem
1511 1064 1693 1107 transiret,
1711 1063 1781 1098 nisi
1800 1063 1837 1097 in

511 1124 813 1169 propinquiorem
836 1124 873 1159 in
898 1123 1100 1168 sanguine;
1128 1135 1196 1158 nec
1223 1123 1260 1157 in
1288 1123 1451 1158 secundo
1473 1134 1561 1157 casu
1585 1122 1621 1156 in
1643 1132 1748 1167 quos,
1765 1120 1836 1156 nisi
1853 1127 1890 1160 15

511 1183 548 1217 in
568 1182 693 1218 iustos

560 1242 646 1275 RIC.
675 1242 796 1284 Terge
826 1241 952 1275 oculos
983 1246 1044 1275 tue
1074 1238 1222 1283 mentis,
1253 1245 1288 1274 et
1316 1238 1401 1273 vide
1429 1239 1528 1283 quod
1563 1237 1741 1282 originale
1770 1237 1837 1271 do-

511 1298 666 1333 minium
681 1298 718 1332 in
731 1299 871 1332 nullum
885 1304 1006 1343 potest
1020 1297 1175 1332 transire
1191 1309 1273 1331 curn
1287 1297 1334 1331 ab
1349 1296 1420 1331 alio
1436 1306 1619 1341 quoquam
1637 1295 1837 1336 amittitur;

513 1357 687 1401 quoniam
711 1367 903 1401 nunquam
927 1355 1058 1390 transit
1083 1356 1119 1390 in
1142 1356 1290 1397 malum,
1309 1366 1392 1389 cum
1412 1365 1487 1389 non
1511 1354 1556 1388 sit
1575 1365 1658 1387 cum
1684 1359 1839 1397 peccato

513 1414 658 1449 mortali
677 1413 757 1459 quis
776 1425 893 1458 capax
912 1413 1018 1456 illius,
1033 1425 1101 1448 nec
1120 1413 1252 1448 transit
1270 1412 1307 1446 in
1325 1413 1477 1455 bonum,
1492 1411 1667 1456 quoniam
1686 1410 1838 1455 quilibet
1855 1418 1894 1441 20

511 1475 629 1509 bonus
659 1473 799 1518 optinet
834 1472 954 1517 ipsum
989 1479 1085 1507 ante.
1137 1474 1201 1508 Set
1235 1483 1320 1506 cum
1355 1471 1435 1516 quis
1464 1476 1593 1515 peccat
1623 1469 1837 1511 mortaliter,

512 1530 717 1566 dominium
735 1529 910 1575 originale
928 1530 1040 1574 ipsius
1055 1530 1178 1574 quoad
1196 1529 1327 1574 ipsum,
1343 1529 1446 1563 sicud
1461 1527 1664 1573 paternitas
1682 1526 1718 1560 in
1733 1532 1837 1571 patre

512 1589 588 1623 filio
621 1588 814 1631 moriente,
849 1587 995 1633 penitus
1030 1586 1228 1630 evanescit,
1262 1587 1347 1621 licet
1381 1587 1564 1630 integrum
1597 1585 1635 1619 in
1667 1583 1838 1619 omnibus

512 1647 616 1682 iustis
634 1652 823 1681 remaneat
841 1657 848 1689 ;
876 1646 981 1680 sicud
1003 1645 1122 1680 eciam
1142 1645 1178 1679 in
1197 1644 1324 1690 primis
1347 1644 1485 1678 nostris
1507 1642 1735 1688 parentibus,
1754 1652 1838 1675 cum

511 1712 598 1740 tunc
616 1716 689 1739 non
707 1704 851 1738 fuerant
869 1703 907 1737 in
926 1714 1017 1748 quos
1036 1709 1163 1748 posset
1182 1702 1349 1745 transire,
1368 1713 1495 1736 eorum
1520 1700 1736 1743 dominium,
1755 1709 1838 1734 cum
1854 1709 1891 1741 25

511 1763 727 1808 peccabant,
746 1762 899 1796 omnino
917 1761 1075 1796 evanuit.
1128 1761 1347 1795 Dominium
1365 1771 1452 1794 vero
1471 1758 1733 1801 adventicium,
1753 1756 1840 1802 quia

510 1820 690 1865 originale
718 1819 735 1838 ‘¹‘
765 1819 970 1854 dominium
996 1819 1033 1853 in
1059 1830 1278 1864 quocunque
1305 1817 1426 1863 ipsum
1456 1818 1618 1851 habente
1653 1815 1879 1860 supponit,G

511 1878 649 1924 pariter
663 1877 852 1922 peccando
870 1876 1074 1911 mortaliter
1091 1876 1277 1911 evanescit
1293 1887 1301 1919 ;
1328 1887 1397 1910 nec
1414 1874 1545 1909 transit
1565 1874 1625 1908 illo
1642 1879 1838 1918 peccatore

512 1936 709 1981 superstite
735 1936 772 1970 in
798 1935 910 1969 alium
935 1936 1015 1979 lege
1042 1934 1138 1969 iusta
1165 1935 1337 1969 obstante
1365 1933 1418 1978 (ut
1445 1932 1557 1977 dixi):
1591 1943 1657 1976 per
1681 1937 1837 1965 mortem

510 2001 636 2029 tamen
670 1993 777 2036 illius,
807 1993 906 2026 nulla
939 1993 1019 2036 lege
1052 1993 1234 2034 obstante,
1260 1991 1392 2026 transit
1427 1990 1463 2024 in
1492 1989 1701 2034 proximum
1732 1988 1761 2023 si
1792 1987 1837 2023 sit
1852 1992 1892 2023 30

510 2052 626 2086 iustus
653 2051 710 2086 cui
737 2051 942 2085 secundum
965 2050 1084 2094 legem
1111 2050 1275 2093 debetur,
1295 2049 1325 2083 si
1350 2048 1387 2082 in
1410 2047 1554 2082 iusticia
1580 2046 1778 2089 moriatur3
1807 2045 1837 2079 si

509 2121 596 2145 vero
621 2109 800 2143 moriatur
824 2108 860 2142 in
889 2108 1036 2149 scelere,
1056 2119 1139 2142 cum
1160 2113 1247 2141 tunc
1271 2105 1476 2141 dominium
1499 2105 1640 2139 nullum
1658 2104 1836 2148 optineat,

508 2179 584 2202 non
616 2172 736 2211 potest
770 2165 807 2199 in
841 2165 955 2200 alium
991 2165 1197 2199 dominium
1232 2164 1411 2206 derivare,
1446 2169 1501 2197 set
1535 2161 1739 2197 dominium
1772 2172 1837 2206 per

509 2226 654 2261 titulum
682 2225 772 2268 legis
800 2224 837 2258 in
866 2223 1032 2268 proximo
1059 2222 1184 2268 gracia
1210 2223 1390 2257 illustrato
1419 2221 1532 2256 oritur
1560 2220 1607 2255 de
1640 2231 1738 2254 novo
1771 2230 1836 2254 seu

509 2283 683 2329 gignitur,
702 2289 738 2318 et
757 2282 920 2317 dominio
939 2281 1104 2325 originali
1123 2280 1289 2316 adicitur.
1851 2276 1891 2309 35

436 2399 498 2431 XI.
562 2397 792 2432 IOHANNES.
838 2396 1097 2443 Intelligamne
1130 2392 1407 2439 possessionem
1442 2392 1552 2427 istam
1586 2390 1647 2425 hic
1680 2390 1838 2435 positam
1852 2401 1959 2432 supra,
1973 2401 2030 2432 pp.

512 2466 593 2490 esse
611 2466 694 2489 eam
713 2465 823 2499 quam
844 2465 954 2497 supra
973 2453 1008 2486 in
1028 2452 1142 2487 tercio
1161 2451 1268 2486 huius
1286 2450 1563 2495 descripseras?
1851 2436 1916 2475 384
1931 2445 2000 2475 seq·

235 2524 366 2551 Relation
380 2523 484 2550 ofcivil
561 2514 786 2547 RICARDUS.
815 2510 1007 2545 Possessio
1032 2510 1119 2544 facti
1147 2508 1324 2544 naturalis
1351 2515 1386 2543 et
1417 2507 1543 2549 civilis,
1570 2506 1651 2551 ipso
1680 2505 1838 2540 termino

233 2559 460 2619 gggizgssralpos-
514 2576 661 2614 sumpto
687 2569 785 2603 iuxta
810 2580 918 2603 usum
942 2579 1187 2608 communem,
1214 2567 1422 2600 nullatenus
1447 2564 1718 2608 distinguntur3
1746 2574 1837 2608 quo-

512 2628 611 2662 niam
639 2634 791 2671 utraque
819 2626 932 2660 nichil
962 2626 1073 2660 habet
1102 2624 1260 2669 amplius
1295 2623 1366 2657 nisi
1397 2622 1684 2667 occupacionem
1717 2632 1837 2655 rerum
1850 2635 1893 2667 40

512 2685 769 2728 voluntariam,
790 2684 867 2719 sive
890 2684 985 2718 iusta
1007 2682 1113 2718 fuerit
1137 2681 1324 2727 possessio
1353 2681 1429 2715 sive
1456 2680 1613 2714 iniusta:
1650 2678 1837 2723 possessio

511 2755 597 2779 vere
624 2742 814 2785 naturalis,
833 2754 903 2787 que
931 2751 1112 2776 annexam
1139 2740 1251 2774 habet
1280 2738 1464 2773 iusticiam
1494 2744 1549 2772 est
1577 2736 1648 2771 alia
1676 2748 1698 2771 a
1727 2735 1836 2779 civili,

513 2801 676 2845 intelligo
707 2800 805 2845 quod
831 2811 873 2835 ex
901 2799 972 2834 alia
1002 2810 1112 2833 causa
1142 2803 1195 2832 est
1225 2797 1318 2831 iusta
1348 2807 1457 2841 quam
1484 2795 1600 2830 civilis
1626 2794 1835 2840 possessio;
