2008 3305
170 171 251 223 196
835 177 900 208 DE
934 175 1152 208 DoM1Nro
1183 176 1357 208 Divino
1607 162 1712 222 [CAP.
1736 176 1775 205 v.

447 293 504 331 vel
524 293 669 339 veritas,
692 299 729 330 et
753 293 827 330 alia
847 292 963 330 nichil
985 293 1024 329 in
1045 291 1342 341 comparacione
1370 290 1418 327 ad
1438 290 1589 339 ipsum3
1626 288 1772 338 supple,
1788 291 1887 334 [67A

447 365 608 401 univoce
643 363 854 402 secundum
889 364 1139 401 existenciam
1173 362 1232 399 vel
1270 374 1354 399 esse
1388 360 1544 398 actuale.
1602 359 1772 422 Quando

448 442 576 471 autern
606 434 854 472 considerant
883 446 943 471 res
973 433 1186 471 secundum
1215 431 1541 481 inperfeccionem
1562 430 1621 467 vel
1643 430 1774 468 defici-

448 505 599 541 enciam
615 506 653 541 in
669 504 733 550 eis,
744 504 898 554 qualem
913 504 1215 554 inseparabiliter
1231 503 1345 540 habet
1359 502 1569 539 existencia
1578 501 1777 539 cuiuslibet

449 583 633 620 creature,
663 582 752 612 tunc
782 575 926 620 dicunt,
957 575 1061 624 quod
1090 581 1262 612 creature
1299 579 1387 611 sunt
1417 572 1646 618 substancie,
1676 571 1807 615 acci-5

447 646 594 691 dencia,
618 646 674 682 vel
701 646 806 683 aliter
833 645 1046 683 secundum
1072 644 1322 694 philosophos
1352 643 1573 689 nominata3
1603 649 1640 680 et
1668 641 1776 679 Deus

447 729 526 753 non
547 722 603 753 est
624 717 855 762 substancia,
880 717 1062 762 essencia,
1084 716 1143 753 vel
1159 715 1261 753 aliud
1278 713 1551 760 nominandus,
1574 713 1643 751 sed
1662 724 1776 762 super

448 799 605 824 omnem
636 787 951 824 nominacionem
971 787 1193 831 humanam.
1248 786 1298 823 Et
1327 785 1366 822 in
1386 785 1457 822 ista
1477 784 1777 834 equivocacione

448 863 667 894 sanctorum
688 856 935 906 loquencium
956 864 1082 894 errant
1102 856 1221 894 multi.

170 948 194 963 2.
216 938 242 963 It
256 938 322 963 does
335 941 384 963 not
501 927 561 964 Ex
582 927 660 964 istis
690 927 848 965 faciliter
873 928 1057 965 tolluntur
1081 928 1265 965 instancie
1287 939 1360 977 que
1384 926 1481 963 fiunt
1507 931 1639 964 contra
1666 925 1778 962 istam
1794 940 1832 964 10

169 972 342 1041 ῗῃῖιέηὴε
355 1023 404 1041 ens
449 999 699 1036 sentenciam.
776 998 940 1036 Videtur
983 999 1087 1036 enirn
1125 999 1251 1048 primo
1290 997 1419 1048 ‘quod
1457 1009 1525 1034 ens
1565 996 1778 1045 analogum

170 1050 329 1115 {35}an
342 1057 365 1075 ¹⁵
378 1057 395 1074 a
449 1071 457 1087 ‘
474 1067 490 1084 ‘¹‘
506 1068 600 1105 foret
620 1081 755 1117 genus,
774 1069 865 1118 quia
880 1069 1098 1118 predicatur
1117 1069 1279 1106 univoce
1299 1069 1339 1105 in
1359 1066 1473 1118 quid.'
1507 1067 1583 1105 Sed
1603 1078 1777 1116 assump-
1791 1073 1822 1102 B

448 1146 528 1176 tum
550 1139 740 1177 claudicat
760 1140 799 1175 in
827 1139 1002 1177 duobus:
1033 1152 1114 1177 non
1135 1139 1238 1177 enim
1257 1139 1472 1188 predicatur
1498 1138 1571 1175 nisi
1597 1137 1780 1187 equivoee

450 1209 497 1246 de
533 1209 662 1258 aliquo
692 1222 759 1259 per
791 1222 831 1247 se
863 1210 902 1246 in
933 1222 1085 1259 genere,
1116 1210 1206 1259 quia
1230 1222 1310 1247 non
1341 1209 1556 1247 secundum
1582 1208 1780 1246 racionem

449 1280 601 1328 generis
622 1280 681 1317 vel
704 1280 956 1317 existenciam
984 1287 1167 1326 creature,
1188 1286 1230 1317 ut
1250 1280 1370 1317 homo
1394 1291 1474 1317 non
1495 1285 1551 1316 est
1572 1278 1780 1317 formaliter
1795 1292 1833 1325 15

450 1363 518 1387 ens
548 1350 793 1399 intelligibile,
824 1350 892 1388 sed
921 1351 1089 1388 existens
1119 1351 1158 1387 in
1184 1363 1353 1400 genere;
1397 1362 1467 1388 nec
1496 1349 1713 1399 pr'edicatur
1741 1350 1781 1386 in

450 1420 542 1470 quid
571 1420 639 1458 sed
667 1421 706 1457 in
737 1421 854 1470 quod,
885 1433 974 1458 cum
1002 1422 1167 1459 nescitur
1196 1421 1288 1470 quid
1318 1433 1378 1458 res
1407 1427 1463 1458 est
1492 1433 1539 1458 ex
1568 1420 1645 1457 hoc
1677 1419 1783 1469 quod

451 1491 698 1540 cognoscitur
724 1492 849 1540 ipsam
877 1503 973 1537 esse,
1006 1504 1076 1529 nec
1105 1498 1161 1529 est
1191 1491 1411 1529 differencia
1432 1490 1491 1528 vel
1516 1490 1619 1528 racio
1649 1490 1781 1528 distin-

452 1562 602 1609 gwendi
623 1573 741 1599 unam
763 1574 844 1598 rem
864 1563 914 1599 ab
930 1563 1004 1599 alia
1023 1575 1091 1611 per
1111 1562 1184 1600 hoe
1206 1562 1312 1612 quod
1328 1569 1384 1599 est
1403 1562 1461 1599 vel
1481 1561 1699 1611 intelligitur
1718 1567 1783 1598 aut

451 1639 577 1681 potest
598 1644 702 1669 esse:
732 1632 820 1670 ideo
842 1633 1050 1682 analogum
1073 1639 1129 1670 est
1154 1645 1270 1682 supra
1289 1645 1405 1671 omne
1419 1644 1541 1682 genus
1557 1639 1725 1670 creatum
1745 1638 1782 1670 et
1796 1648 1837 1670 20

451 1703 681 1752 principium
702 1703 829 1740 omnis
850 1703 1073 1741 universalis
1094 1704 1221 1742 creati.

173 1782 414 1829 &northam-is
508 1773 687 1811 Secundo
726 1774 888 1811 obicitur
925 1786 995 1823 per
1033 1774 1108 1812 hoc
1149 1775 1278 1824 ‘quod
1326 1787 1394 1812 ens
1442 1774 1650 1824 analogum
1687 1773 1784 1812 foret

175 1822 290 1850 ‘morto
304 1817 385 1848 GOd'
454 1844 649 1892 ‘superius
670 1850 706 1881 et
733 1856 800 1892 per
820 1856 1063 1893 consequens
1092 1845 1195 1893 prius
1216 1845 1314 1891 Deo,
1335 1851 1372 1882 et
1395 1844 1504 1883 Deus
1526 1845 1607 1882 eius
1632 1845 1784 1894 partici-

453 1915 640 1963 ‘pacione
673 1914 771 1952 foret
804 1914 896 1952 ens.'
955 1914 1031 1952 Sed
1069 1921 1175 1964 patet
1205 1916 1310 1964 quod
1347 1929 1418 1965 pro
1450 1922 1613 1966 utroque
1646 1915 1784 1953 falsum

453 1985 683 2022 assumitur:
729 1997 819 2021 nam
861 1985 992 2035 quoad
1039 1986 1271 2023 subsistendi
1318 1987 1645 2036 consequenciam
1691 1998 1783 2024 con·
1798 1995 1836 2028 25

453 2061 659 2101 vertuntur,
709 2067 780 2093 nec
837 2056 1005 2104 aliquam
1053 2057 1267 2094 essenciam
1316 2057 1407 2094 dicit
1455 2069 1524 2094 ens
1573 2057 1785 2106 analogum

456 2133 579 2174 preter
608 2125 748 2171 Deum,
778 2138 867 2163 cum
894 2138 1010 2163 omne
1034 2127 1266 2176 intelligibile
1295 2128 1341 2164 sit
1369 2127 1488 2174 Deus,
1509 2139 1631 2177 genus
1658 2134 1786 2165 autem

455 2197 727 2246 participatum
749 2197 839 2234 dicit
864 2197 1004 2234 multas
1025 2198 1219 2235 essencias
1244 2198 1455 2246 singulares
1475 2210 1638 2248 quarum
1658 2199 1785 2248 ipsum

454 2274 511 2305 est
530 2279 617 2317 pars
639 2267 873 2316 quiditativa.
930 2268 981 2305 Et
1006 2274 1123 2317 patet,
1146 2280 1235 2306 curn
1261 2269 1388 2317 ipsum
1408 2282 1454 2306 ex
1476 2281 1578 2319 equo
1599 2269 1645 2306 sit
1665 2268 1784 2314 Deus,

454 2337 560 2387 quod
591 2350 662 2374 nec
694 2344 751 2374 est
786 2338 890 2386 prius
922 2351 993 2376 nec
1025 2344 1160 2376 natura
1193 2339 1382 2388 posterius
1421 2338 1531 2386 Deo;
1580 2339 1648 2376 sed
1685 2339 1784 2376 bene
1798 2355 1840 2386 30

455 2409 623 2458 sequitur
644 2408 750 2457 quod
771 2409 897 2445 omnis
928 2415 1102 2446 creatura
1123 2409 1168 2446 sit
1188 2409 1451 2458 participative
1472 2422 1551 2457 ens,
1575 2410 1663 2459 quia
1683 2410 1786 2459 capit

456 2478 725 2529 particularem
752 2479 951 2515 entitatem
971 2491 1047 2528 que
1067 2486 1123 2516 est
1151 2491 1239 2528 pars
1261 2480 1467 2517 subiectiva
1494 2480 1552 2518 sui
1581 2480 1730 2529 generis
1750 2486 1787 2518 et

455 2562 524 2587 ens
554 2549 762 2597 analogum
795 2549 872 2586 sive
902 2548 1021 2587 Deus.
1096 2548 1204 2586 Deus
1233 2562 1339 2598 ergo,
1370 2562 1458 2588 curn
1487 2550 1532 2588 sit
1556 2562 1673 2588 omne
1703 2562 1785 2596 enS,

459 2619 570 2669 ssquia
583 2619 841 2656 essencialiter
857 2619 984 2656 omnis
997 2619 1099 2656 racio
1116 2619 1357 2669 exemplaris,
1376 2620 1481 2669 quod
1501 2620 1602 2658 idem
1622 2627 1689 2667 est,
1705 2633 1783 2658 non
1798 2629 1825 2659 0

492 2718 513 2742 8.
534 2719 542 2745 ΙΙ
555 2717 718 2741 humanam
739 2716 761 2741 B
776 2715 793 2740 s.
809 2726 855 2748 242
866 2725 890 2741 c,
1021 2727 1057 2748 17.
1079 2717 1209 2742 nescitur
1220 2717 1244 2741 A
1255 2716 1278 2742 C
1292 2724 1298 2742 ε
1317 2726 1370 2742 non
1385 2718 1514 2743 noscitur
1526 2717 1556 2743 Β,
1688 2727 1727 2749 31.
1746 2718 1786 2743 sit

453 2751 663 2782 participative
679 2750 699 2774 B
712 2757 717 2775 ζ
730 2750 776 2781 fit
783 2751 1015 2782 partz'cspacione
1028 2751 1053 2775 A
1063 2750 1093 2776 C.
1217 2760 1257 2783 32.
1278 2752 1327 2776 sui
1339 2751 1376 2776 A2
1387 2750 1425 2780 (in
1440 2751 1539 2784 marg.)
1553 2751 1574 2776 B
1584 2750 1607 2778 C
1619 2757 1625 2777 ζ
1647 2752 1737 2777 tocius
1749 2751 1784 2776 A¹

459 2790 638 2816 expunctum.
