2008 3305
645 213 989 246 PRELIMINARY
1022 212 1219 245 NOTICE.

134 333 232 375 57A]
250 336 285 365 et
298 331 395 375 quod
415 330 450 364 in
469 329 625 374 collegio
651 330 907 375 apostolorum
934 329 1012 364 sive
1039 327 1203 364 fidelium
1229 326 1387 362 aliorum
1414 337 1489 361 non
1514 325 1581 361 fuit

27 746 193 773 ostenaens

27 795 92 816 om.
107 793 137 816 B.

30 1556 110 1587 nodo
127 1563 158 1586 B.

248 388 455 433 proprietas
473 389 657 423 bonorum
674 388 728 422 eis
747 386 1009 422 communium.

296 446 525 480 Vicesimum
567 445 722 480 tercium
755 444 960 489 capitulum
1002 450 1156 479 conatur
1195 449 1359 478 astruere
1400 441 1500 487 quod
1542 441 1579 476 in
1600 446 1652 478 25.

251 504 399 539 Christo
417 510 480 538 aut
499 503 576 538 eius
595 503 770 548 apostolis
788 514 862 537 non
887 503 955 537 fuit
982 502 1189 547 proprietas
1215 501 1339 546 aliqua
1364 512 1486 536 rerum
1511 511 1582 534 nec

250 561 306 595 ius
336 561 463 595 utendi
493 561 597 596 civile
625 567 687 595 aut
715 561 816 595 aliud
846 560 1059 605 proprium3
1088 566 1143 594 set
1170 559 1207 593 in
1235 571 1323 594 casu
1348 557 1582 593 necessitatis

250 619 360 653 debet
377 619 532 664 quisque
551 630 634 653 cum
653 618 819 663 proximo
839 630 916 661 suo,
936 618 966 653 si
984 617 1083 660 velit,
1103 617 1268 652 dividere
1286 617 1384 662 quod
1402 617 1524 651 habet.

296 677 525 711 Vicesimum
558 683 728 721 quartum
762 676 963 721 capitulum
990 675 1102 710 obicit
1133 682 1263 710 contra
1294 674 1510 719 precedens,
1544 678 1580 708 et
1601 682 1651 713 24.

252 735 370 778 solvit,
395 735 598 769 ostendens
629 733 728 779 quod
763 734 799 768 in
826 745 915 768 casu
941 732 1173 768 necessitatis
1200 733 1357 767 duorum
1382 732 1582 777 aliquando

252 799 308 827 est
344 791 566 836 perfeccioni
605 791 829 826 conformius
862 791 1115 826 necessarium
1151 790 1295 837 utrique
1328 796 1447 825 totum
1480 789 1583 824 alteri

250 849 396 886 tradere
414 861 527 894 quam
545 856 681 892 tenere,
698 855 734 884 et
752 849 953 894 aliquando
971 857 1133 884 econtra.

297 908 527 942 Vicesimum
547 907 717 952 quintum
735 907 937 952 capitulum
962 914 1090 942 contra
1114 907 1185 941 hoc
1204 905 1328 950 obicit,
1347 912 1384 941 et
1402 905 1582 949 dissolvit,
1604 913 1654 946 25-

250 972 420 1011 repetens
447 965 731 1000 distinccionem
757 965 1006 1009 possessionis
1034 965 1211 1000 naturalis
1242 971 1354 1010 atque
1381 964 1585 999 ostendens

250 1024 409 1069 qualiter
425 1023 550 1067 regule
568 1022 810 1068 perfeccionis
836 1029 871 1057 et
897 1022 1072 1066 caritatis,
1092 1022 1188 1066 fidei,
1206 1028 1318 1067 atque
1340 1022 1417 1067 spei
1437 1033 1586 1067 posses-

251 1081 345 1117 sioni
365 1081 551 1116 communi
570 1080 804 1123 conveniunt,
824 1081 969 1126 proprie
987 1080 1214 1125 possessioni
1232 1091 1479 1125 nequaquam.

297 1139 525 1174 Vicesimum
545 1145 687 1173 sextum
705 1138 907 1183 capitulum
926 1138 1121 1173 obiciendo
1143 1150 1187 1173 ac
1215 1139 1393 1173 solvendo
1417 1138 1581 1173 declarat
1602 1133 1653 1168 26·

251 1197 409 1242 qualiter
426 1196 582 1231 consilia
607 1197 824 1241 evangelica
849 1197 988 1231 debent
1014 1196 1181 1240 intelligi,
1209 1202 1245 1231 et
1271 1197 1373 1242 quod
1398 1197 1501 1240 leges
1527 1208 1582 1231 re-

251 1254 416 1300 pressive
434 1255 617 1288 malorum
635 1261 719 1289 sunt
739 1254 845 1289 utiles
864 1260 899 1288 et
918 1255 1056 1289 debent
1074 1265 1096 1288 a
1113 1253 1265 1299 prelatis
1284 1253 1440 1289 ecclesie
1459 1255 1584 1288 obser-

251 1313 341 1356 vari,
361 1313 410 1347 ita
428 1313 529 1358 quod
547 1319 721 1348 tenentur
738 1312 895 1348 ecclesie
920 1313 1020 1347 bona
1042 1323 1089 1347 ne
1114 1313 1293 1347 tollantur
1318 1312 1530 1356 defendere,
1550 1318 1586 1347 et

252 1370 283 1405 si
311 1371 487 1405 tollantur
513 1378 681 1415 repetere
698 1383 706 1412 ;
734 1376 769 1405 et
800 1370 951 1415 exponit
987 1370 1078 1404 illud
1112 1370 1284 1415 apostoli,
1317 1370 1403 1405 Iam
1436 1371 1587 1415 quidem

251 1429 402 1463 omnino
419 1428 593 1463 delictum
611 1433 665 1463 est
680 1429 721 1462 in
739 1429 842 1463 vobis
859 1428 963 1473 quod
974 1429 1158 1463 iudicium
1175 1428 1325 1463 habetis.

300 1486 528 1521 Vicesimum
548 1486 749 1531 septimum
767 1486 968 1531 capitulum
986 1486 1099 1521 obicit
1118 1497 1162 1520 ac
1188 1486 1358 1521 dissolvit
1380 1486 1583 1521 ostendens
1604 1491 1655 1527 27-

253 1544 354 1589 quod
379 1544 436 1579 ius
462 1544 569 1578 civile
595 1556 661 1578 seu
688 1545 745 1579 lex
771 1544 808 1578 in
833 1545 947 1579 modo
973 1545 1083 1579 rebus
1110 1544 1239 1579 utendi
1266 1545 1521 1590 apostolorum
1549 1551 1586 1579 et

252 1602 499 1638 communiter
532 1603 759 1647 prelatorum
793 1609 829 1637 et
862 1602 932 1637 sibi
967 1602 1229 1645 subiectorum,
1265 1614 1309 1637 ac
1344 1602 1587 1646 collegiorum

251 1660 407 1695 ecclesie
425 1661 588 1705 prelatos
606 1660 842 1704 habencium,
861 1661 1003 1695 nullum
1030 1659 1086 1695 ius
1113 1660 1240 1695 utendi
1261 1661 1371 1695 rebus
1395 1660 1586 1705 proprium

251 1730 316 1753 seu
334 1718 612 1763 possessionem
630 1718 708 1752 iure
725 1718 915 1763 propriam
933 1718 1145 1753 necessario
1164 1730 1292 1753 secum
1309 1719 1434 1753 habet.

297 1776 529 1810 Vicesimum
543 1782 715 1810 octavum
735 1776 947 1820 capitulum,
967 1775 1133 1811 obiciens
1157 1776 1203 1811 de
1229 1775 1449 1810 auctoritate
1475 1787 1584 1820 supe·
1606 1776 1656 1808 28.

252 1833 357 1868 rioris
373 1834 450 1869 sive
468 1834 635 1876 ecclesie,
655 1834 835 1877 dissolvit,
855 1835 1058 1869 ostendens
1077 1834 1177 1879 quod
1195 1845 1269 1868 non
1288 1834 1441 1869 adducit
1457 1845 1585 1869 neces-

253 1892 351 1927 sario
369 1892 634 1937 proprietatem
653 1904 719 1927 seu
736 1892 1016 1937 possessionem
1035 1892 1192 1927 civilem.

298 1950 530 1985 Vicesimum
557 1961 699 1985 nonum
728 1950 930 1995 capitulum
960 1950 1084 1993 obicit,
1114 1957 1150 1985 et
1181 1949 1361 1994 dissolvit,
1391 1950 1586 1985 declarans
1607 1959 1657 1991 29·

253 2008 355 2053 quod
388 2020 456 2043 nec
489 2020 589 2053 papa
622 2020 693 2043 nec
726 2008 886 2052 apostoli
920 2019 991 2043 nec
1025 2019 1154 2043 eorum
1179 2020 1415 2043 successores
1440 2008 1477 2043 in
1503 2020 1587 2053 pre-

255 2066 351 2100 senti
384 2072 557 2101 tenentur
599 2077 643 2100 ex
684 2072 862 2111 precepto
905 2065 1016 2100 istam
1057 2072 1317 2111 paupertatem
1360 2066 1588 2101 artissimam

255 2124 477 2167 observare;
505 2130 541 2158 et
571 2123 723 2168 exponit
752 2123 841 2158 illud
871 2125 963 2158 Mat.
988 2135 1032 2167 V.,
1057 2124 1151 2158 Nisi
1174 2125 1328 2158 iusticia
1354 2128 1481 2158 vestra
1496 2124 1591 2170 plus

253 2181 541 2225 habundaverit,
561 2188 630 2216 etc.

301 2239 550 2273 Tricesimum
568 2239 770 2285 capitulum
789 2238 951 2273 ostendit
970 2238 1042 2273 alia
1068 2239 1218 2274 racione
1244 2239 1282 2274 id
1308 2239 1419 2282 idem,
1437 2246 1474 2274 et
1499 2240 1589 2274 ulte·
1610 2247 1661 2278 30·

255 2296 331 2331 rius
364 2296 539 2341 patefacit
573 2297 673 2341 quod
707 2296 844 2331 ditacio
873 2296 1148 2341 perfeccionem
1181 2304 1243 2332 aut
1278 2296 1591 2341 inperfeccionem

256 2365 323 2399 per
349 2366 389 2389 se
415 2355 554 2389 nullam
584 2354 748 2396 adducit,
778 2365 899 2399 neque
926 2361 1153 2399 pauperta53
1189 2361 1224 2389 et
1253 2355 1357 2399 ponit
1387 2366 1500 2389 unum
1532 2366 1591 2389 co-

204 2417 235 2446 B
258 2411 374 2445 lorem
405 2411 507 2456 quod
535 2411 656 2446 minor
683 2418 882 2456 paupertas
912 2411 1056 2446 videtur
1086 2412 1206 2456 magis
1232 2412 1249 2432 *
1279 2412 1478 2447 convenire
1507 2424 1590 2457 pre-

256 2469 415 2503 latorum
437 2468 548 2504 statui
574 2469 610 2504 in
634 2469 808 2514 presenti,
827 2476 864 2504 et
884 2469 1002 2504 maior
1026 2469 1136 2504 statui
1156 2470 1384 2515 prelatorum
1401 2470 1590 2505 nascentis

256 2526 423 2561 ecclesie.

304 2583 550 2618 Tricesimum
585 2585 746 2629 primum
780 2584 984 2630 capitulum
1024 2585 1130 2630 ponit
1171 2584 1282 2620 aliam
1318 2585 1508 2620 racionem
1541 2586 1589 2621 ad
1608 2591 1661 2623 31·

256 2640 445 2675 obiectum
472 2641 639 2677 vicesimi
665 2642 755 2677 noni
783 2643 945 2687 capituli,
972 2649 1008 2678 et
1036 2642 1148 2678 obicit
1175 2650 1306 2678 contra
1332 2650 1590 2688 paupertatem

256 2698 483 2733 artissimam
510 2700 738 2744 prelatorum
765 2712 832 2746 per
859 2701 1119 2735 thesaurorum
1148 2701 1430 2745 possessionem
1461 2708 1497 2737 et
1526 2713 1593 2746 per

257 2755 394 2789 iudicia
412 2756 592 2791 secularia
616 2768 688 2802 que
712 2757 843 2802 prelati
864 2764 1049 2801 exercent,
1068 2764 1104 2792 et
1129 2758 1231 2803 quod
1257 2764 1343 2793 sunt
1370 2758 1529 2793 barones
1555 2765 1591 2794 et

256 2812 412 2847 comites
429 2823 437 2855 ;
464 2820 500 2848 et
518 2813 626 2849 solvit
644 2814 843 2849 obiectum.

304 2869 551 2905 Tricesimum
571 2872 776 2907 secundum
804 2873 1006 2919 capitulum
1032 2873 1156 2917 obicit,
1181 2879 1216 2909 et
1239 2873 1407 2909 dissolvit
1434 2874 1591 2921 qualiter
1610 2883 1660 2915 32-

1787 201 1869 252 269
