2008 3305
183 249 269 278 CAP.
292 231 368 293 1x.]
661 241 805 280 LtBER
839 238 1036 275 PRIMUS.
1734 227 1787 281 63

70 366 165 407 21A]
180 363 251 400 ista
282 366 455 399 creatura
489 371 569 397 non
598 366 655 397 est
689 358 807 404 Deus,
839 358 907 396 sed
940 357 1042 394 idem
1073 355 1161 394 Deo
1191 356 1229 392 in
1258 352 1412 392 racione
1442 367 1508 392 ex-

180 432 350 482 emplari,
382 437 419 469 et
457 429 670 469 secundum
709 440 794 466 esse
835 428 1068 478 intelligibile
1111 426 1258 464 adintra
1296 432 1352 463 est
1391 425 1509 463 Deus.

180 502 274 539 Non
311 501 415 539 enim
449 511 609 550 possum
642 499 904 537 demonstrare
933 498 991 536 vel
1030 497 1241 546 intelligere
1279 502 1508 539 creaturam,

180 573 252 610 nisi
266 570 567 610 demonstrando
580 576 617 608 et
629 570 878 619 intelligendo
893 569 1034 607 Deum.
1074 568 1124 606 Et
1137 568 1202 605 diu
1217 567 1286 605 fuit
1301 574 1510 616 antequam

149 651 165 683 5
180 656 227 680 ex
250 641 453 691 Scripturis
473 640 643 678 intellexi
663 640 775 677 istam
791 639 1030 677 sentenciam
1050 638 1096 676 de
1117 638 1224 688 ydeis
1240 651 1249 685 3
1280 650 1398 687 quam
1420 650 1509 675 curn

179 713 385 750 illustratus
401 724 423 749 a
439 710 525 749 Deo
542 710 799 760 perfunctorie
816 710 1078 759 repperissem,
1096 721 1184 747 cum
1202 708 1346 758 gaudio
1361 708 1511 757 gracias

179 783 239 832 egi
277 782 375 828 Deo,
411 793 501 819 cum
537 793 607 819 suo
640 781 786 818 famulo
816 781 1035 830 Augustino
1069 786 1106 817 et
1144 780 1228 817 aliis
1266 791 1365 829 quos
1403 779 1510 816 Deus

179 852 395 891 eternaliter
415 851 565 890 ordinat
585 851 634 888 ad
654 851 729 888 hoc
749 851 1041 889 ministerialiter
1060 863 1123 889 rne
1142 851 1281 888 iuvare.

234 923 378 961 Tercio
399 928 504 972 patet
524 921 629 972 quod
648 921 753 959 nulla
783 926 955 959 creatura
975 928 1102 971 potest
1129 920 1272 971 ailquid
1298 920 1508 969 intelligere
1524 931 1545 954 3-
1569 922 1616 948 No
1630 926 1757 948 creature

1521 965 1573 982 can
1586 956 1759 982 understand

128 1002 167 1023 10
180 993 254 1030 nisi
279 993 385 1043 quod
404 992 512 1030 Deus
539 1004 631 1030 suus
652 992 835 1041 intelligit,
857 998 895 1030 et
914 1004 983 1041 per
1009 1004 1254 1042 consequens
1278 991 1382 1029 nulla
1403 1002 1508 1028 crea·
1522 989 1661 1022 anythiflg
1674 998 1740 1015 Save

180 1070 264 1101 tura
289 1062 463 1112 intelligit
488 1062 765 1112 inintelligibile
794 1063 930 1100 melius
959 1062 1047 1100 Deo
1077 1069 1252 1100 montem
1279 1074 1440 1099 aureum
1470 1066 1508 1098 et
1522 1023 1677 1084 vgffiscod
1690 1023 1780 1049 under

180 1140 318 1171 cetera.
378 1133 465 1179 Sed,
496 1139 537 1170 ut
561 1133 653 1170 alias
680 1133 844 1182 exposui
871 1133 1100 1182 Proslogion
1128 1133 1315 1179 Anselmi,
1337 1139 1510 1170 creature

179 1204 396 1253 intelligunt
415 1204 627 1250 simulacra,
650 1210 687 1241 et
707 1204 911 1242 oraciones
932 1210 1062 1242 nostre
1082 1204 1277 1253 predicate
1300 1203 1414 1241 simul
1436 1204 1513 1252 sig-

180 1281 275 1312 nant
304 1274 551 1312 materialiter
577 1280 751 1312 nostrum
781 1274 944 1312 modum
973 1274 1213 1323 intelligendi
1242 1281 1281 1312 et
1310 1286 1370 1312 res
1400 1274 1513 1311 intel-

128 1352 165 1383 15
180 1345 298 1383 lectas
323 1357 345 1382 a
374 1344 484 1382 Deo:
513 1351 550 1382 et
576 1345 734 1383 indubie
758 1344 822 1382 illo
844 1344 962 1382 modo
992 1351 1149 1394 propter
1172 1344 1513 1394 imperfeccionem

180 1415 288 1453 Deus
301 1427 382 1453 non
398 1421 523 1464 potest
536 1415 757 1464 intelligere,
766 1421 808 1452 ut
823 1427 896 1465 ego
910 1416 1089 1465 intellego
1106 1415 1235 1454 Deum
1249 1415 1513 1465 conponendo

181 1487 247 1532 sic,
260 1486 369 1524 Deus
388 1498 469 1523 non
488 1492 556 1523 est.
613 1486 663 1524 Et
682 1486 771 1524 hinc
794 1485 887 1524 false
908 1486 1046 1524 dicitur
1059 1487 1164 1537 quod
1192 1487 1362 1536 intelligo
1383 1487 1513 1525 Deum

179 1569 260 1595 non
279 1569 376 1594 esse.
434 1556 511 1595 Sed
540 1557 711 1606 intelligo
737 1556 867 1595 Deum
887 1563 924 1594 et
954 1569 1023 1595 ens
1045 1558 1098 1595 sic
1129 1557 1330 1596 fantastice
1351 1570 1513 1608 compo-

181 1627 322 1665 nendo.
369 1626 598 1676 Proposicio
619 1627 777 1677 quidem
798 1628 852 1665 sic
874 1628 1123 1677 impossibilis
1146 1640 1227 1666 non
1242 1628 1357 1667 habet
1371 1629 1512 1678 prima-

130 1708 170 1730 20
182 1698 282 1735 rium
299 1698 571 1746 significatum,
585 1698 675 1747 quia
691 1704 783 1736 tunc
799 1698 957 1736 racione
977 1698 1075 1736 illius
1087 1699 1253 1737 veritatis
1269 1698 1368 1737 foret
1387 1699 1514 1749 logice

181 1780 281 1806 vera.
341 1767 417 1805 Sed
441 1774 569 1817 partes
597 1768 679 1806 eius
708 1781 795 1806 vere
821 1768 965 1807 habent
994 1769 1208 1819 significata
1236 1770 1426 1819 primaria,
1447 1783 1513 1809 vo-

183 1838 310 1877 cando
321 1839 575 1888 szgrmficalum
586 1840 815 1887 primarium
827 1840 1037 1886 veritatem,
1055 1852 1172 1890 quam
1191 1842 1360 1890 proprio,
1374 1841 1511 1891 primo,

183 1908 361 1959 perfecte,
385 1916 421 1947 et
442 1921 490 1947 ex
514 1910 768 1959 imposicione
789 1910 978 1960 adequate
999 1911 1195 1960 significat,
1216 1918 1258 1950 ut
1276 1912 1348 1950 hec
1368 1924 1513 1962 propo-

138 1989 169 2018 Β
185 1980 278 2018 sicio
293 1992 391 2026 vera,
408 1979 514 2017 Deus
535 1986 647 2026 creat,
671 1980 861 2030 significat
883 1981 904 2004 *
925 1981 1105 2031 primarie
1127 1984 1345 2021 creanciarn
1365 1983 1451 2030 Dei,
1473 1990 1515 2021 ut

131 2067 168 2099 25
184 2051 232 2088 ab
248 2051 333 2100 ipso
350 2050 519 2088 efficitur.
563 2050 749 2096 Quamvis
765 2057 895 2089 autem
910 2052 1069 2089 verbum
1082 2059 1119 2090 et
1134 2053 1241 2091 Deus
1254 2054 1418 2092 eandem
1430 2067 1513 2092 rem

183 2121 385 2170 significat,
408 2133 488 2158 non
517 2127 649 2158 tamen
678 2121 845 2171 perfecte
866 2124 1222 2172 proporcionaliter‚
1242 2137 1331 2162 cum
1352 2126 1511 2163 verbum

183 2192 372 2241 significat
385 2192 715 2241 composicionem
731 2205 849 2243 quam
865 2193 945 2231 sine
961 2195 1152 2240 extremiS,
1168 2195 1322 2242 scilicet,
1338 2196 1512 2234 subiecto

184 2269 222 2300 et
242 2261 452 2311 predicato,
482 2275 563 2300 non
591 2269 649 2300 est
676 2264 1017 2312 proporcionaliter
1046 2265 1270 2315 intelligere.
1328 2266 1514 2313 Querenti

185 2344 288 2382 ergo,
311 2333 406 2383 quid
433 2333 624 2382 significat
651 2334 719 2371 iste
742 2335 939 2382 terminus,
961 2336 1251 2386 inintelligibile,
1276 2337 1456 2384 chimera,
1478 2345 1513 2376 et

131 2417 172 2448 30
185 2402 338 2447 similes,
360 2402 496 2440 dicitur
526 2403 633 2453 quod
664 2404 882 2453 significant
914 2418 1030 2444 omne
1063 2406 1307 2456 intelligibile,
1343 2408 1513 2458 quodam

183 2479 377 2522 conceptu
398 2473 592 2522 privative,
613 2480 651 2512 et
671 2486 788 2512 omne
816 2475 958 2514 animal
983 2477 1088 2527 quod
1108 2477 1318 2517 fantasians
1339 2479 1513 2528 intelligit

182 2542 301 2581 modo
329 2545 470 2581 erranti
498 2546 695 2596 componi.
751 2546 802 2584 Et
821 2546 938 2584 talem
960 2547 1121 2586 modum
1150 2555 1404 2587 connotatum
1433 2562 1512 2587 non

218 2666 240 2683 1.
261 2657 293 2682 z'n
306 2656 328 2682 B
341 2656 379 2683 C:
400 2660 429 2683 et
440 2657 473 2683 A.
574 2667 599 2690 7.
619 2659 627 2688 ΙΙ
640 2667 706 2684 cum
720 2659 742 2684 B
757 2658 774 2684 f.
791 2668 837 2684 221
850 2667 875 2685 c.
982 2661 1004 2686 8.
1024 2662 1195 2687 eternaliter
1210 2662 1232 2687 B
1245 2668 1251 2688 :
1266 2663 1435 2689 eternitatis
1444 2664 1470 2689 A
1483 2664 1513 2691 C.

184 2704 223 2733 ¹.²·
245 2696 414 2734 Proslqgion
426 2696 516 2735 codd:
534 2697 692 2735 pro-solam&
722 2698 879 2725 Anshelmz'
886 2705 895 2724 .·
911 2699 985 2731 Ans}
996 2693 1031 2725 W
1039 2700 1074 2731 A,
1086 2701 1150 2725 Am
1163 2701 1197 2730 Β.
1206 2701 1302 2734 Anffi
1309 2702 1339 2728 C.
1409 2712 1450 2735 29.
1471 2704 1514 2729 in-

183 2729 366 2769 znge-llzgzbzle
380 2729 418 2754 B:
439 2730 622 2762 mtellz'gz'bzle
633 2731 659 2756 A
668 2730 699 2757 C.
788 2741 827 2764 30.
849 2732 974 2764 quodam
987 2733 1010 2759 B
1022 2740 1028 2759 :
1048 2734 1126 2767 quod
1136 2734 1162 2759 A
1171 2734 1205 2761 C.
1305 2745 1344 2768 32.
1366 2738 1511 2769 componi:

183 2764 244 2794 9poz
259 2761 292 2794 B,
307 2765 387 2795 9p5m
400 2762 434 2795 A,
447 2766 528 2796 9pc5m
540 2772 564 2790 c.

326 2860 374 2881 12.
399 2851 543 2883 Anselm.
562 2853 709 2894 Proslog.
728 2854 781 2893 iv.‚
801 2854 889 2895 Opp.
906 2864 942 2894 31
957 2865 989 2897 a,
1002 2854 1052 2888 ed.
1070 2855 1248 2896 Gerberon,
1269 2864 1360 2898 1721.
