2095 3278
209 193 293 232 412

201 301 416 328 Unreasonable

201 336 392 374 emplovment
405 335 437 361 of

201 369 297 401 things
311 378 333 395 is
348 375 396 395 not
409 378 458 395 use

202 401 252 428 but
265 403 360 429 abuse.

202 760 292 787 Other
305 765 446 788 creatures

201 795 270 821 than
283 804 348 821 man

203 1222 275 1249 have
289 1228 337 1249 not
351 1221 458 1255 strictly

203 1256 339 1290 speaking
352 1266 401 1283 use
414 1257 446 1283 of

202 1290 304 1323 things.

200 1693 253 1719 We
266 1693 338 1719 have
351 1702 400 1719 use
414 1693 453 1722 of,

200 1727 251 1752 but
265 1733 315 1753 not
329 1727 454 1759 lordship

199 1769 231 1786 or
243 1761 388 1793 authority

199 1802 274 1827 over,
288 1794 336 1820 the
348 1794 453 1828 angels.

348 2679 461 2711 XXII.

204 2730 240 2756 So
254 2734 300 2755 too
313 2729 345 2755 of
355 2730 401 2754 the

202 2763 340 2797 heavenly
354 2762 458 2790 bodies.

842 193 1045 226 RICARm
1077 193 1382 226 ARMACHANI
1834 183 1935 243 [Lm.
1952 198 2017 227 111.

479 296 719 341 consumpcio
733 296 810 332 sive
823 297 995 342 accepcio
1010 310 1018 341 3
1045 304 1099 333 set
1113 297 1170 333 ille
1182 304 1287 333 actus
1301 297 1439 333 abusus
1451 298 1571 333 verius
1589 299 1802 344 appellatur.
1818 300 1914 341 [33A

481 354 530 388 Et
548 355 595 389 ob
613 355 685 389 hoc
702 366 850 400 semper
866 355 978 389 michi
996 355 1141 390 videtur
1162 355 1328 398 iniustus,
1348 356 1447 390 iuxta
1464 356 1553 390 illud
1573 358 1665 391 Gen.
1682 356 1751 390 xix.
1770 358 1803 399 8,

479 413 609 446 Habeo
633 413 729 446 duas
741 413 864 457 filias,
882 413 1088 447 abutimini
1109 414 1171 455 eis,
1189 419 1224 448 et
1251 413 1340 447 illud
1359 414 1452 448 Gen.
1470 413 1588 448 xxxiv.
1607 424 1663 458 31,
1681 415 1802 448 Num-

478 471 575 514 quid
601 474 646 504 ut
671 475 790 504 scorto
821 470 928 505 abuti
953 471 1161 505 debuerunt
1190 482 1315 505 sorore
1348 475 1487 505 nostra.
1539 471 1601 507 Sic
1634 471 1806 506 scribitur

482 528 562 562 Iud.
581 528 651 563 xix.
671 538 725 571 22,
744 529 854 563 Educ
869 529 999 567 virum
1021 529 1090 573 qui
1112 530 1303 573 ingressus
1326 532 1380 563 est
1399 530 1440 563 in
1465 529 1613 563 domam
1635 533 1740 563 tuam
1762 533 1806 564 ut
1818 537 1836 570 5

478 586 683 620 abutamur
693 597 743 621 eo.
784 586 845 621 Sic
863 586 914 622 ait
932 588 1067 621 Paulus
1085 587 1285 632 apostolus,
1304 587 1363 621 Ne
1379 587 1518 621 abutar
1524 589 1707 632 potestate
1724 599 1805 622 mea

477 643 520 677 in
548 644 751 689 evangelio,
782 654 795 678 1
822 645 871 679 ad
898 645 981 679 Cor.
1006 644 1049 678 ix.
1073 646 1125 679 18.
1175 646 1224 679 Et
1251 645 1366 679 multa
1393 651 1476 679 sunt
1503 645 1573 679 hiis
1604 644 1737 679 similia
1767 645 1804 680 in

480 701 688 747 Scripturis,
713 713 782 747 que
809 702 899 737 satis
925 703 1123 737 ostendunt
1150 703 1445 737 irracionabilem
1469 703 1521 737 rei
1548 703 1804 748 sumpcionern

477 771 558 794 esse
585 760 741 794 abusum
766 766 802 795 et
827 772 893 805 per
918 772 1145 806 consequens
1171 772 1253 795 esse
1277 766 1482 805 peccatum.
1533 762 1639 805 Item,
1660 761 1805 796 videtur

478 817 590 853 michi
618 830 661 853 ex
687 818 748 852 illo
778 819 877 863 quod
904 820 1070 853 volucres
1100 818 1166 854 celi
1201 825 1236 853 et
1263 818 1473 853 animancia
1502 824 1609 862 terre,
1635 819 1804 864 quamvis
1820 828 1859 851 10

477 877 640 911 habeant
664 882 887 921 potestatem
913 888 935 911 a
960 878 1043 911 Deo
1070 877 1238 911 sumendi
1264 887 1389 911 escam
1418 876 1531 921 (iuxta
1556 876 1647 911 illud
1671 878 1763 912 Gen.
1782 877 1804 913 i.

478 943 534 978 29,
554 944 609 978 30,
628 935 730 978 Ecce,
748 934 835 968 dedi
848 928 951 969 vobis
975 946 1118 968 omnem
1143 934 1292 969 herbam
1315 936 1526 979 afferentem
1548 946 1671 969 semen
1694 938 1809 981 super

477 996 630 1036 terram,
649 997 685 1027 et
708 994 888 1028 universa
913 994 1021 1038 ligna
1047 1004 1117 1038 que
1140 992 1275 1027 habent
1296 994 1338 1027 in
1363 997 1476 1027 semet
1497 994 1590 1038 zjbsis
1611 999 1805 1029 sementem

471 1052 624 1096 generis
640 1051 712 1093 sui,
731 1055 775 1085 ut
790 1052 870 1085 sint
885 1051 989 1085 vobis
1009 1052 1050 1085 in
1071 1062 1199 1095 escam,
1218 1055 1254 1085 et
1274 1053 1413 1086 cunctis
1435 1053 1691 1086 animantibus
1709 1057 1807 1087 terre

478 1110 651 1154 omnique
667 1109 816 1144 volucri
832 1108 926 1154 celi),
946 1110 1044 1154 quod
1061 1121 1134 1144 non
1152 1116 1303 1155 propter
1322 1110 1339 1129 ²¹⁴
1353 1110 1425 1144 hoc
1443 1116 1595 1156 possunt
1613 1111 1723 1147 rebus
1741 1110 1804 1155 uti,
1818 1120 1879 1151 que
1895 1117 1927 1142 B.

479 1179 563 1202 cum
582 1173 730 1202 careant
748 1168 909 1203 racione.
1818 1165 1849 1194 Β

528 1227 755 1261 RICARDUS.
791 1227 875 1260 Hec
905 1226 1031 1260 omnia
1065 1226 1112 1260 de
1140 1225 1287 1271 proprie
1317 1226 1415 1261 dicto
1445 1238 1524 1271 usu,
1552 1226 1650 1262 iuxta
1679 1239 1804 1263 sacras
1817 1231 1904 1263 dicta
1921 1238 1952 1262 Β.

482 1283 701 1329 Scripturas,
723 1290 762 1318 ut
787 1290 887 1329 puto,
906 1284 1059 1329 provide
1085 1284 1287 1319 advertisti.
1337 1286 1420 1319 Nec
1445 1285 1568 1320 obstat
1594 1285 1692 1330 quod
1717 1285 1805 1321 dicit

482 1343 670 1387 apostolos
691 1343 739 1376 ad
758 1343 865 1376 Rom.
885 1343 905 1376 i.
925 1343 980 1385 26,
999 1351 1055 1385 27,
1073 1343 1176 1376 Nam
1188 1342 1334 1387 femine
1355 1354 1482 1377 eorum
1505 1344 1808 1379 immutaverunt

482 1400 697 1435 naturalem
712 1411 821 1434 usum
838 1401 880 1434 in
897 1411 980 1434 eum
998 1411 1107 1434 usum
1120 1401 1190 1444 qui
1204 1404 1257 1434 est
1269 1405 1396 1435 contra
1414 1404 1614 1444 uaturam;
1630 1401 1809 1437 similiter
1821 1413 1861 1436 20

479 1459 577 1492 enim
600 1461 636 1492 et
655 1459 821 1500 masculi,
840 1458 967 1493 relicto
984 1458 1159 1492 naturali
1174 1469 1246 1492 usu
1260 1458 1508 1503 seminarum,
1527 1463 1750 1493 exarserunt
1765 1461 1806 1494 in

481 1516 674 1551 desideriis
694 1517 774 1550 suis
790 1517 961 1560 invicem,
984 1517 1145 1551 masculi
1166 1517 1208 1550 in
1233 1516 1416 1551 masculas
1433 1516 1706 1561 turpitudinem
1724 1519 1806 1563 ope-

482 1579 636 1618 ra72tes,·
676 1575 852 1620 quoniam
892 1575 964 1610 hoc
1000 1574 1089 1610 dicit
1132 1585 1172 1610 se
1213 1574 1412 1619 vulgariter
1451 1574 1684 1620 loquentibus
1721 1587 1806 1610 con-

479 1634 686 1669 formando.

529 1692 619 1727 IOH.
645 1693 694 1726 Et
724 1692 797 1727 hoc
822 1702 897 1726 non
924 1691 1047 1726 minus
1075 1691 1252 1726 attendo:
1285 1697 1340 1726 set
1369 1691 1455 1736 quia
1481 1696 1626 1726 constat
1651 1701 1805 1736 corpora
1820 1703 1858 1735 25

478 1749 628 1785 celestia
653 1749 779 1784 omnia
805 1755 956 1794 propter
981 1748 1171 1783 hominem
1196 1760 1278 1784 esse
1303 1749 1411 1792 facta,
1430 1748 1555 1783 nescio
1578 1760 1626 1783 an
1648 1748 1806 1783 dicimur

477 1807 528 1843 eis
546 1808 610 1851 uti,
630 1807 803 1852 quoniam
820 1819 863 1842 ex
887 1808 959 1842 hoc
984 1806 1087 1852 sequi
1105 1806 1249 1842 videtur
1266 1807 1366 1852 quod
1392 1818 1502 1852 super
1522 1806 1603 1852 ipsa
1624 1807 1805 1842 habemus

478 1865 693 1900 dominium.

526 1925 613 1959 RIC.
642 1923 756 1958 Sicuti
783 1924 829 1959 de
854 1923 1019 1958 dominio
1046 1935 1156 1968 supra
1179 1922 1427 1968 expressimus
1451 1923 1549 1967 quod
1575 1922 1613 1957 in
1637 1933 1681 1957 ea
1703 1933 1742 1957 re
1768 1922 1806 1956 in

478 1993 552 2027 qua
576 1982 765 2027 pauciores
791 1988 895 2017 actus
922 1981 1076 2016 dominii
1103 1992 1270 2016 exercere
1287 1981 1452 2015 valemus
1478 1980 1599 2015 minus
1624 1980 1805 2015 habemus
1819 1993 1860 2024 30

478 2039 695 2083 dominium,
716 2040 769 2075 sic
787 2040 832 2074 de
851 2052 919 2074 usu
938 2041 1115 2074 debemus
1133 2039 1325 2074 advertere
1344 2039 1442 2084 quod
1469 2039 1538 2073 illis
1557 2039 1664 2073 rebus
1683 2038 1804 2073 minus

477 2097 623 2142 proprie
641 2098 691 2133 uti
711 2110 835 2132 sumus
855 2098 1003 2132 dicendi
1022 2097 1059 2131 in
1079 2097 1211 2142 quibus
1228 2097 1420 2142 pauciores
1439 2103 1542 2131 actus
1568 2096 1695 2131 utendi
1721 2108 1804 2142 pos-

478 2155 593 2191 simus
630 2167 799 2192 exercere
819 2169 825 2191 :
866 2162 1148 2200 verumptamen
1182 2155 1443 2189 nichilominus
1486 2154 1628 2199 angelis
1670 2154 1807 2189 utimur

479 2215 752 2259 quoquomodo,
779 2226 865 2249 cum
894 2226 956 2249 eos
987 2213 1161 2248 racionali
1192 2214 1382 2247 voluntate
1409 2212 1615 2256 diligimus;
1652 2212 1804 2247 dileccio
1818 2223 1913 2245 cum.-
1935 2214 1974 2244 tr‘z
1991 2221 2021 2245 B.

478 2272 577 2308 enim
601 2279 657 2307 est
684 2272 798 2317 ipsius
817 2272 940 2307 dilecti
960 2271 1156 2306 voluntatis
1175 2272 1364 2315 amplexus
1383 2277 1419 2304 et
1437 2282 1524 2305 vera
1542 2270 1710 2315 sumpcio
1728 2270 1805 2305 sive
1820 2282 1859 2314 35

478 2331 688 2366 contraccio
707 2330 876 2365 mentalis
895 2329 1021 2375 ipsius,
1042 2329 1139 2365 iuxta
1163 2330 1253 2364 illud
1270 2330 1318 2364 ad
1338 2328 1492 2363 Philem.
1511 2338 1566 2371 20,
1585 2329 1656 2371 Ita,
1663 2328 1805 2373 frater,

477 2400 541 2434 ego
570 2392 605 2423 te
620 2389 745 2433 fruar
771 2389 813 2421 in
840 2388 1014 2430 Domino,
1044 2387 1104 2421 ubi
1123 2387 1218 2431 frui
1241 2398 1307 2431 pro
1335 2387 1396 2420 uti
1419 2386 1617 2430 accipitur3
1650 2392 1704 2420 set
1731 2396 1806 2420 non

478 2458 608 2481 omnes
629 2446 755 2481 utendi
774 2452 879 2481 actus
903 2445 940 2480 in
965 2457 1028 2480 eos
1054 2457 1252 2490 possumus
1270 2456 1449 2487 exercere,
1467 2450 1502 2478 et
1527 2444 1574 2478 ob
1600 2444 1670 2478 hoc
1696 2454 1806 2488 super

478 2506 628 2549 angelos
654 2504 859 2538 dominium
885 2515 960 2538 non
986 2504 1178 2548 habemus,
1197 2503 1316 2539 eciam
1342 2502 1428 2548 quia
1453 2502 1668 2537 auctoritate
1694 2512 1806 2546 super

477 2564 628 2607 angelos
647 2562 801 2597 omnino
820 2573 998 2598 caremus.
1817 2567 1860 2599 40

527 2678 756 2712 IOHANNES.
784 2676 882 2722 Quid
901 2676 993 2711 dicis
1013 2676 1057 2711 de
1076 2674 1206 2711 ceteris
1224 2676 1332 2710 rebus
1351 2674 1570 2709 celestibus?

525 2737 752 2771 RICARDUS.
774 2735 1041 2769 Auctoritatem
1057 2746 1166 2779 super
1178 2733 1328 2769 celestia
1341 2745 1494 2778 corpora
1507 2744 1580 2767 non
1599 2732 1777 2767 habemus
1794 2744 1802 2774 ;

478 2800 513 2830 et
540 2794 587 2829 ob
613 2795 694 2837 hoc,
722 2792 890 2839 quamvis
917 2793 970 2827 eis
997 2798 1143 2827 utamur
1168 2798 1203 2828 et
1231 2792 1302 2827 sint
1329 2792 1426 2826 facta
1449 2797 1597 2837 propter
1622 2801 1701 2834 nos,
1728 2800 1801 2825 non
