2008 3305
177 200 263 230 CAP.
288 186 334 244 L]
671 198 816 230 LIBER
843 197 1039 231 PRrMUS.
1756 196 1784 239 5

85 318 161 360 2A]
174 315 313 350 cunctis
333 314 586 352 animanlibus
615 319 720 361 terre,
742 316 907 364 omnique
927 314 1077 353 volucri
1092 315 1168 361 celi,
1189 318 1223 351 el
1240 314 1424 352 universis
1447 328 1514 364 que

174 389 365 422 moventur
392 386 433 422 in
461 390 564 423 terra
592 390 626 423 el
651 387 692 422 in
721 386 855 435 quibus
883 389 937 423 est
961 386 1091 423 anima
1120 387 1258 432 vivens,
1288 389 1331 422 ut
1357 386 1517 423 habeant

173 456 226 491 ad
247 456 470 492 vescendum.
527 456 605 494 Ubi
635 462 729 494 nota
748 456 855 506 quod
875 455 983 493 Deus
1010 455 1114 502 dicit,
1136 455 1242 492 Dedi
1257 455 1358 493 vobis
1382 456 1513 493 bestias

172 529 207 562 et
229 529 324 563 terre
347 528 554 571 nascencz'a,
575 533 612 565 et
632 539 712 564 non
742 527 844 572 dicit,
866 526 973 564 Dedi
993 527 1247 564 animantibus
1267 531 1363 564 terre
1385 528 1478 564 talia
1491 540 1511 568 ,-

141 611 159 644 5
175 597 224 634 ad
237 597 501 635 denotandum
515 598 621 647 quod
634 598 752 636 homo
765 598 986 636 dominatur
999 610 1113 647 super
1125 598 1226 643 talia,
1235 605 1272 635 et
1284 611 1364 636 non
1377 599 1509 646 bestie,

173 674 214 704 ut
233 673 337 717 patet
357 680 404 705 ex
426 668 536 706 titulo
558 668 651 706 doni
676 668 762 706 Dei.
820 669 871 706 Et
890 668 993 706 idern
1015 675 1119 717 patet
1145 681 1213 718 per
1232 668 1326 706 illud
1346 667 1512 706 Genesis

170 739 297 788 primo
314 740 492 788 capitulo,
502 739 709 777 Faciamus
719 741 897 777 hominem
909 740 965 776 ad
958 741 1177 789 ymaginem
1193 743 1227 776 el
1234 740 1511 777 similitudmem

170 814 346 852 nostram,
368 814 410 846 ut
425 811 550 859 presit
569 811 740 859 piscibus
760 811 879 848 maris
898 815 933 847 et
949 810 1162 848 volatilibus
1181 811 1257 856 celi,
1279 816 1350 847 etc.
1406 810 1509 848 Ecce

169 881 306 930 primo,
328 881 559 919 constitucio
588 881 755 919 hominis
775 882 815 918 in
835 893 918 919 esse
949 881 1121 919 secundo
1149 880 1198 918 ad
1222 881 1448 930 ymaginem
1472 889 1510 919 et

119 968 158 990 10
170 951 456 989 similitudinem
476 952 562 998 Dei,
579 953 794 990 secundum
815 964 932 1002 quam
952 959 1010 989 est
1030 964 1155 1001 capax
1176 952 1338 989 dominii
1356 965 1371 998 3
1396 959 1434 989 et
1450 964 1509 990 se-

168 1023 299 1061 cundo
315 1029 418 1072 patet
430 1022 623 1073 prefeccio
637 1023 871 1061 dominativa
884 1023 1049 1060 hominis
1066 1035 1179 1072 super
1191 1023 1411 1060 sublunaria
1423 1023 1509 1072 ipso

167 1093 347 1132 inferiora
362 1106 372 1140 3
403 1101 439 1131 et
459 1095 579 1133 tercio
599 1100 704 1144 patet
724 1094 930 1143 utrobique
960 1094 1000 1130 in
1024 1093 1221 1142 Scriptura
1241 1094 1405 1143 negacio
1423 1106 1507 1143 pre-

166 1163 348 1202 feccionis
376 1164 608 1203 dominative
639 1172 773 1203 nature
808 1165 998 1202 inferioris
1031 1164 1202 1210 homine,
1234 1164 1341 1214 quod
1375 1171 1507 1202 tamen

122 1242 152 1271 B
169 1234 365 1285 Scriptura
385 1236 654 1286 incorrigibilis
676 1248 755 1273 non
776 1242 917 1274 taceret
939 1236 971 1273 si
982 1242 1122 1273 natura
1141 1236 1228 1274 talis
1244 1236 1263 1259 ’¹‘
1287 1235 1506 1273 dominium

115 1313 151 1345 15
167 1306 336 1344 haberet.
396 1308 491 1346 Non
521 1319 614 1357 ergo
656 1307 813 1357 quilibet
851 1318 943 1344 usus
980 1306 1141 1343 licencia
1180 1312 1238 1343 est
1276 1306 1505 1344 dominium.

165 1376 334 1415 Ulterius
364 1378 566 1427 supposito
595 1378 703 1428 quod
731 1378 803 1415 hec
834 1377 1052 1427 preposicio
1086 1378 1284 1414 secundum
1319 1386 1537 1416 connotetc-
1560 1383 1599 1421 by
1611 1383 1702 1411 virtue
1715 1385 1748 1412 of

1516 1417 1607 1443 which
1620 1427 1677 1451 any

165 1448 500 1487 circumstanciam
539 1462 655 1487 cause
695 1449 880 1495 formalis,
913 1455 951 1486 et
980 1449 1164 1499 prefecczb
1195 1448 1296 1486 dicat
1327 1449 1503 1487 ordinem
1515 1453 1763 1513 grvffitffitizvffizh

164 1519 438 1569 superioritatis
454 1520 590 1570 Quoad
610 1520 791 1558 accidens
820 1519 993 1566 dominii,
1016 1526 1053 1556 et
1073 1519 1192 1557 tercio
1213 1519 1320 1569 quod
1340 1522 1502 1557 serviens
1515 1527 1607 1544 serves
1621 1518 1652 1547 it·

163 1591 380 1628 neutraliter
409 1591 641 1640 intelligatur
666 1604 738 1641 pro
762 1602 996 1641 quocunque
1026 1590 1188 1628 faciente
1216 1602 1287 1628 suo
1315 1591 1501 1640 superiori

111 1674 151 1696 20
163 1660 268 1711 quod
284 1661 419 1709 debet;
451 1668 555 1711 patet
574 1668 655 1701 tota
678 1662 901 1711 descripcio.
935 1661 996 1699 Sic
1018 1662 1122 1699 enim
1139 1662 1307 1711 quelibet
1326 1669 1500 1700 creatura
1513 1668 1610 1730 {ig}
1619 1675 1749 1731 gggture

1513 1723 1517 1729 “
1685 1725 1692 1738 1

163 1733 381 1771 necessario
403 1733 586 1771 continue
607 1733 720 1770 servit
740 1732 840 1780 Deo,
862 1739 903 1770 ut
925 1733 998 1770 sibi
1018 1733 1124 1770 canit
1144 1733 1317 1781 ecclesia,

511 1811 664 1842 Serviunt
688 1810 748 1842 tibi
772 1814 891 1842 cuncta
914 1821 978 1852 que
1001 1810 1141 1847 creasti;

161 1881 261 1932 quia,
285 1882 431 1920 Hester
449 1881 525 1919 xiii.
555 1894 569 1918 1
583 1894 615 1928 1,
637 1881 826 1919 Dominus
853 1883 1110 1920 universorum
1130 1886 1170 1919 tu
1194 1895 1230 1920 es
1245 1896 1258 1919 .·
1290 1882 1330 1919 in
1350 1887 1499 1921 tantum

195 1991 218 2007 2.
235 1986 302 2007 ante
314 1984 398 2008 terra
411 1982 434 2007 B
447 1991 527 2015 aqua
540 1981 635 2008 inserit
646 1989 653 2013 ;
671 1982 720 2008 sed
734 1986 776 2008 est
788 1987 970 2014 expunctum.
1070 1991 1108 2008 11.
1123 1983 1265 2015 prffi’ccia
1279 1983 1310 2014 B,
1324 1988 1355 2009 ut
1368 1988 1395 2008 et
1408 1982 1480 2009 infra
1491 1991 1497 2010 :

153 2015 295 2048 perfica-ia
307 2017 333 2041 A
343 2015 374 2041 C.
435 2026 475 2041 12.
489 2016 677 2048 preficcionz's
691 2016 729 2042 B:
744 2016 931 2048 perfeccionis
943 2016 968 2041 A
978 2015 1011 2042 C.
1066 2026 1105 2048 13.
1124 2019 1222 2042 tamen
1236 2017 1262 2042 A
1271 2017 1293 2043 C
1305 2024 1311 2042 :
1333 2020 1451 2043 tantum
1466 2018 1499 2047 B.

162 2058 202 2081 15.
219 2058 286 2082 ergo
298 2050 324 2075 A
335 2049 373 2076 C:
395 2049 418 2075 B
432 2050 539 2082 igitur,
557 2055 589 2075 ut
607 2049 719 2082 passim.
822 2055 886 2082 post
905 2059 975 2075 usus
993 2050 1021 2075 in
1041 2050 1097 2075 AC
1112 2050 1215 2083 legitur
1225 2051 1287 2082 vel;
1307 2051 1356 2077 sed
1369 2050 1398 2077 in
1410 2051 1436 2077 A
1451 2060 1496 2077 ex-

159 2088 303 2115 punctum.
407 2085 445 2109 18.
466 2083 596 2110 accidens
608 2083 646 2109 Α2
657 2083 698 2116 (in
711 2082 849 2116 margine)
860 2083 882 2109 Β
893 2090 899 2109 ;
919 2086 1003 2109 actus
1014 2083 1051 2109 Αι
1064 2083 1094 2110 C.

204 2185 232 2220 7.
257 2179 339 2211 Gen.
356 2180 377 2211 i.
398 2179 447 2210 26.

204 2240 254 2272 15.
278 2232 358 2263 Non
378 2242 451 2273 ergo
467 2232 615 2274 quilibet,
634 2233 695 2264 &c.
742 2231 813 2263 The
830 2242 944 2273 power
961 2232 999 2263 of
1018 2233 1115 2274 using
1131 2232 1209 2264 does
1225 2236 1284 2264 not
1300 2231 1497 2274 necessarily

158 2282 263 2324 imply
281 2283 443 2325 lordship.
489 2284 572 2315 This
592 2295 660 2315 was
681 2284 737 2315 the
758 2283 947 2316 contention
972 2284 1010 2315 of
1024 2284 1080 2316 the
1099 2284 1250 2325 spiritual
1271 2285 1494 2323 Franciscans,

156 2336 266 2370 which
279 2348 346 2369 was
363 2338 498 2370 resisted
514 2339 559 2380 by
573 2349 660 2380 pope
670 2338 758 2380 John
779 2338 883 2369 XXII
901 2338 933 2369 in
950 2338 1000 2370 his
1017 2339 1086 2370 bull
1103 2340 1141 2370 of
1154 2340 1337 2371 December
1353 2341 1383 2376 8,
1403 2349 1497 2379 1322,

157 2389 234 2420 ‘Ad
257 2390 459 2422 conditorem
483 2391 666 2426 canonum,'
691 2391 890 2431 Extravagg.
914 2391 977 2421 xiv.
1006 2400 1035 2430 3,
1060 2391 1190 2432 Corpus
1220 2391 1303 2421 Iuris
1334 2391 1494 2430 canonici,

160 2450 189 2473 2.
217 2450 299 2482 1²²5
323 2452 423 2483 seqq„
442 2442 494 2474 ed.
517 2443 555 2473 E.
582 2442 773 2483 Friedberg,
798 2442 937 2484 Leipzig
964 2444 1058 2478 1881,
1074 2447 1201 2484 quarto.
1249 2443 1414 2484 Compare
1438 2443 1494 2475 the

157 2498 346 2534 arguments
370 2494 403 2525 in
426 2498 563 2536 support
580 2495 617 2526 of
629 2494 685 2526 the
709 2494 906 2526 Franciscan
930 2495 1076 2526 doctrine
1092 2495 1189 2535 given
1208 2495 1251 2534 by
1269 2495 1443 2536 Marsiglio
1460 2496 1497 2527 of

156 2545 280 2583 Padua,
313 2546 475 2577 Defensor
512 2547 620 2585 Pacis,
653 2547 686 2578 ii.
715 2556 753 2586 13
784 2547 833 2587 (in
870 2545 1037 2578 Goldast’s
1069 2546 1264 2578 Monarchia
1294 2556 1319 2579 s,
1351 2547 1493 2578 Romani

156 2597 303 2638 Imperii,
323 2607 350 2628 2.
370 2606 429 2637 225
448 2608 526 2639 seq.,
544 2598 719 2629 Frankfurt
739 2598 833 2636 1614,
851 2598 961 2638 folio).

202 2658 252 2680 22.
275 2650 446 2688 Serviunt,
472 2652 552 2681 &e.:
587 2650 712 2691 Hymn.
737 2650 770 2680 in
797 2649 948 2681 laudibus
972 2649 1003 2680 in
1028 2649 1111 2681 festo
1138 2661 1163 2681 s.
1188 2650 1278 2681 Trin.
1304 2652 1326 2690 (‘
1341 2650 1370 2681 O
1395 2651 1492 2682 Pater

156 2705 278 2740 sancte,
296 2701 385 2732 mitis
406 2706 503 2742 atque
526 2701 628 2743 pie'),
646 2701 845 2732 Breviarium
867 2701 909 2732 ad
931 2702 1035 2733 Usum
1052 2702 1142 2733 Eccl.
1160 2702 1286 2733 Sarum.
1305 2711 1330 2732 1.
1349 2713 1380 2743 p.
1398 2703 1490 2742 mliv,

155 2753 205 2784 ed.
219 2753 255 2784 F.
271 2752 402 2785 Procter
418 2759 450 2785 et
467 2754 504 2785 C.
524 2754 762 2791 Wordsworth,
779 2754 979 2794 Cambridge
1000 2754 1079 2785 1882
1094 2766 1101 2791 3
1127 2754 1198 2785 also
1214 2754 1246 2785 in
1262 2755 1299 2785 F.
1318 2754 1348 2795 J.
1362 2755 1490 2788 Mone's

154 2805 360 2838 Lateinische
378 2806 533 2847 Hymnen
551 2806 606 2837 des
624 2806 844 2842 Mittelalters,
864 2815 891 2837 1.
912 2815 961 2844 20,
980 2817 1027 2837 nr.
1046 2806 1113 2845 xii.,
1132 2806 1293 2847 Freiburg
1313 2807 1408 2846 1853.
