2008 3305
196 194 274 222 100

195 1101 215 1119 c.
239 1092 300 1118 The
314 1091 407 1117 sinner
420 1100 450 1116 as

196 1127 265 1152 such
279 1126 302 1151 is
315 1135 351 1152 no
365 1125 458 1157 being,

198 1304 249 1329 but
262 1312 278 1328 a
291 1303 353 1329 lack
367 1303 398 1329 of

198 1337 283 1369 being

198 1716 317 1742 because
331 1715 463 1741 deficient

197 1750 224 1776 in
239 1751 323 1775 truth.

872 190 936 220 DE
968 189 1186 221 DOMINIO
1220 189 1396 220 DIVINO
1597 178 1702 235 [CAP.
1721 190 1797 217 ΧΠ.

475 305 572 350 ideo,
596 317 683 342 cum
715 317 792 342 non
823 311 949 354 potest
976 305 1134 354 cogitari
1155 305 1365 354 quidquam
1387 304 1533 353 opponi
1555 304 1625 341 sub
1644 304 1796 340 racione
1812 304 1907 344 [3313

473 375 638 424 analoga
653 375 723 412 nisi
745 374 953 412 fabulando
975 387 1055 412 non
1071 387 1140 412 ens
1156 375 1414 412 contradicere
1431 375 1508 411 enti
1521 386 1610 411 vero
1633 403 1640 412 .
1663 405 1670 412 .
1696 403 1702 410 .
1725 372 1800 409 Sed

473 451 623 483 constat
643 445 749 494 quod
766 445 872 483 Deus
894 458 973 483 non
993 451 1118 494 potest
1139 446 1261 483 sinere
1284 444 1501 493 simpliciter
1520 457 1599 482 non
1619 457 1687 482 ens
1708 457 1801 482 θεεθ.

474 515 745 553 Contradiccio
759 516 862 552 enim
877 516 1123 553 solummodo
1138 522 1193 552 est
1209 516 1247 552 in
1264 516 1393 564 signis.
1442 515 1492 552 Et
1506 515 1593 552 ideo
1609 516 1805 563 signanter

473 585 597 623 Exod.
619 586 666 622 iii.
693 597 738 632 14
761 586 851 623 dicit
876 585 1015 634 Moysi,
1047 585 1133 634 Ego
1162 598 1242 622 sum
1271 587 1340 634 qui
1361 599 1452 622 sum.
1511 586 1591 631 Ait,
1614 585 1681 623 Sic
1709 587 1834 629 dz'ces5

465 657 566 705 filiis
597 656 744 693 Israel:
795 655 873 701 Qui
900 660 951 692 est
982 657 1085 692 misit
1116 669 1170 692 me
1202 657 1255 692 ad
1283 669 1355 693 vos.
1424 656 1474 692 Et
1505 656 1684 705 sequitur,
1721 656 1805 692 Hoc

473 739 600 763 nomen
620 727 718 763 7722722'
740 729 793 762 esl
819 727 858 762 in
887 731 1057 772 eternum,
1079 730 1112 763 et
1128 727 1193 763 hoc
1213 727 1420 763 memoriale
1443 739 1559 763 meum
1589 728 1629 763 in
1647 739 1803 775 genera-

473 799 572 833 cz'one
591 801 625 833 et
635 798 924 846 generacionem.
980 796 1030 834 Et
1050 797 1103 834 sic
1123 809 1215 845 pure
1236 809 1405 845 presens,
1427 797 1530 845 quod
1555 804 1611 834 est
1641 797 1803 846 simplex

473 868 664 912 eternitas,
691 873 748 904 est
782 879 927 904 nomen
957 866 1118 904 Domini
1149 867 1517 916 thetragramathon‚
1549 874 1584 904 et
1616 880 1683 916 per
1709 880 1803 905 con-

475 950 640 987 sequens
674 937 801 974 divina
834 937 1029 983 essencia3
1074 937 1179 986 quod
1214 950 1358 975 nomen
1392 950 1470 975 non
1506 938 1713 975 sufficimus
1743 938 1803 976 hic
1821 952 1860 973 10

474 1021 569 1058 pure
590 1008 806 1057 concipere.

530 1078 648 1125 Quod
677 1086 807 1116 autem
837 1079 973 1116 veritas
1005 1079 1095 1116 dicit
1130 1086 1330 1128 peccatum
1363 1085 1400 1116 et
1432 1086 1675 1128 peccatorem
1708 1091 1803 1124 esse,

474 1150 513 1186 in
535 1156 722 1199 quantum
743 1149 972 1194 huiusmodi,
995 1156 1127 1187 contra
1156 1162 1267 1196 eum3
1302 1156 1406 1198 patet
1427 1150 1532 1199 quod
1552 1150 1626 1188 hoc
1647 1162 1726 1187 non
1748 1157 1804 1187 est

474 1220 723 1269 opposicione
745 1219 937 1268 completa
964 1220 1032 1257 sed
1063 1220 1273 1257 Secundum
1295 1220 1386 1269 quid
1403 1233 1412 1267 5
1442 1220 1534 1257 dum
1553 1227 1741 1269 peccator,
1764 1221 1803 1256 in

475 1298 660 1339 quantum
689 1291 919 1336 huiusmodi,
949 1303 1028 1328 non
1068 1291 1113 1328 sit
1152 1303 1219 1328 ens
1252 1291 1310 1328 vel
1343 1292 1488 1337 veritas,
1524 1292 1591 1328 sed
1624 1291 1856 1328 defectus.15

476 1362 626 1399 Veritas
647 1362 750 1399 enim
771 1368 826 1398 θεῖ
847 1361 1058 1410 adequacio
1076 1361 1262 1398 sermonis
1282 1361 1330 1398 ad
1351 1374 1430 1399 rem
1451 1374 1567 1411 quarn
1588 1362 1804 1411 quomodo-

476 1434 567 1470 libet
587 1439 832 1482 representat.
879 1432 994 1470 Unde
1014 1445 1102 1470 cum
1124 1445 1274 1470 summa
1295 1433 1509 1482 adequacio
1539 1434 1585 1470 sit
1615 1434 1803 1471 sermonis

478 1504 591 1541 divini
621 1503 669 1540 ad
695 1516 807 1540 suurn
838 1504 981 1549 dicens,
1002 1510 1105 1552 patet
1135 1503 1239 1553 quod
1270 1504 1319 1540 ibi
1349 1510 1406 1541 est
1435 1516 1586 1541 summa
1616 1511 1652 1541 et
1681 1505 1804 1553 prima

476 1574 623 1620 veritas,
645 1574 750 1611 iuxta
780 1573 873 1610 illud
904 1574 1089 1612 Iohannis
1119 1575 1190 1611 xiv.
1214 1577 1248 1620 6,
1271 1574 1358 1623 Ego
1387 1588 1466 1611 sum
1494 1576 1568 1620 via,
1599 1576 1747 1621 veritas,
1774 1579 1808 1611 et

475 1647 563 1683 vita.
620 1644 800 1690 Quelibet
813 1645 915 1681 enim
929 1652 1101 1682 creatura
1117 1652 1173 1682 est
1188 1646 1324 1683 veritas
1337 1646 1384 1682 de
1398 1652 1544 1695 quanto
1559 1658 1597 1683 se
1614 1645 1802 1695 adequate
1819 1650 1858 1673 ²0

476 1717 602 1760 habet,
623 1722 663 1752 ut
684 1716 828 1762 dicitur,
851 1716 891 1752 in
914 1716 1023 1765 ydea,
1045 1715 1148 1765 quod
1169 1716 1198 1753 si
1227 1716 1362 1761 deficit,
1381 1715 1397 1734 *
1414 1722 1503 1754 tunc
1524 1722 1725 1765 peccatum
1745 1717 1803 1754 vel
1818 1719 1845 1748 C

478 1787 647 1825 defectus
686 1792 743 1823 est
780 1785 922 1822 falsitas
960 1794 1114 1835 propter
1143 1787 1355 1823 carenciarn
1385 1787 1613 1836 exemplaris
1626 1800 1635 1833 3
1676 1794 1712 1824 et
1751 1788 1804 1825 sic

479 1871 594 1896 omne
633 1863 833 1906 peccatum
874 1862 930 1893 est
968 1856 1124 1902 falsitas,
1169 1863 1205 1894 et
1244 1864 1410 1895 econtra.
1477 1857 1637 1895 Falsitas
1676 1864 1804 1895 autem

479 1928 659 1966 naturalis
696 1934 752 1964 est
784 1927 823 1963 in
856 1927 1048 1964 intellectu
1087 1934 1235 1965 errante
1267 1934 1303 1965 et
1337 1940 1417 1965 non
1450 1928 1660 1966 formaliter
1693 1928 1731 1965 in
1764 1941 1804 1966 re

479 2005 607 2036 extra:
638 1998 779 2035 falsitas
800 2003 927 2034 autem
949 2000 1066 2034 moris
1087 2005 1141 2035 est
1166 1998 1204 2034 in
1232 1998 1383 2045 affectu,
1405 1998 1497 2036 dum
1519 1999 1579 2044 sic,
1601 2005 1802 2049 peccatum
1819 2009 1856 2041 25

478 2070 537 2107 vel
568 2068 739 2106 defectus
760 2068 928 2114 alicuius,
950 2068 1055 2116 quod
1076 2068 1164 2105 dicit
1185 2069 1402 2106 naturaliter
1431 2081 1471 2106 se
1501 2070 1649 2116 debere,
1672 2076 1708 2107 et
1736 2082 1805 2119 per

480 2151 722 2189 consequens
743 2138 926 2176 defectiva
947 2139 1147 2187 inequacio
1167 2139 1216 2176 ad
1236 2140 1442 2188 exemplar.
1492 2140 1541 2176 Et
1562 2140 1650 2178 hinc
1670 2153 1804 2178 secun-

480 2211 571 2246 dum
593 2210 849 2246 Anshelmum
866 2210 917 2246 -in
947 2209 1006 2246 De
1038 2209 1363 2255 Similitudinibus,
1386 2211 1513 2247 omnis
1543 2217 1720 2259 peccator
1747 2219 1804 2249 est

481 2281 647 2318 mendax
669 2281 727 2317 vel
747 2287 903 2329 propter
924 2280 1185 2328 duplicitatem
1205 2280 1300 2317 inter
1321 2282 1477 2318 verbum
1500 2282 1574 2319 oris
1595 2289 1658 2319 aut
1678 2282 1803 2331 operis

481 2353 530 2389 ad
576 2352 734 2389 verbum
790 2352 930 2388 mentis
971 2351 1028 2388 vel
1081 2358 1237 2400 propter
1285 2351 1589 2401 discrepanciam
1633 2353 1802 2390 diceneie
1817 2360 1858 2390 30

481 2422 661 2459 naturalis
695 2422 743 2459 ad
768 2422 893 2458 vitam.
950 2421 1049 2459 Cum
1081 2422 1183 2459 enim
1218 2422 1385 2470 quelibet
1420 2435 1529 2460 mens
1561 2429 1686 2460 creata
1713 2423 1804 2460 dicit

481 2493 698 2529 naturaliter
729 2504 768 2530 se
803 2492 852 2528 ad
890 2492 1109 2541 ymaginem
1137 2491 1209 2528 Dei
1243 2492 1379 2529 factam
1418 2500 1454 2529 et
1485 2493 1623 2531 debere
1655 2505 1803 2530 servare

720 2588 743 2612 Β.
764 2586 803 2612 sic
816 2586 841 2611 A
851 2585 889 2611 C:
909 2586 950 2612 sic
962 2588 1003 2611 est
1017 2586 1048 2611 B.
1209 2588 1247 2612 26.
1269 2586 1341 2612 dicit
1353 2586 1374 2611 Β
1386 2593 1391 2612 1
1411 2586 1524 2612 dicitur
1536 2586 1600 2612 AC.

549 2672 576 2693 2.
601 2662 672 2693 The
690 2662 878 2692 conclusion
898 2661 935 2692 of
946 2661 1001 2692 the
1016 2661 1185 2702 syllogism
1202 2662 1228 2692 is
1244 2661 1389 2702 wanting
1404 2662 1436 2692 in
1453 2662 1508 2692 the
1524 2662 1747 2702 manuscripts.

527 2723 575 2754 29.
601 2713 890 2744 Pseudo-Anselm.
909 2713 976 2752 (vel
995 2714 1160 2749 Eadmer.)
1179 2713 1218 2743 de
1236 2713 1340 2744 simil.
1355 2723 1446 2751 cxxx,
1461 2713 1610 2744 Eadmer.
1625 2713 1711 2754 Opp.
1729 2716 1801 2753 180,

480 2765 531 2796 ed.
551 2766 591 2796 G.
607 2766 782 2796 Cerberon.
801 2765 857 2795 alt.
878 2765 979 2803 Paris,
1000 2772 1090 2805 1721,
1108 2765 1197 2795 folio.
