<?xml version="1.0" encoding="UTF-8"?>
<!DOCTYPE html PUBLIC "-//W3C//DTD XHTML 1.0 Transitional//EN"
    "http://www.w3.org/TR/xhtml1/DTD/xhtml1-transitional.dtd">
<html xmlns="http://www.w3.org/1999/xhtml" xml:lang="en" lang="en">
 <head>
  <title>
</title>
<meta http-equiv="Content-Type" content="text/html;charset=utf-8" />
  <meta name='ocr-system' content='tesseract 3.04.00' />
  <meta name='ocr-capabilities' content='ocr_page ocr_carea ocr_par ocr_line ocrx_word'/>
</head>
<body>
  <div class='ocr_page' id='page_1' title='image "./dedominiodivinol00wycl_0338.png"; bbox 0 0 2008 3305; ppageno 0'>
   <div class='ocr_carea' id='block_1_1' title="bbox 124 212 1942 270">
    <p class='ocr_par' dir='ltr' id='par_1_1' title="bbox 124 212 1942 270">
     <span class='ocr_line' id='line_1_1' title="bbox 124 212 1942 270; baseline -0.001 -16"><span class='ocrx_word' id='word_1_1' title='bbox 124 213 205 254; x_wconf 81' lang='lat'>282</span> <span class='ocrx_word' id='word_1_2' title='bbox 798 224 1003 256; x_wconf 85' lang='lat' dir='ltr'><strong>RICARDI</strong></span> <span class='ocrx_word' id='word_1_3' title='bbox 1035 224 1338 256; x_wconf 83' lang='lat' dir='ltr'><strong>ARMACHANI</strong></span> <span class='ocrx_word' id='word_1_4' title='bbox 1789 212 1891 270; x_wconf 76' lang='lat' dir='ltr'>[Lm.</span> <span class='ocrx_word' id='word_1_5' title='bbox 1914 226 1942 253; x_wconf 89' lang='lat'>1.</span> 
     </span>
    </p>
   </div>
   <div class='ocr_carea' id='block_1_2' title="bbox 396 327 1927 2867">
    <p class='ocr_par' dir='ltr' id='par_1_2' title="bbox 398 327 1815 663">
     <span class='ocr_line' id='line_1_2' title="bbox 398 327 1815 373; baseline 0.003 -13"><span class='ocrx_word' id='word_1_6' title='bbox 398 327 637 372; x_wconf 85' lang='lat' dir='ltr'><strong>consequitur</strong></span> <span class='ocrx_word' id='word_1_7' title='bbox 656 328 755 372; x_wconf 92' lang='lat' dir='ltr'>quod</span> <span class='ocrx_word' id='word_1_8' title='bbox 774 328 978 363; x_wconf 90' lang='lat' dir='ltr'>subiectum</span> <span class='ocrx_word' id='word_1_9' title='bbox 996 328 1174 373; x_wconf 88' lang='lat' dir='ltr'>temporis</span> <span class='ocrx_word' id='word_1_10' title='bbox 1201 329 1237 362; x_wconf 90' lang='lat' dir='ltr'>in</span> <span class='ocrx_word' id='word_1_11' title='bbox 1263 327 1415 363; x_wconf 88' lang='lat' dir='ltr'>instanti</span> <span class='ocrx_word' id='word_1_12' title='bbox 1435 328 1512 363; x_wconf 88' lang='lat' dir='ltr'>sive</span> <span class='ocrx_word' id='word_1_13' title='bbox 1537 334 1725 362; x_wconf 87' lang='lat' dir='ltr'>momento</span> <span class='ocrx_word' id='word_1_14' title='bbox 1741 332 1815 373; x_wconf 73' lang='lat' dir='ltr'>[SA</span> 
     </span>
     <span class='ocr_line' id='line_1_3' title="bbox 400 385 1726 430; baseline 0.002 -12"><span class='ocrx_word' id='word_1_15' title='bbox 400 385 622 429; x_wconf 86' lang='lat' dir='ltr'>inchoativo,</span> <span class='ocrx_word' id='word_1_16' title='bbox 641 386 726 421; x_wconf 84' lang='lat' dir='ltr'>licet</span> <span class='ocrx_word' id='word_1_17' title='bbox 745 398 818 421; x_wconf 91' lang='lat' dir='ltr'>non</span> <span class='ocrx_word' id='word_1_18' title='bbox 845 387 1079 421; x_wconf 85' lang='lat' dir='ltr'>continuacio</span> <span class='ocrx_word' id='word_1_19' title='bbox 1105 386 1292 430; x_wconf 89' lang='lat' dir='ltr'>temporis,</span> <span class='ocrx_word' id='word_1_20' title='bbox 1312 386 1428 421; x_wconf 89' lang='lat' dir='ltr'>fuerat</span> <span class='ocrx_word' id='word_1_21' title='bbox 1455 393 1542 420; x_wconf 85' lang='lat' dir='ltr'>ante</span> <span class='ocrx_word' id='word_1_22' title='bbox 1568 392 1726 430; x_wconf 85' lang='lat' dir='ltr'>tempus,</span> 
     </span>
     <span class='ocr_line' id='line_1_4' title="bbox 399 444 1726 489; baseline 0.002 -13"><span class='ocrx_word' id='word_1_23' title='bbox 399 454 467 477; x_wconf 86' lang='lat' dir='ltr'>nec</span> <span class='ocrx_word' id='word_1_24' title='bbox 485 444 603 488; x_wconf 89' lang='lat' dir='ltr'>potuit</span> <span class='ocrx_word' id='word_1_25' title='bbox 620 445 746 489; x_wconf 86' lang='lat' dir='ltr'>quevis</span> <span class='ocrx_word' id='word_1_26' title='bbox 772 456 830 479; x_wconf 89' lang='lat' dir='ltr'>res</span> <span class='ocrx_word' id='word_1_27' title='bbox 855 456 937 479; x_wconf 88' lang='lat' dir='ltr'>esse</span> <span class='ocrx_word' id='word_1_28' title='bbox 963 444 1066 479; x_wconf 88' lang='lat' dir='ltr'>cuius</span> <span class='ocrx_word' id='word_1_29' title='bbox 1094 445 1197 479; x_wconf 90' lang='lat' dir='ltr'>Deus</span> <span class='ocrx_word' id='word_1_30' title='bbox 1225 456 1299 478; x_wconf 91' lang='lat' dir='ltr'>non</span> <span class='ocrx_word' id='word_1_31' title='bbox 1326 451 1403 478; x_wconf 90' lang='lat' dir='ltr'>erat</span> <span class='ocrx_word' id='word_1_32' title='bbox 1430 444 1603 478; x_wconf 87' lang='lat' dir='ltr'>dominus</span> <span class='ocrx_word' id='word_1_33' title='bbox 1624 444 1726 488; x_wconf 91' lang='lat' dir='ltr'>(alio-</span> 
     </span>
     <span class='ocr_line' id='line_1_5' title="bbox 400 501 1725 547; baseline 0.002 -12"><span class='ocrx_word' id='word_1_34' title='bbox 400 501 488 545; x_wconf 89' lang='lat' dir='ltr'>quin</span> <span class='ocrx_word' id='word_1_35' title='bbox 508 508 596 536; x_wconf 83' lang='lat' dir='ltr'>tunc</span> <span class='ocrx_word' id='word_1_36' title='bbox 615 503 718 537; x_wconf 89' lang='lat' dir='ltr'>Deus</span> <span class='ocrx_word' id='word_1_37' title='bbox 737 514 810 537; x_wconf 92' lang='lat' dir='ltr'>non</span> <span class='ocrx_word' id='word_1_38' title='bbox 829 510 906 538; x_wconf 91' lang='lat' dir='ltr'>erat</span> <span class='ocrx_word' id='word_1_39' title='bbox 923 503 1171 547; x_wconf 87' lang='lat' dir='ltr'>omnipotens,</span> <span class='ocrx_word' id='word_1_40' title='bbox 1191 503 1341 547; x_wconf 90' lang='lat' dir='ltr'>quando</span> <span class='ocrx_word' id='word_1_41' title='bbox 1362 502 1526 536; x_wconf 90' lang='lat' dir='ltr'>dominio</span> <span class='ocrx_word' id='word_1_42' title='bbox 1541 502 1656 537; x_wconf 90' lang='lat' dir='ltr'>caruit</span> <span class='ocrx_word' id='word_1_43' title='bbox 1674 503 1725 538; x_wconf 89' lang='lat' dir='ltr'>rei</span> 
     </span>
     <span class='ocr_line' id='line_1_6' title="bbox 400 558 1758 605; baseline 0 -12"><span class='ocrx_word' id='word_1_44' title='bbox 400 558 537 602; x_wconf 88' lang='lat' dir='ltr'>illius):</span> <span class='ocrx_word' id='word_1_45' title='bbox 566 559 675 603; x_wconf 86' lang='lat' dir='ltr'>igitur</span> <span class='ocrx_word' id='word_1_46' title='bbox 706 561 809 595; x_wconf 91' lang='lat' dir='ltr'>Deus</span> <span class='ocrx_word' id='word_1_47' title='bbox 836 561 903 595; x_wconf 86' lang='lat' dir='ltr'>fuit</span> <span class='ocrx_word' id='word_1_48' title='bbox 931 561 1104 595; x_wconf 87' lang='lat' dir='ltr'>dominus</span> <span class='ocrx_word' id='word_1_49' title='bbox 1139 561 1271 595; x_wconf 87' lang='lat' dir='ltr'>saltem</span> <span class='ocrx_word' id='word_1_50' title='bbox 1301 560 1455 595; x_wconf 88' lang='lat' dir='ltr'>subiecti</span> <span class='ocrx_word' id='word_1_51' title='bbox 1482 560 1658 605; x_wconf 86' lang='lat' dir='ltr'>temporis</span> <span class='ocrx_word' id='word_1_52' title='bbox 1688 560 1758 599; x_wconf 86' lang='lat' dir='ltr'>in5</span> 
     </span>
     <span class='ocr_line' id='line_1_7' title="bbox 400 617 964 663; baseline 0.002 -12"><span class='ocrx_word' id='word_1_53' title='bbox 400 617 529 651; x_wconf 90' lang='lat' dir='ltr'>mundi</span> <span class='ocrx_word' id='word_1_54' title='bbox 548 617 687 662; x_wconf 84' lang='lat' dir='ltr'>origine</span> <span class='ocrx_word' id='word_1_55' title='bbox 705 625 790 653; x_wconf 89' lang='lat' dir='ltr'>ante</span> <span class='ocrx_word' id='word_1_56' title='bbox 807 625 964 663; x_wconf 86' lang='lat' dir='ltr'>tempus.</span> 
     </span>
    </p>

    <p class='ocr_par' dir='ltr' id='par_1_3' title="bbox 401 675 1726 778">
     <span class='ocr_line' id='line_1_8' title="bbox 451 675 1726 720; baseline 0.002 -12"><span class='ocrx_word' id='word_1_57' title='bbox 451 676 542 710; x_wconf 78' lang='lat' dir='ltr'><strong>IOH.</strong></span> <span class='ocrx_word' id='word_1_58' title='bbox 570 676 629 709; x_wconf 90' lang='lat' dir='ltr'>De</span> <span class='ocrx_word' id='word_1_59' title='bbox 653 687 752 710; x_wconf 92' lang='lat' dir='ltr'>novo</span> <span class='ocrx_word' id='word_1_60' title='bbox 778 688 865 719; x_wconf 86' lang='lat' dir='ltr'>ergo</span> <span class='ocrx_word' id='word_1_61' title='bbox 891 676 928 710; x_wconf 91' lang='lat' dir='ltr'>in</span> <span class='ocrx_word' id='word_1_62' title='bbox 955 675 1074 720; x_wconf 90' lang='lat' dir='ltr'>primo</span> <span class='ocrx_word' id='word_1_63' title='bbox 1101 675 1229 710; x_wconf 91' lang='lat' dir='ltr'>mundi</span> <span class='ocrx_word' id='word_1_64' title='bbox 1257 681 1446 710; x_wconf 90' lang='lat' dir='ltr'>momento</span> <span class='ocrx_word' id='word_1_65' title='bbox 1476 676 1579 710; x_wconf 88' lang='lat' dir='ltr'>Deus</span> <span class='ocrx_word' id='word_1_66' title='bbox 1607 675 1726 711; x_wconf 83' lang='lat' dir='ltr'>factus</span> 
     </span>
     <span class='ocr_line' id='line_1_9' title="bbox 401 732 1608 778; baseline 0.001 -11"><span class='ocrx_word' id='word_1_67' title='bbox 401 739 456 767; x_wconf 89' lang='lat' dir='ltr'>est</span> <span class='ocrx_word' id='word_1_68' title='bbox 476 732 659 768; x_wconf 87' lang='lat' dir='ltr'>dominus.</span> <span class='ocrx_word' id='word_1_69' title='bbox 709 735 743 768; x_wconf 88' lang='lat' dir='ltr'><strong>A</strong></span> <span class='ocrx_word' id='word_1_70' title='bbox 762 745 801 768; x_wconf 92' lang='lat' dir='ltr'>se</span> <span class='ocrx_word' id='word_1_71' title='bbox 820 734 929 778; x_wconf 86' lang='lat' dir='ltr'>igitur</span> <span class='ocrx_word' id='word_1_72' title='bbox 945 746 992 768; x_wconf 89' lang='lat' dir='ltr'>an</span> <span class='ocrx_word' id='word_1_73' title='bbox 1010 734 1057 768; x_wconf 90' lang='lat' dir='ltr'>ab</span> <span class='ocrx_word' id='word_1_74' title='bbox 1076 734 1148 768; x_wconf 88' lang='lat' dir='ltr'>alio</span> <span class='ocrx_word' id='word_1_75' title='bbox 1168 733 1340 768; x_wconf 89' lang='lat' dir='ltr'>dominus</span> <span class='ocrx_word' id='word_1_76' title='bbox 1357 740 1414 768; x_wconf 85' lang='lat' dir='ltr'>est</span> <span class='ocrx_word' id='word_1_77' title='bbox 1432 734 1608 768; x_wconf 84' lang='lat' dir='ltr'>effectus?</span> 
     </span>
    </p>

    <p class='ocr_par' dir='ltr' id='par_1_4' title="bbox 397 790 1782 1300">
     <span class='ocr_line' id='line_1_10' title="bbox 448 790 1724 836; baseline 0.001 -12"><span class='ocrx_word' id='word_1_78' title='bbox 448 792 537 826; x_wconf 85' lang='lat' dir='ltr'><strong>RIC.</strong></span> <span class='ocrx_word' id='word_1_79' title='bbox 564 792 722 826; x_wconf 83' lang='lat' dir='ltr'>Factum</span> <span class='ocrx_word' id='word_1_80' title='bbox 741 799 776 826; x_wconf 89' lang='lat' dir='ltr'>et</span> <span class='ocrx_word' id='word_1_81' title='bbox 795 792 967 826; x_wconf 87' lang='lat' dir='ltr'>effectum</span> <span class='ocrx_word' id='word_1_82' title='bbox 986 803 1060 826; x_wconf 92' lang='lat' dir='ltr'>non</span> <span class='ocrx_word' id='word_1_83' title='bbox 1078 792 1148 826; x_wconf 87' lang='lat' dir='ltr'>nisi</span> <span class='ocrx_word' id='word_1_84' title='bbox 1172 791 1359 836; x_wconf 88' lang='lat' dir='ltr'>inproprie</span> <span class='ocrx_word' id='word_1_85' title='bbox 1383 792 1466 825; x_wconf 91' lang='lat' dir='ltr'>Deo</span> <span class='ocrx_word' id='word_1_86' title='bbox 1490 790 1724 834; x_wconf 88' lang='lat' dir='ltr'>conveniunt,</span> 
     </span>
     <span class='ocr_line' id='line_1_11' title="bbox 400 849 1782 894; baseline 0.001 -11"><span class='ocrx_word' id='word_1_87' title='bbox 400 860 485 883; x_wconf 89' lang='lat' dir='ltr'>cum</span> <span class='ocrx_word' id='word_1_88' title='bbox 519 849 555 883; x_wconf 93' lang='lat' dir='ltr'>in</span> <span class='ocrx_word' id='word_1_89' title='bbox 590 861 700 884; x_wconf 87' lang='lat' dir='ltr'>sensu</span> <span class='ocrx_word' id='word_1_90' title='bbox 734 861 800 884; x_wconf 87' lang='lat' dir='ltr'>suo</span> <span class='ocrx_word' id='word_1_91' title='bbox 827 850 1082 894; x_wconf 80' lang='lat' dir='ltr'>processiones</span> <span class='ocrx_word' id='word_1_92' title='bbox 1110 861 1132 884; x_wconf 89' lang='lat' dir='ltr'>a</span> <span class='ocrx_word' id='word_1_93' title='bbox 1156 850 1239 883; x_wconf 91' lang='lat' dir='ltr'>Deo</span> <span class='ocrx_word' id='word_1_94' title='bbox 1263 849 1474 883; x_wconf 86' lang='lat' dir='ltr'>insinuent:</span> <span class='ocrx_word' id='word_1_95' title='bbox 1505 849 1575 883; x_wconf 91' lang='lat' dir='ltr'>Dei</span> <span class='ocrx_word' id='word_1_96' title='bbox 1600 855 1725 884; x_wconf 91' lang='lat' dir='ltr'>tamen</span> <span class='ocrx_word' id='word_1_97' title='bbox 1742 857 1782 878; x_wconf 91' lang='lat'>10</span> 
     </span>
     <span class='ocr_line' id='line_1_12' title="bbox 397 906 1726 953; baseline 0 -12"><span class='ocrx_word' id='word_1_98' title='bbox 397 906 573 941; x_wconf 81' lang='lat' dir='ltr'>sublimia</span> <span class='ocrx_word' id='word_1_99' title='bbox 597 907 855 951; x_wconf 87' lang='lat' dir='ltr'>balbuciendo,</span> <span class='ocrx_word' id='word_1_100' title='bbox 874 915 913 943; x_wconf 88' lang='lat' dir='ltr'>ut</span> <span class='ocrx_word' id='word_1_101' title='bbox 939 920 1148 953; x_wconf 88' lang='lat' dir='ltr'>possumus,</span> <span class='ocrx_word' id='word_1_102' title='bbox 1174 913 1392 942; x_wconf 84' lang='lat' dir='ltr'>resonantes</span> <span class='ocrx_word' id='word_1_103' title='bbox 1418 907 1575 941; x_wconf 85' lang='lat' dir='ltr'>dicimus</span> <span class='ocrx_word' id='word_1_104' title='bbox 1603 908 1726 941; x_wconf 91' lang='lat' dir='ltr'>Deum</span> 
     </span>
     <span class='ocr_line' id='line_1_13' title="bbox 399 965 1726 1010; baseline 0 -11"><span class='ocrx_word' id='word_1_105' title='bbox 399 965 538 999; x_wconf 86' lang='lat' dir='ltr'>factum</span> <span class='ocrx_word' id='word_1_106' title='bbox 557 976 638 999; x_wconf 90' lang='lat' dir='ltr'>esse</span> <span class='ocrx_word' id='word_1_107' title='bbox 656 965 861 1008; x_wconf 79' lang='lat' dir='ltr'>dominum,</span> <span class='ocrx_word' id='word_1_108' title='bbox 880 977 924 1000; x_wconf 93' lang='lat' dir='ltr'>eo</span> <span class='ocrx_word' id='word_1_109' title='bbox 943 966 1041 1010; x_wconf 89' lang='lat' dir='ltr'>quod</span> <span class='ocrx_word' id='word_1_110' title='bbox 1060 977 1126 1010; x_wconf 90' lang='lat' dir='ltr'>per</span> <span class='ocrx_word' id='word_1_111' title='bbox 1147 977 1231 1000; x_wconf 89' lang='lat' dir='ltr'>eum</span> <span class='ocrx_word' id='word_1_112' title='bbox 1251 965 1389 999; x_wconf 85' lang='lat' dir='ltr'>factum</span> <span class='ocrx_word' id='word_1_113' title='bbox 1412 971 1467 999; x_wconf 88' lang='lat' dir='ltr'>est</span> <span class='ocrx_word' id='word_1_114' title='bbox 1486 972 1524 1000; x_wconf 89' lang='lat' dir='ltr'>ut</span> <span class='ocrx_word' id='word_1_115' title='bbox 1542 971 1639 999; x_wconf 89' lang='lat' dir='ltr'>esset</span> <span class='ocrx_word' id='word_1_116' title='bbox 1659 965 1726 999; x_wconf 92' lang='lat' dir='ltr'>do-</span> 
     </span>
     <span class='ocr_line' id='line_1_14' title="bbox 400 1022 1728 1068; baseline -0.001 -11"><span class='ocrx_word' id='word_1_117' title='bbox 400 1023 522 1057; x_wconf 87' lang='lat' dir='ltr'>minus</span> <span class='ocrx_word' id='word_1_118' title='bbox 538 1035 546 1066; x_wconf 93' lang='lat'>;</span> <span class='ocrx_word' id='word_1_119' title='bbox 574 1029 609 1057; x_wconf 94' lang='lat' dir='ltr'>et</span> <span class='ocrx_word' id='word_1_120' title='bbox 629 1023 681 1057; x_wconf 91' lang='lat' dir='ltr'>sic</span> <span class='ocrx_word' id='word_1_121' title='bbox 698 1023 818 1067; x_wconf 88' lang='lat' dir='ltr'>primo</span> <span class='ocrx_word' id='word_1_122' title='bbox 836 1035 858 1058; x_wconf 80' lang='lat' dir='ltr'>a</span> <span class='ocrx_word' id='word_1_123' title='bbox 876 1035 914 1059; x_wconf 88' lang='lat' dir='ltr'>se</span> <span class='ocrx_word' id='word_1_124' title='bbox 933 1030 1110 1068; x_wconf 83' lang='lat' dir='ltr'>tanquam</span> <span class='ocrx_word' id='word_1_125' title='bbox 1129 1034 1242 1058; x_wconf 87' lang='lat' dir='ltr'>causa</span> <span class='ocrx_word' id='word_1_126' title='bbox 1264 1022 1450 1067; x_wconf 89' lang='lat' dir='ltr'>primaria,</span> <span class='ocrx_word' id='word_1_127' title='bbox 1468 1029 1504 1057; x_wconf 90' lang='lat' dir='ltr'>et</span> <span class='ocrx_word' id='word_1_128' title='bbox 1524 1022 1686 1057; x_wconf 89' lang='lat' dir='ltr'>secundo</span> <span class='ocrx_word' id='word_1_129' title='bbox 1704 1034 1728 1057; x_wconf 88' lang='lat' dir='ltr'>a</span> 
     </span>
     <span class='ocr_line' id='line_1_15' title="bbox 397 1080 1725 1126; baseline -0.002 -10"><span class='ocrx_word' id='word_1_130' title='bbox 397 1093 467 1116; x_wconf 72' lang='lat' dir='ltr'>,sua</span> <span class='ocrx_word' id='word_1_131' title='bbox 500 1082 641 1117; x_wconf 86' lang='lat' dir='ltr'>factura</span> <span class='ocrx_word' id='word_1_132' title='bbox 667 1088 845 1126; x_wconf 86' lang='lat' dir='ltr'>tanquam</span> <span class='ocrx_word' id='word_1_133' title='bbox 876 1094 898 1116; x_wconf 91' lang='lat' dir='ltr'>a</span> <span class='ocrx_word' id='word_1_134' title='bbox 925 1093 1038 1116; x_wconf 90' lang='lat' dir='ltr'>causa</span> <span class='ocrx_word' id='word_1_135' title='bbox 1068 1081 1233 1116; x_wconf 89' lang='lat' dir='ltr'>secunda</span> <span class='ocrx_word' id='word_1_136' title='bbox 1267 1080 1484 1115; x_wconf 81' lang='lat' dir='ltr'>immediata</span> <span class='ocrx_word' id='word_1_137' title='bbox 1517 1081 1638 1115; x_wconf 85' lang='lat' dir='ltr'>factus</span> <span class='ocrx_word' id='word_1_138' title='bbox 1669 1086 1725 1115; x_wconf 89' lang='lat' dir='ltr'>est</span> 
     </span>
     <span class='ocr_line' id='line_1_16' title="bbox 399 1138 1779 1184; baseline 0 -11"><span class='ocrx_word' id='word_1_139' title='bbox 399 1139 571 1173; x_wconf 86' lang='lat' dir='ltr'>dominus</span> <span class='ocrx_word' id='word_1_140' title='bbox 589 1151 596 1183; x_wconf 88' lang='lat'>;</span> <span class='ocrx_word' id='word_1_141' title='bbox 625 1139 718 1173; x_wconf 87' lang='lat' dir='ltr'>sicut</span> <span class='ocrx_word' id='word_1_142' title='bbox 737 1140 892 1184; x_wconf 85' lang='lat' dir='ltr'>gignens</span> <span class='ocrx_word' id='word_1_143' title='bbox 912 1151 1025 1174; x_wconf 87' lang='lat' dir='ltr'>causa</span> <span class='ocrx_word' id='word_1_144' title='bbox 1042 1146 1096 1174; x_wconf 88' lang='lat' dir='ltr'>est</span> <span class='ocrx_word' id='word_1_145' title='bbox 1115 1138 1235 1184; x_wconf 89' lang='lat' dir='ltr'>prima</span> <span class='ocrx_word' id='word_1_146' title='bbox 1252 1150 1324 1183; x_wconf 92' lang='lat' dir='ltr'>qua</span> <span class='ocrx_word' id='word_1_147' title='bbox 1341 1139 1419 1183; x_wconf 90' lang='lat' dir='ltr'>ipse</span> <span class='ocrx_word' id='word_1_148' title='bbox 1437 1145 1542 1183; x_wconf 89' lang='lat' dir='ltr'>pater</span> <span class='ocrx_word' id='word_1_149' title='bbox 1559 1138 1725 1181; x_wconf 78' lang='lat' dir='ltr'>efficitur,</span> <span class='ocrx_word' id='word_1_150' title='bbox 1742 1152 1779 1183; x_wconf 87' lang='lat'>15</span> 
     </span>
     <span class='ocr_line' id='line_1_17' title="bbox 399 1196 1726 1243; baseline -0.001 -12"><span class='ocrx_word' id='word_1_151' title='bbox 399 1204 435 1231; x_wconf 93' lang='lat' dir='ltr'>et</span> <span class='ocrx_word' id='word_1_152' title='bbox 452 1198 499 1231; x_wconf 86' lang='lat' dir='ltr'>ab</span> <span class='ocrx_word' id='word_1_153' title='bbox 518 1209 562 1232; x_wconf 90' lang='lat' dir='ltr'>eo</span> <span class='ocrx_word' id='word_1_154' title='bbox 579 1197 724 1241; x_wconf 86' lang='lat' dir='ltr'>genitus</span> <span class='ocrx_word' id='word_1_155' title='bbox 743 1204 797 1231; x_wconf 90' lang='lat' dir='ltr'>est</span> <span class='ocrx_word' id='word_1_156' title='bbox 817 1209 928 1232; x_wconf 89' lang='lat' dir='ltr'>causa</span> <span class='ocrx_word' id='word_1_157' title='bbox 946 1197 1201 1233; x_wconf 85' lang='lat' dir='ltr'>immediacior</span> <span class='ocrx_word' id='word_1_158' title='bbox 1218 1203 1254 1231; x_wconf 90' lang='lat' dir='ltr'>et</span> <span class='ocrx_word' id='word_1_159' title='bbox 1281 1196 1444 1232; x_wconf 88' lang='lat' dir='ltr'>secunda</span> <span class='ocrx_word' id='word_1_160' title='bbox 1461 1208 1574 1243; x_wconf 87' lang='lat' dir='ltr'>quare</span> <span class='ocrx_word' id='word_1_161' title='bbox 1593 1196 1652 1231; x_wconf 89' lang='lat' dir='ltr'>ille</span> <span class='ocrx_word' id='word_1_162' title='bbox 1664 1196 1726 1242; x_wconf 93' lang='lat' dir='ltr'>qui</span> 
     </span>
     <span class='ocr_line' id='line_1_18' title="bbox 397 1255 1126 1300; baseline -0.001 -9"><span class='ocrx_word' id='word_1_163' title='bbox 397 1255 515 1299; x_wconf 82' lang='lat' dir='ltr'>gignit</span> <span class='ocrx_word' id='word_1_164' title='bbox 534 1261 638 1300; x_wconf 86' lang='lat' dir='ltr'>pater</span> <span class='ocrx_word' id='word_1_165' title='bbox 655 1255 892 1291; x_wconf 87' lang='lat' dir='ltr'>nihilominus</span> <span class='ocrx_word' id='word_1_166' title='bbox 910 1257 1126 1300; x_wconf 86' lang='lat' dir='ltr'>appellatur.</span> 
     </span>
    </p>

    <p class='ocr_par' dir='ltr' id='par_1_5' title="bbox 449 1312 1388 1357">
     <span class='ocr_line' id='line_1_19' title="bbox 449 1312 1388 1357; baseline -0.001 -10"><span class='ocrx_word' id='word_1_167' title='bbox 449 1314 538 1348; x_wconf 90' lang='lat' dir='ltr'>IOH.</span> <span class='ocrx_word' id='word_1_168' title='bbox 567 1314 743 1348; x_wconf 85' lang='lat' dir='ltr'>Creatura</span> <span class='ocrx_word' id='word_1_169' title='bbox 761 1313 870 1357; x_wconf 85' lang='lat' dir='ltr'>igitur</span> <span class='ocrx_word' id='word_1_170' title='bbox 887 1321 942 1349; x_wconf 89' lang='lat' dir='ltr'>est</span> <span class='ocrx_word' id='word_1_171' title='bbox 961 1325 1073 1348; x_wconf 86' lang='lat' dir='ltr'>causa</span> <span class='ocrx_word' id='word_1_172' title='bbox 1091 1312 1204 1348; x_wconf 87' lang='lat' dir='ltr'>divini</span> <span class='ocrx_word' id='word_1_173' title='bbox 1224 1312 1388 1347; x_wconf 88' lang='lat' dir='ltr'>dominii.</span> 
     </span>
    </p>

    <p class='ocr_par' dir='ltr' id='par_1_6' title="bbox 397 1370 1781 1999">
     <span class='ocr_line' id='line_1_20' title="bbox 449 1370 1726 1417; baseline 0 -12"><span class='ocrx_word' id='word_1_174' title='bbox 449 1372 535 1406; x_wconf 86' lang='lat' dir='ltr'>RIC.</span> <span class='ocrx_word' id='word_1_175' title='bbox 564 1373 650 1407; x_wconf 91' lang='lat' dir='ltr'>Non</span> <span class='ocrx_word' id='word_1_176' title='bbox 671 1372 856 1417; x_wconf 83' lang='lat' dir='ltr'>sequitur3</span> <span class='ocrx_word' id='word_1_177' title='bbox 885 1372 1060 1417; x_wconf 86' lang='lat' dir='ltr'>quoniam</span> <span class='ocrx_word' id='word_1_178' title='bbox 1076 1384 1151 1406; x_wconf 91' lang='lat' dir='ltr'>non</span> <span class='ocrx_word' id='word_1_179' title='bbox 1177 1372 1277 1406; x_wconf 88' lang='lat' dir='ltr'>aliud</span> <span class='ocrx_word' id='word_1_180' title='bbox 1303 1377 1402 1406; x_wconf 88' lang='lat' dir='ltr'>extat</span> <span class='ocrx_word' id='word_1_181' title='bbox 1423 1370 1590 1405; x_wconf 85' lang='lat' dir='ltr'>divinum</span> <span class='ocrx_word' id='word_1_182' title='bbox 1609 1370 1726 1405; x_wconf 88' lang='lat' dir='ltr'>dorni-</span> 
     </span>
     <span class='ocr_line' id='line_1_21' title="bbox 399 1429 1781 1475; baseline 0 -12"><span class='ocrx_word' id='word_1_183' title='bbox 399 1429 499 1464; x_wconf 89' lang='lat' dir='ltr'>nium</span> <span class='ocrx_word' id='word_1_184' title='bbox 513 1441 625 1474; x_wconf 86' lang='lat' dir='ltr'>quam</span> <span class='ocrx_word' id='word_1_185' title='bbox 641 1431 755 1473; x_wconf 88' lang='lat' dir='ltr'>Deus,</span> <span class='ocrx_word' id='word_1_186' title='bbox 768 1431 870 1475; x_wconf 88' lang='lat' dir='ltr'>cujus</span> <span class='ocrx_word' id='word_1_187' title='bbox 882 1431 974 1465; x_wconf 92' lang='lat' dir='ltr'>nihil</span> <span class='ocrx_word' id='word_1_188' title='bbox 988 1437 1042 1465; x_wconf 89' lang='lat' dir='ltr'>est</span> <span class='ocrx_word' id='word_1_189' title='bbox 1059 1441 1180 1465; x_wconf 85' lang='lat' dir='ltr'>causa.</span> <span class='ocrx_word' id='word_1_190' title='bbox 1211 1431 1279 1464; x_wconf 89' lang='lat' dir='ltr'>Est</span> <span class='ocrx_word' id='word_1_191' title='bbox 1293 1436 1418 1464; x_wconf 89' lang='lat' dir='ltr'>tamen</span> <span class='ocrx_word' id='word_1_192' title='bbox 1433 1436 1599 1464; x_wconf 87' lang='lat' dir='ltr'>creatura</span> <span class='ocrx_word' id='word_1_193' title='bbox 1613 1440 1726 1463; x_wconf 90' lang='lat' dir='ltr'>causa</span> <span class='ocrx_word' id='word_1_194' title='bbox 1741 1440 1781 1463; x_wconf 87' lang='lat'>20</span> 
     </span>
     <span class='ocr_line' id='line_1_22' title="bbox 399 1488 1725 1539; baseline -0.002 -15"><span class='ocrx_word' id='word_1_195' title='bbox 399 1500 512 1534; x_wconf 84' lang='lat' dir='ltr'>quare</span> <span class='ocrx_word' id='word_1_196' title='bbox 532 1490 635 1524; x_wconf 85' lang='lat' dir='ltr'>Deus</span> <span class='ocrx_word' id='word_1_197' title='bbox 660 1496 715 1524; x_wconf 86' lang='lat' dir='ltr'>est</span> <span class='ocrx_word' id='word_1_198' title='bbox 742 1490 914 1539; x_wconf 87' lang='lat' dir='ltr'>dominus</span> <span class='ocrx_word' id='word_1_199' title='bbox 938 1496 975 1524; x_wconf 90' lang='lat' dir='ltr'>et</span> <span class='ocrx_word' id='word_1_200' title='bbox 1001 1501 1114 1534; x_wconf 87' lang='lat' dir='ltr'>quare</span> <span class='ocrx_word' id='word_1_201' title='bbox 1131 1500 1216 1524; x_wconf 89' lang='lat' dir='ltr'>vere</span> <span class='ocrx_word' id='word_1_202' title='bbox 1237 1490 1340 1523; x_wconf 90' lang='lat' dir='ltr'>Deus</span> <span class='ocrx_word' id='word_1_203' title='bbox 1358 1489 1456 1523; x_wconf 89' lang='lat' dir='ltr'>valet</span> <span class='ocrx_word' id='word_1_204' title='bbox 1474 1488 1644 1523; x_wconf 90' lang='lat' dir='ltr'>dominus</span> <span class='ocrx_word' id='word_1_205' title='bbox 1662 1498 1725 1532; x_wconf 93' lang='lat' dir='ltr'>ap-</span> 
     </span>
     <span class='ocr_line' id='line_1_23' title="bbox 398 1547 1726 1593; baseline -0.001 -12"><span class='ocrx_word' id='word_1_206' title='bbox 398 1548 537 1592; x_wconf 88' lang='lat' dir='ltr'>pellari,</span> <span class='ocrx_word' id='word_1_207' title='bbox 557 1548 648 1583; x_wconf 85' lang='lat' dir='ltr'>sicut</span> <span class='ocrx_word' id='word_1_208' title='bbox 667 1548 703 1582; x_wconf 92' lang='lat' dir='ltr'>in</span> <span class='ocrx_word' id='word_1_209' title='bbox 722 1549 843 1593; x_wconf 84' lang='lat' dir='ltr'>logica</span> <span class='ocrx_word' id='word_1_210' title='bbox 861 1547 1024 1583; x_wconf 85' lang='lat' dir='ltr'>didicisti</span> <span class='ocrx_word' id='word_1_211' title='bbox 1043 1548 1142 1593; x_wconf 89' lang='lat' dir='ltr'>quod</span> <span class='ocrx_word' id='word_1_212' title='bbox 1160 1547 1314 1582; x_wconf 83' lang='lat' dir='ltr'>relativa</span> <span class='ocrx_word' id='word_1_213' title='bbox 1335 1547 1455 1592; x_wconf 88' lang='lat' dir='ltr'>posita</span> <span class='ocrx_word' id='word_1_214' title='bbox 1473 1559 1512 1582; x_wconf 87' lang='lat' dir='ltr'>se</span> <span class='ocrx_word' id='word_1_215' title='bbox 1530 1552 1671 1591; x_wconf 90' lang='lat' dir='ltr'>ponunt</span> <span class='ocrx_word' id='word_1_216' title='bbox 1691 1552 1726 1580; x_wconf 91' lang='lat' dir='ltr'>et</span> 
     </span>
     <span class='ocr_line' id='line_1_24' title="bbox 399 1605 1726 1651; baseline -0.002 -11"><span class='ocrx_word' id='word_1_217' title='bbox 399 1612 589 1650; x_wconf 87' lang='lat' dir='ltr'>perempta</span> <span class='ocrx_word' id='word_1_218' title='bbox 600 1617 637 1640; x_wconf 85' lang='lat' dir='ltr'>se</span> <span class='ocrx_word' id='word_1_219' title='bbox 650 1606 835 1650; x_wconf 88' lang='lat' dir='ltr'>perimunt</span> <span class='ocrx_word' id='word_1_220' title='bbox 847 1618 854 1650; x_wconf 92' lang='grc'>;</span> <span class='ocrx_word' id='word_1_221' title='bbox 870 1606 970 1651; x_wconf 91' lang='lat' dir='ltr'>quod</span> <span class='ocrx_word' id='word_1_222' title='bbox 983 1606 1097 1640; x_wconf 90' lang='lat' dir='ltr'>debes</span> <span class='ocrx_word' id='word_1_223' title='bbox 1112 1605 1280 1650; x_wconf 84' lang='lat' dir='ltr'>accipere</span> <span class='ocrx_word' id='word_1_224' title='bbox 1293 1606 1416 1650; x_wconf 91' lang='lat' dir='ltr'>quoad</span> <span class='ocrx_word' id='word_1_225' title='bbox 1429 1605 1650 1639; x_wconf 87' lang='lat' dir='ltr'>relacionem</span> <span class='ocrx_word' id='word_1_226' title='bbox 1662 1615 1726 1638; x_wconf 86' lang='lat' dir='ltr'>seu</span> 
     </span>
     <span class='ocr_line' id='line_1_25' title="bbox 399 1663 1723 1709; baseline -0.001 -12"><span class='ocrx_word' id='word_1_227' title='bbox 399 1664 592 1698; x_wconf 88' lang='lat' dir='ltr'>relativam</span> <span class='ocrx_word' id='word_1_228' title='bbox 610 1664 920 1707; x_wconf 90' lang='lat' dir='ltr'>nominacionem,</span> <span class='ocrx_word' id='word_1_229' title='bbox 946 1675 1181 1709; x_wconf 87' lang='lat' dir='ltr'>nequaquam</span> <span class='ocrx_word' id='word_1_230' title='bbox 1207 1664 1329 1708; x_wconf 86' lang='lat' dir='ltr'>quoad</span> <span class='ocrx_word' id='word_1_231' title='bbox 1354 1674 1413 1697; x_wconf 92' lang='lat' dir='ltr'>res</span> <span class='ocrx_word' id='word_1_232' title='bbox 1439 1663 1540 1708; x_wconf 88' lang='lat' dir='ltr'>ipsas</span> <span class='ocrx_word' id='word_1_233' title='bbox 1566 1663 1723 1705; x_wconf 90' lang='lat' dir='ltr'>relatas;</span> 
     </span>
     <span class='ocr_line' id='line_1_26' title="bbox 399 1721 1779 1767; baseline -0.001 -12"><span class='ocrx_word' id='word_1_234' title='bbox 399 1721 574 1766; x_wconf 88' lang='lat' dir='ltr'>quoniam</span> <span class='ocrx_word' id='word_1_235' title='bbox 600 1722 695 1756; x_wconf 83' lang='lat' dir='ltr'>filius</span> <span class='ocrx_word' id='word_1_236' title='bbox 729 1734 804 1757; x_wconf 88' lang='lat' dir='ltr'>non</span> <span class='ocrx_word' id='word_1_237' title='bbox 838 1729 893 1757; x_wconf 92' lang='lat' dir='ltr'>est</span> <span class='ocrx_word' id='word_1_238' title='bbox 923 1734 1036 1756; x_wconf 90' lang='lat' dir='ltr'>causa</span> <span class='ocrx_word' id='word_1_239' title='bbox 1062 1722 1185 1767; x_wconf 87' lang='lat' dir='ltr'>patris,</span> <span class='ocrx_word' id='word_1_240' title='bbox 1217 1728 1271 1756; x_wconf 88' lang='lat' dir='ltr'>set</span> <span class='ocrx_word' id='word_1_241' title='bbox 1300 1727 1474 1756; x_wconf 85' lang='lat' dir='ltr'>econtra:</span> <span class='ocrx_word' id='word_1_242' title='bbox 1518 1727 1572 1755; x_wconf 89' lang='lat' dir='ltr'>est</span> <span class='ocrx_word' id='word_1_243' title='bbox 1599 1726 1724 1754; x_wconf 88' lang='lat' dir='ltr'>tamen</span> <span class='ocrx_word' id='word_1_244' title='bbox 1740 1733 1779 1765; x_wconf 85' lang='lat'>25</span> 
     </span>
     <span class='ocr_line' id='line_1_27' title="bbox 399 1778 1725 1825; baseline -0.002 -11"><span class='ocrx_word' id='word_1_245' title='bbox 399 1780 493 1814; x_wconf 90' lang='lat' dir='ltr'>filius</span> <span class='ocrx_word' id='word_1_246' title='bbox 511 1791 633 1824; x_wconf 87' lang='lat' dir='ltr'>causa,</span> <span class='ocrx_word' id='word_1_247' title='bbox 652 1792 726 1825; x_wconf 86' lang='lat' dir='ltr'>qua</span> <span class='ocrx_word' id='word_1_248' title='bbox 744 1781 865 1825; x_wconf 87' lang='lat' dir='ltr'>posita</span> <span class='ocrx_word' id='word_1_249' title='bbox 887 1787 994 1825; x_wconf 90' lang='lat' dir='ltr'>pater</span> <span class='ocrx_word' id='word_1_250' title='bbox 1011 1792 1096 1814; x_wconf 91' lang='lat' dir='ltr'>suus</span> <span class='ocrx_word' id='word_1_251' title='bbox 1115 1782 1230 1825; x_wconf 69' lang='lat' dir='ltr'>paler</span> <span class='ocrx_word' id='word_1_252' title='bbox 1245 1786 1400 1814; x_wconf 89' lang='lat' dir='ltr'>vocatur</span> <span class='ocrx_word' id='word_1_253' title='bbox 1415 1786 1451 1814; x_wconf 90' lang='lat' dir='ltr'>et</span> <span class='ocrx_word' id='word_1_254' title='bbox 1469 1786 1575 1824; x_wconf 86' lang='lat' dir='ltr'>pater</span> <span class='ocrx_word' id='word_1_255' title='bbox 1590 1778 1725 1821; x_wconf 85' lang='lat' dir='ltr'>existit,</span> 
     </span>
     <span class='ocr_line' id='line_1_28' title="bbox 398 1836 1726 1883; baseline -0.002 -11"><span class='ocrx_word' id='word_1_256' title='bbox 398 1844 435 1873; x_wconf 90' lang='lat' dir='ltr'>et</span> <span class='ocrx_word' id='word_1_257' title='bbox 454 1849 527 1882; x_wconf 89' lang='lat' dir='ltr'>qua</span> <span class='ocrx_word' id='word_1_258' title='bbox 543 1845 736 1882; x_wconf 88' lang='lat' dir='ltr'>perempta</span> <span class='ocrx_word' id='word_1_259' title='bbox 754 1845 860 1883; x_wconf 86' lang='lat' dir='ltr'>pater</span> <span class='ocrx_word' id='word_1_260' title='bbox 878 1838 1011 1873; x_wconf 87' lang='lat' dir='ltr'>desinit</span> <span class='ocrx_word' id='word_1_261' title='bbox 1030 1850 1111 1872; x_wconf 86' lang='lat' dir='ltr'>esse</span> <span class='ocrx_word' id='word_1_262' title='bbox 1128 1844 1233 1882; x_wconf 89' lang='lat' dir='ltr'>pater</span> <span class='ocrx_word' id='word_1_263' title='bbox 1248 1851 1256 1880; x_wconf 85' lang='lat'><em>3</em></span> <span class='ocrx_word' id='word_1_264' title='bbox 1282 1844 1318 1872; x_wconf 88' lang='lat' dir='ltr'>et</span> <span class='ocrx_word' id='word_1_265' title='bbox 1337 1838 1390 1872; x_wconf 87' lang='lat' dir='ltr'>sic</span> <span class='ocrx_word' id='word_1_266' title='bbox 1408 1850 1451 1872; x_wconf 88' lang='lat' dir='ltr'>eo</span> <span class='ocrx_word' id='word_1_267' title='bbox 1471 1838 1583 1871; x_wconf 90' lang='lat' dir='ltr'>modo</span> <span class='ocrx_word' id='word_1_268' title='bbox 1602 1836 1726 1881; x_wconf 90' lang='lat' dir='ltr'>quoad</span> 
     </span>
     <span class='ocr_line' id='line_1_29' title="bbox 398 1895 1723 1940; baseline -0.001 -10"><span class='ocrx_word' id='word_1_269' title='bbox 398 1895 698 1930; x_wconf 88' lang='lat' dir='ltr'>nominacionem</span> <span class='ocrx_word' id='word_1_270' title='bbox 724 1895 918 1930; x_wconf 88' lang='lat' dir='ltr'>relativam</span> <span class='ocrx_word' id='word_1_271' title='bbox 944 1895 1134 1940; x_wconf 87' lang='lat' dir='ltr'>perimitur</span> <span class='ocrx_word' id='word_1_272' title='bbox 1166 1896 1274 1930; x_wconf 87' lang='lat' dir='ltr'>unico</span> <span class='ocrx_word' id='word_1_273' title='bbox 1309 1896 1381 1930; x_wconf 88' lang='lat' dir='ltr'>filio</span> <span class='ocrx_word' id='word_1_274' title='bbox 1416 1907 1482 1930; x_wconf 89' lang='lat' dir='ltr'>suo</span> <span class='ocrx_word' id='word_1_275' title='bbox 1508 1900 1723 1940; x_wconf 88' lang='lat' dir='ltr'>perempto:</span> 
     </span>
     <span class='ocr_line' id='line_1_30' title="bbox 397 1953 1536 1999; baseline -0.001 -11"><span class='ocrx_word' id='word_1_276' title='bbox 397 1954 533 1998; x_wconf 89' lang='lat' dir='ltr'>pariter</span> <span class='ocrx_word' id='word_1_277' title='bbox 551 1954 598 1988; x_wconf 91' lang='lat' dir='ltr'>de</span> <span class='ocrx_word' id='word_1_278' title='bbox 618 1955 702 1988; x_wconf 92' lang='lat' dir='ltr'>Deo</span> <span class='ocrx_word' id='word_1_279' title='bbox 720 1953 881 1998; x_wconf 82' lang='lat' dir='ltr'>intellige</span> <span class='ocrx_word' id='word_1_280' title='bbox 900 1954 999 1999; x_wconf 89' lang='lat' dir='ltr'>quod</span> <span class='ocrx_word' id='word_1_281' title='bbox 1018 1953 1151 1988; x_wconf 89' lang='lat' dir='ltr'>dicitur</span> <span class='ocrx_word' id='word_1_282' title='bbox 1169 1954 1340 1988; x_wconf 89' lang='lat' dir='ltr'>dominus</span> <span class='ocrx_word' id='word_1_283' title='bbox 1359 1960 1536 1988; x_wconf 81' lang='lat' dir='ltr'>creature.</span> 
     </span>
    </p>

    <p class='ocr_par' dir='ltr' id='par_1_7' title="bbox 399 2011 1780 2115">
     <span class='ocr_line' id='line_1_31' title="bbox 449 2011 1780 2057; baseline 0.001 -12"><span class='ocrx_word' id='word_1_284' title='bbox 449 2013 538 2046; x_wconf 89' lang='lat' dir='ltr'>IOH.</span> <span class='ocrx_word' id='word_1_285' title='bbox 576 2012 783 2047; x_wconf 82' lang='lat' dir='ltr'>Assencio:</span> <span class='ocrx_word' id='word_1_286' title='bbox 820 2018 874 2047; x_wconf 92' lang='lat' dir='ltr'>set</span> <span class='ocrx_word' id='word_1_287' title='bbox 904 2012 953 2047; x_wconf 87' lang='lat' dir='ltr'>ita</span> <span class='ocrx_word' id='word_1_288' title='bbox 977 2012 1141 2057; x_wconf 87' lang='lat' dir='ltr'>sequitur</span> <span class='ocrx_word' id='word_1_289' title='bbox 1169 2012 1268 2057; x_wconf 89' lang='lat' dir='ltr'>quod</span> <span class='ocrx_word' id='word_1_290' title='bbox 1296 2013 1399 2047; x_wconf 90' lang='lat' dir='ltr'>Deus</span> <span class='ocrx_word' id='word_1_291' title='bbox 1427 2011 1465 2045; x_wconf 93' lang='lat' dir='ltr'>in</span> <span class='ocrx_word' id='word_1_292' title='bbox 1498 2011 1617 2056; x_wconf 88' lang='lat' dir='ltr'>primo</span> <span class='ocrx_word' id='word_1_293' title='bbox 1646 2022 1725 2046; x_wconf 87' lang='lat' dir='ltr'>mo·</span> <span class='ocrx_word' id='word_1_294' title='bbox 1739 2020 1780 2051; x_wconf 82' lang='lat'>30</span> 
     </span>
     <span class='ocr_line' id='line_1_32' title="bbox 399 2069 1169 2115; baseline 0 -11"><span class='ocrx_word' id='word_1_295' title='bbox 399 2077 524 2104; x_wconf 88' lang='lat' dir='ltr'>mento</span> <span class='ocrx_word' id='word_1_296' title='bbox 541 2070 718 2114; x_wconf 88' lang='lat' dir='ltr'>temporis</span> <span class='ocrx_word' id='word_1_297' title='bbox 738 2069 909 2104; x_wconf 88' lang='lat' dir='ltr'>dominus</span> <span class='ocrx_word' id='word_1_298' title='bbox 927 2081 1007 2104; x_wconf 89' lang='lat' dir='ltr'>esse</span> <span class='ocrx_word' id='word_1_299' title='bbox 1024 2070 1169 2115; x_wconf 87' lang='lat' dir='ltr'>incepit.</span> 
     </span>
    </p>

    <p class='ocr_par' dir='ltr' id='par_1_8' title="bbox 445 2127 1009 2172">
     <span class='ocr_line' id='line_1_33' title="bbox 445 2127 1009 2172; baseline 0 -10"><span class='ocrx_word' id='word_1_300' title='bbox 445 2129 534 2162; x_wconf 89' lang='lat' dir='ltr'><strong>RIC.</strong></span> <span class='ocrx_word' id='word_1_301' title='bbox 562 2127 623 2162; x_wconf 90' lang='lat' dir='ltr'>Sic</span> <span class='ocrx_word' id='word_1_302' title='bbox 642 2127 807 2172; x_wconf 87' lang='lat' dir='ltr'>sequitur</span> <span class='ocrx_word' id='word_1_303' title='bbox 823 2134 858 2163; x_wconf 90' lang='lat' dir='ltr'>et</span> <span class='ocrx_word' id='word_1_304' title='bbox 875 2134 931 2162; x_wconf 87' lang='lat' dir='ltr'>est</span> <span class='ocrx_word' id='word_1_305' title='bbox 947 2128 1009 2163; x_wconf 89' lang='lat' dir='ltr'>ita.</span> 
     </span>
    </p>

    <p class='ocr_par' dir='ltr' id='par_1_9' title="bbox 396 2185 1779 2752">
     <span class='ocr_line' id='line_1_34' title="bbox 448 2185 1726 2231; baseline 0 -12"><span class='ocrx_word' id='word_1_306' title='bbox 448 2187 537 2221; x_wconf 89' lang='lat' dir='ltr'>IOH.</span> <span class='ocrx_word' id='word_1_307' title='bbox 566 2187 709 2229; x_wconf 78' lang='lat' dir='ltr'>Patere,</span> <span class='ocrx_word' id='word_1_308' title='bbox 728 2197 855 2231; x_wconf 82' lang='lat' dir='ltr'>queSO,</span> <span class='ocrx_word' id='word_1_309' title='bbox 879 2192 918 2220; x_wconf 89' lang='lat' dir='ltr'>ut</span> <span class='ocrx_word' id='word_1_310' title='bbox 943 2186 1036 2220; x_wconf 88' lang='lat' dir='ltr'>forte</span> <span class='ocrx_word' id='word_1_311' title='bbox 1062 2185 1184 2220; x_wconf 89' lang='lat' dir='ltr'>minus</span> <span class='ocrx_word' id='word_1_312' title='bbox 1210 2186 1409 2231; x_wconf 89' lang='lat' dir='ltr'>prudenter</span> <span class='ocrx_word' id='word_1_313' title='bbox 1434 2196 1633 2230; x_wconf 87' lang='lat' dir='ltr'>parumper</span> <span class='ocrx_word' id='word_1_314' title='bbox 1649 2185 1726 2219; x_wconf 91' lang='lat' dir='ltr'>obi-</span> 
     </span>
     <span class='ocr_line' id='line_1_35' title="bbox 399 2243 1725 2288; baseline -0.001 -11"><span class='ocrx_word' id='word_1_315' title='bbox 399 2243 507 2278; x_wconf 87' lang='lat' dir='ltr'>ciam.</span> <span class='ocrx_word' id='word_1_316' title='bbox 558 2244 669 2287; x_wconf 79' lang='lat' dir='ltr'>Ecce,</span> <span class='ocrx_word' id='word_1_317' title='bbox 688 2249 727 2277; x_wconf 91' lang='lat' dir='ltr'>ut</span> <span class='ocrx_word' id='word_1_318' title='bbox 746 2243 836 2277; x_wconf 90' lang='lat' dir='ltr'>mihi</span> <span class='ocrx_word' id='word_1_319' title='bbox 855 2243 1008 2287; x_wconf 89' lang='lat' dir='ltr'>videtur,</span> <span class='ocrx_word' id='word_1_320' title='bbox 1027 2243 1134 2278; x_wconf 89' lang='lat' dir='ltr'>sicuti</span> <span class='ocrx_word' id='word_1_321' title='bbox 1160 2255 1243 2278; x_wconf 91' lang='lat' dir='ltr'>esse</span> <span class='ocrx_word' id='word_1_322' title='bbox 1268 2243 1367 2288; x_wconf 87' lang='lat' dir='ltr'>prius</span> <span class='ocrx_word' id='word_1_323' title='bbox 1389 2250 1445 2277; x_wconf 88' lang='lat' dir='ltr'>est</span> <span class='ocrx_word' id='word_1_324' title='bbox 1467 2254 1578 2287; x_wconf 83' lang='lat' dir='ltr'>quam</span> <span class='ocrx_word' id='word_1_325' title='bbox 1604 2254 1725 2287; x_wconf 85' lang='lat' dir='ltr'>agere,</span> 
     </span>
     <span class='ocr_line' id='line_1_36' title="bbox 399 2300 1778 2346; baseline -0.001 -10"><span class='ocrx_word' id='word_1_326' title='bbox 399 2301 452 2336; x_wconf 84' lang='lat' dir='ltr'>sic</span> <span class='ocrx_word' id='word_1_327' title='bbox 471 2313 553 2336; x_wconf 88' lang='lat' dir='ltr'>esse</span> <span class='ocrx_word' id='word_1_328' title='bbox 570 2301 704 2336; x_wconf 89' lang='lat' dir='ltr'>alicubi</span> <span class='ocrx_word' id='word_1_329' title='bbox 723 2302 823 2346; x_wconf 90' lang='lat' dir='ltr'>prius</span> <span class='ocrx_word' id='word_1_330' title='bbox 842 2308 896 2336; x_wconf 89' lang='lat' dir='ltr'>est</span> <span class='ocrx_word' id='word_1_331' title='bbox 915 2312 1026 2346; x_wconf 89' lang='lat' dir='ltr'>quam</span> <span class='ocrx_word' id='word_1_332' title='bbox 1045 2313 1154 2345; x_wconf 86' lang='lat' dir='ltr'>agere</span> <span class='ocrx_word' id='word_1_333' title='bbox 1172 2301 1220 2335; x_wconf 90' lang='lat' dir='ltr'>ibi</span> <span class='ocrx_word' id='word_1_334' title='bbox 1238 2315 1246 2343; x_wconf 94' lang='lat'>;</span> <span class='ocrx_word' id='word_1_335' title='bbox 1272 2308 1308 2336; x_wconf 88' lang='lat' dir='ltr'>et</span> <span class='ocrx_word' id='word_1_336' title='bbox 1325 2300 1462 2346; x_wconf 86' lang='lat' dir='ltr'>pariter</span> <span class='ocrx_word' id='word_1_337' title='bbox 1476 2301 1520 2335; x_wconf 91' lang='lat' dir='ltr'>de</span> <span class='ocrx_word' id='word_1_338' title='bbox 1533 2301 1725 2335; x_wconf 88' lang='lat' dir='ltr'>creacione</span> <span class='ocrx_word' id='word_1_339' title='bbox 1738 2314 1778 2346; x_wconf 84' lang='lat'>35</span> 
     </span>
     <span class='ocr_line' id='line_1_37' title="bbox 398 2358 1725 2404; baseline -0.001 -11"><span class='ocrx_word' id='word_1_340' title='bbox 398 2359 488 2394; x_wconf 88' lang='lat' dir='ltr'>mihi</span> <span class='ocrx_word' id='word_1_341' title='bbox 519 2359 674 2402; x_wconf 86' lang='lat' dir='ltr'>videtur,</span> <span class='ocrx_word' id='word_1_342' title='bbox 705 2359 854 2402; x_wconf 89' lang='lat' dir='ltr'>scilicet,</span> <span class='ocrx_word' id='word_1_343' title='bbox 886 2359 985 2404; x_wconf 89' lang='lat' dir='ltr'>quod</span> <span class='ocrx_word' id='word_1_344' title='bbox 1015 2358 1108 2393; x_wconf 86' lang='lat' dir='ltr'>sicut</span> <span class='ocrx_word' id='word_1_345' title='bbox 1135 2358 1235 2403; x_wconf 88' lang='lat' dir='ltr'>prius</span> <span class='ocrx_word' id='word_1_346' title='bbox 1264 2364 1319 2393; x_wconf 89' lang='lat' dir='ltr'>est</span> <span class='ocrx_word' id='word_1_347' title='bbox 1350 2359 1473 2393; x_wconf 87' lang='lat' dir='ltr'>Deum</span> <span class='ocrx_word' id='word_1_348' title='bbox 1502 2369 1584 2392; x_wconf 87' lang='lat' dir='ltr'>esse</span> <span class='ocrx_word' id='word_1_349' title='bbox 1613 2369 1725 2403; x_wconf 82' lang='lat' dir='ltr'>quam</span> 
     </span>
     <span class='ocr_line' id='line_1_38' title="bbox 397 2416 1724 2461; baseline -0.001 -10"><span class='ocrx_word' id='word_1_350' title='bbox 397 2428 533 2460; x_wconf 88' lang='lat' dir='ltr'>creare,</span> <span class='ocrx_word' id='word_1_351' title='bbox 553 2417 606 2451; x_wconf 87' lang='lat' dir='ltr'>sic</span> <span class='ocrx_word' id='word_1_352' title='bbox 624 2417 724 2461; x_wconf 88' lang='lat' dir='ltr'>prius</span> <span class='ocrx_word' id='word_1_353' title='bbox 743 2423 798 2451; x_wconf 90' lang='lat' dir='ltr'>est</span> <span class='ocrx_word' id='word_1_354' title='bbox 820 2418 942 2452; x_wconf 82' lang='lat' dir='ltr'>Deum</span> <span class='ocrx_word' id='word_1_355' title='bbox 960 2428 1042 2451; x_wconf 87' lang='lat' dir='ltr'>esse</span> <span class='ocrx_word' id='word_1_356' title='bbox 1060 2417 1121 2451; x_wconf 88' lang='lat' dir='ltr'>ubi</span> <span class='ocrx_word' id='word_1_357' title='bbox 1141 2417 1300 2451; x_wconf 86' lang='lat' dir='ltr'>mundus</span> <span class='ocrx_word' id='word_1_358' title='bbox 1319 2423 1386 2457; x_wconf 89' lang='lat' dir='ltr'>est,</span> <span class='ocrx_word' id='word_1_359' title='bbox 1405 2428 1517 2460; x_wconf 90' lang='lat' dir='ltr'>quam</span> <span class='ocrx_word' id='word_1_360' title='bbox 1542 2416 1724 2451; x_wconf 89' lang='lat' dir='ltr'>mundum</span> 
     </span>
     <span class='ocr_line' id='line_1_39' title="bbox 398 2474 1723 2519; baseline -0.001 -10"><span class='ocrx_word' id='word_1_361' title='bbox 398 2475 447 2509; x_wconf 86' lang='lat' dir='ltr'>ibi</span> <span class='ocrx_word' id='word_1_362' title='bbox 462 2487 609 2510; x_wconf 88' lang='lat' dir='ltr'>creare:</span> <span class='ocrx_word' id='word_1_363' title='bbox 637 2476 739 2509; x_wconf 86' lang='lat' dir='ltr'>locus</span> <span class='ocrx_word' id='word_1_364' title='bbox 765 2486 852 2519; x_wconf 86' lang='lat' dir='ltr'>ergo</span> <span class='ocrx_word' id='word_1_365' title='bbox 878 2481 940 2509; x_wconf 83' lang='lat' dir='ltr'>aut</span> <span class='ocrx_word' id='word_1_366' title='bbox 968 2474 1069 2518; x_wconf 60' lang='lat' dir='ltr'>sitm,</span> <span class='ocrx_word' id='word_1_367' title='bbox 1090 2486 1155 2509; x_wconf 87' lang='lat' dir='ltr'>seu</span> <span class='ocrx_word' id='word_1_368' title='bbox 1181 2475 1253 2517; x_wconf 90' lang='lat' dir='ltr'>ubi,</span> <span class='ocrx_word' id='word_1_369' title='bbox 1274 2474 1454 2509; x_wconf 86' lang='lat' dir='ltr'>creacioni</span> <span class='ocrx_word' id='word_1_370' title='bbox 1483 2474 1554 2509; x_wconf 93' lang='lat' dir='ltr'>Dei</span> <span class='ocrx_word' id='word_1_371' title='bbox 1573 2486 1723 2519; x_wconf 87' lang='lat' dir='ltr'>presup-</span> 
     </span>
     <span class='ocr_line' id='line_1_40' title="bbox 398 2532 1724 2578; baseline -0.001 -11"><span class='ocrx_word' id='word_1_372' title='bbox 398 2533 545 2578; x_wconf 87' lang='lat' dir='ltr'>ponitur</span> <span class='ocrx_word' id='word_1_373' title='bbox 565 2546 573 2575; x_wconf 93' lang='lat'>;</span> <span class='ocrx_word' id='word_1_374' title='bbox 598 2544 666 2567; x_wconf 91' lang='lat' dir='ltr'>nec</span> <span class='ocrx_word' id='word_1_375' title='bbox 700 2539 818 2577; x_wconf 88' lang='lat' dir='ltr'>potest</span> <span class='ocrx_word' id='word_1_376' title='bbox 853 2534 954 2566; x_wconf 89' lang='lat' dir='ltr'>locus</span> <span class='ocrx_word' id='word_1_377' title='bbox 987 2539 1049 2567; x_wconf 90' lang='lat' dir='ltr'>aut</span> <span class='ocrx_word' id='word_1_378' title='bbox 1082 2532 1143 2567; x_wconf 87' lang='lat' dir='ltr'>ubi</span> <span class='ocrx_word' id='word_1_379' title='bbox 1177 2544 1258 2567; x_wconf 89' lang='lat' dir='ltr'>esse</span> <span class='ocrx_word' id='word_1_380' title='bbox 1292 2532 1394 2566; x_wconf 89' lang='lat' dir='ltr'>cuius</span> <span class='ocrx_word' id='word_1_381' title='bbox 1427 2533 1530 2567; x_wconf 91' lang='lat' dir='ltr'>Deus</span> <span class='ocrx_word' id='word_1_382' title='bbox 1559 2544 1633 2566; x_wconf 92' lang='lat' dir='ltr'>non</span> <span class='ocrx_word' id='word_1_383' title='bbox 1668 2538 1724 2566; x_wconf 89' lang='lat' dir='ltr'>est</span> 
     </span>
     <span class='ocr_line' id='line_1_41' title="bbox 397 2590 1779 2635; baseline -0.001 -10"><span class='ocrx_word' id='word_1_384' title='bbox 397 2591 580 2634; x_wconf 90' lang='lat' dir='ltr'>dominus,</span> <span class='ocrx_word' id='word_1_385' title='bbox 602 2597 640 2625; x_wconf 91' lang='lat' dir='ltr'>ut</span> <span class='ocrx_word' id='word_1_386' title='bbox 658 2591 821 2625; x_wconf 87' lang='lat' dir='ltr'>affirmas</span> <span class='ocrx_word' id='word_1_387' title='bbox 839 2602 847 2625; x_wconf 86' lang='lat'>:</span> <span class='ocrx_word' id='word_1_388' title='bbox 875 2590 975 2635; x_wconf 84' lang='lat' dir='ltr'>prius</span> <span class='ocrx_word' id='word_1_389' title='bbox 994 2591 1102 2635; x_wconf 83' lang='lat' dir='ltr'>igitur</span> <span class='ocrx_word' id='word_1_390' title='bbox 1120 2591 1336 2625; x_wconf 86' lang='lat' dir='ltr'>causalitate</span> <span class='ocrx_word' id='word_1_391' title='bbox 1356 2592 1459 2624; x_wconf 89' lang='lat' dir='ltr'>Deus</span> <span class='ocrx_word' id='word_1_392' title='bbox 1477 2597 1532 2625; x_wconf 85' lang='lat' dir='ltr'>est</span> <span class='ocrx_word' id='word_1_393' title='bbox 1550 2590 1723 2625; x_wconf 88' lang='lat' dir='ltr'>dominus</span> <span class='ocrx_word' id='word_1_394' title='bbox 1737 2599 1779 2630; x_wconf 88' lang='lat'>40</span> 
     </span>
     <span class='ocr_line' id='line_1_42' title="bbox 396 2648 1723 2694; baseline -0.001 -11"><span class='ocrx_word' id='word_1_395' title='bbox 396 2660 508 2694; x_wconf 86' lang='lat' dir='ltr'>quarn</span> <span class='ocrx_word' id='word_1_396' title='bbox 533 2656 630 2683; x_wconf 87' lang='lat' dir='ltr'>creet</span> <span class='ocrx_word' id='word_1_397' title='bbox 660 2649 810 2694; x_wconf 85' lang='lat' dir='ltr'>aliquid,</span> <span class='ocrx_word' id='word_1_398' title='bbox 837 2655 873 2683; x_wconf 89' lang='lat' dir='ltr'>et</span> <span class='ocrx_word' id='word_1_399' title='bbox 899 2648 999 2693; x_wconf 90' lang='lat' dir='ltr'>prius</span> <span class='ocrx_word' id='word_1_400' title='bbox 1024 2649 1091 2683; x_wconf 85' lang='lat' dir='ltr'>fuit</span> <span class='ocrx_word' id='word_1_401' title='bbox 1119 2650 1222 2683; x_wconf 90' lang='lat' dir='ltr'>Deus</span> <span class='ocrx_word' id='word_1_402' title='bbox 1250 2648 1421 2683; x_wconf 88' lang='lat' dir='ltr'>dominus</span> <span class='ocrx_word' id='word_1_403' title='bbox 1447 2649 1517 2683; x_wconf 91' lang='lat' dir='ltr'>loci</span> <span class='ocrx_word' id='word_1_404' title='bbox 1544 2655 1605 2683; x_wconf 91' lang='lat' dir='ltr'>aut</span> <span class='ocrx_word' id='word_1_405' title='bbox 1631 2648 1723 2683; x_wconf 85' lang='lat' dir='ltr'>situs</span> 
     </span>
     <span class='ocr_line' id='line_1_43' title="bbox 397 2706 872 2752; baseline 0 -12"><span class='ocrx_word' id='word_1_406' title='bbox 397 2718 508 2752; x_wconf 90' lang='lat' dir='ltr'>quam</span> <span class='ocrx_word' id='word_1_407' title='bbox 526 2706 706 2740; x_wconf 88' lang='lat' dir='ltr'>mundum</span> <span class='ocrx_word' id='word_1_408' title='bbox 726 2707 872 2740; x_wconf 89' lang='lat' dir='ltr'>creavit.</span> 
     </span>
    </p>

    <p class='ocr_par' dir='ltr' id='par_1_10' title="bbox 399 2763 1927 2867">
     <span class='ocr_line' id='line_1_44' title="bbox 446 2763 1927 2808; baseline -0.002 -9"><span class='ocrx_word' id='word_1_409' title='bbox 446 2766 532 2799; x_wconf 88' lang='lat' dir='ltr'>RIC.</span> <span class='ocrx_word' id='word_1_410' title='bbox 561 2766 703 2808; x_wconf 88' lang='lat' dir='ltr'>Lapsus</span> <span class='ocrx_word' id='word_1_411' title='bbox 734 2764 910 2808; x_wconf 82' lang='lat' dir='ltr'>sapientis</span> <span class='ocrx_word' id='word_1_412' title='bbox 937 2764 1008 2798; x_wconf 87' lang='lat' dir='ltr'>dici</span> <span class='ocrx_word' id='word_1_413' title='bbox 1036 2770 1157 2808; x_wconf 88' lang='lat' dir='ltr'>potest</span> <span class='ocrx_word' id='word_1_414' title='bbox 1181 2764 1241 2798; x_wconf 88' lang='lat' dir='ltr'>hic</span> <span class='ocrx_word' id='word_1_415' title='bbox 1267 2770 1426 2808; x_wconf 90' lang='lat' dir='ltr'>punctus</span> <span class='ocrx_word' id='word_1_416' title='bbox 1453 2775 1561 2808; x_wconf 90' lang='lat' dir='ltr'>quem</span> <span class='ocrx_word' id='word_1_417' title='bbox 1592 2763 1879 2807; x_wconf 77' lang='lat' dir='ltr'>tangis,j&gt;unz‘tus</span> <span class='ocrx_word' id='word_1_418' title='bbox 1898 2773 1927 2796; x_wconf 79' lang='grc' dir='ltr'>Β.</span> 
     </span>
     <span class='ocr_line' id='line_1_45' title="bbox 399 2821 1724 2867; baseline -0.001 -10"><span class='ocrx_word' id='word_1_419' title='bbox 399 2822 575 2867; x_wconf 87' lang='lat' dir='ltr'>quoniam</span> <span class='ocrx_word' id='word_1_420' title='bbox 594 2822 664 2866; x_wconf 87' lang='lat' dir='ltr'>legi</span> <span class='ocrx_word' id='word_1_421' title='bbox 683 2822 874 2857; x_wconf 76' lang='lat' dir='ltr'>cuiusdam</span> <span class='ocrx_word' id='word_1_422' title='bbox 902 2822 1061 2857; x_wconf 87' lang='lat' dir='ltr'>doctoris</span> <span class='ocrx_word' id='word_1_423' title='bbox 1088 2822 1205 2856; x_wconf 83' lang='lat' dir='ltr'>sancti</span> <span class='ocrx_word' id='word_1_424' title='bbox 1232 2828 1267 2857; x_wconf 92' lang='lat' dir='ltr'>et</span> <span class='ocrx_word' id='word_1_425' title='bbox 1294 2823 1389 2857; x_wconf 89' lang='lat' dir='ltr'>clare</span> <span class='ocrx_word' id='word_1_426' title='bbox 1417 2821 1583 2856; x_wconf 86' lang='lat' dir='ltr'>doctrine</span> <span class='ocrx_word' id='word_1_427' title='bbox 1610 2821 1724 2866; x_wconf 88' lang='lat' dir='ltr'>scrip-</span> 
     </span>
    </p>
   </div>
  </div>
 </body>
</html>
