2008 3305
151 209 206 248 42
837 208 902 238 DE
935 207 1153 240 DoM1N1o
1186 209 1362 241 mero
1589 198 1693 257 [CAP.
1708 213 1765 242 VI.

434 327 602 371 paratus,
619 327 656 360 et
675 334 743 371 per
755 334 1000 372 consequens
1016 329 1224 373 antequam
1245 336 1359 373 super
1375 322 1476 362 aliud
1496 323 1543 362 sit
1563 324 1765 363 excellens.
1781 326 1879 369 [14A

432 391 483 428 Et
505 404 600 441 pure
626 392 698 429 sub
726 392 879 430 racione
903 393 1001 431 illius
1024 393 1161 443 prioris
1185 406 1265 431 non
1294 400 1351 431 θεῖ
1378 400 1553 432 nostrum
1576 395 1769 432 viancium

432 461 561 511 ipsum
576 462 790 511 concipere,
804 475 893 500 cum
906 475 987 501 non
1007 475 1214 512 possumus
1235 463 1443 501 terminum
1456 463 1516 501 vel
1536 471 1770 514 conceptum

432 544 511 581 quo
529 544 736 581 possumus
759 533 886 581 ipsum
906 545 1002 582 pure
1023 533 1094 571 sub
1114 533 1177 570 illa
1191 533 1345 571 racione
1366 533 1570 582 concipere
1587 546 1595 579 ;
1626 540 1663 571 et
1682 534 1769 572 ideo

433 602 524 640 dicit
545 602 655 640 Plato
680 602 720 639 in
740 602 909 640 Thimeo
935 603 1042 652 quod
1067 603 1237 652 primum
1261 604 1435 652 superius
1461 611 1519 642 est
1548 605 1655 642 omni
1681 617 1767 642 nar·
1782 617 1800 649 5

433 672 598 719 racione,
634 678 671 709 et
698 684 780 710 non
818 672 1001 710 deficiunt
1037 673 1167 723 lingue
1205 674 1245 710 in
1283 674 1364 711 eius
1393 674 1668 712 nominacione
1697 675 1770 712 nisi

432 749 588 793 propter
615 754 727 780 suum
757 743 949 780 excellens
978 755 1070 781 esse.
1126 743 1177 781 Et
1207 743 1256 780 ad
1289 744 1449 781 iubilose
1483 745 1771 793 inprimendum

433 813 474 850 in
507 812 621 850 nobis
655 813 763 849 illum
796 813 960 862 gradum
994 813 1145 851 essendi
1176 813 1265 851 dicit
1298 813 1520 863 Dyonisius,
1552 814 1599 851 de
1634 815 1771 852 divinis

434 883 680 929 Nominibus,
696 883 824 921 multis
843 883 948 929 locis,
966 884 1070 934 quod
1087 883 1196 921 Deus
1216 896 1296 921 non
1310 890 1366 921 est
1383 885 1603 922 substancia
1619 885 1771 922 bonitas

436 954 503 992 sed
536 954 894 1003 supersubstancia;
933 961 970 991 et
998 966 1084 991 vere
1118 953 1369 992 concedimus
1399 954 1529 992 Deum
1563 967 1647 992 esse
1681 956 1770 992 sub·
1786 970 1825 993 10

435 1025 632 1070 stanciam,
654 1023 728 1062 hoc
747 1030 804 1062 est
824 1025 1049 1071 essenciam,
1070 1025 1295 1070 bonitatem,
1317 1032 1354 1062 et
1369 1025 1422 1062 sic
1447 1025 1493 1062 de
1515 1025 1596 1063 aliis
1617 1026 1664 1063 de
1685 1025 1772 1065 Deo

434 1102 472 1134 et
493 1095 626 1133 ceteris
641 1095 803 1132 multum
823 1095 1008 1145 equivoce
1023 1095 1238 1144 predicatis.
1281 1095 1343 1132 Ex
1358 1095 1439 1133 istis
1454 1102 1558 1144 patet
1572 1097 1773 1145 responsio

434 1166 484 1203 ad
510 1172 785 1214 argumentum
809 1165 954 1203 factum
981 1165 1166 1214 superius,
1194 1177 1283 1202 cum
1303 1177 1372 1202 ens
1393 1166 1773 1203 transcendentivum

435 1248 515 1274 non
544 1236 856 1273 communicatur
884 1236 1054 1273 essencie
1084 1236 1252 1273 increate
1282 1242 1319 1273 et
1348 1242 1483 1273 nature
1517 1243 1656 1283 create,
1685 1237 1773 1275 licet

437 1307 548 1356 signa
573 1307 676 1355 ipsas
699 1306 885 1356 equivoce
907 1306 1134 1355 significent.
1789 1316 1825 1349 15

157 1381 347 1442 §hrisiishthi
360 1381 424 1407 sub-
489 1377 540 1414 Et
560 1377 708 1414 videtur
727 1377 832 1422 mihi,
853 1377 959 1414 iuxta
979 1376 1214 1414 sentenciam
1238 1376 1523 1415 Lincolniensis
1544 1377 1583 1414 in
1604 1389 1675 1415 suo
1695 1377 1774 1414 Ex-

155 1422 242 1450 καθ
266 1422 277 1442 t
299 1424 332 1442 eo
345 1424 410 1448 Ogy’
436 1459 596 1485 ameron
618 1447 786 1496 capitulo
810 1448 887 1493 vii„
914 1447 1020 1497 quod
1048 1446 1221 1485 Christus
1249 1447 1295 1484 sit
1324 1447 1538 1485 subiectum
1566 1447 1772 1496 theologie.

436 1517 512 1556 Pro
533 1530 610 1567 quo
631 1517 959 1555 considerandum
979 1524 1037 1555 est
1057 1517 1163 1566 quod
1184 1517 1223 1554 in
1238 1516 1370 1554 Verbo
1394 1523 1451 1555 est
1472 1517 1609 1566 triplex
1624 1518 1773 1555 unitas:

435 1589 559 1637 prima
577 1594 634 1625 est
654 1589 779 1626 unitas
799 1588 971 1626 essencie
1006 1600 1095 1625 cum
1117 1588 1229 1625 Patre
1255 1594 1291 1625 et
1314 1587 1446 1632 Dono,
1468 1588 1515 1624 de
1536 1600 1614 1637 qua
1634 1588 1716 1626 Ioh.
1737 1601 1773 1625 x.

438 1672 500 1707 30,
530 1658 616 1707 Ego
639 1663 674 1696 et
693 1660 815 1696 Pater
840 1671 955 1696 unum
978 1671 1105 1695 sumus
1118 1672 1137 1701 ‚·
1169 1658 1339 1695 secunda
1366 1664 1422 1695 est
1448 1658 1573 1695 unitas
1598 1658 1774 1707 supposi-
1791 1675 1830 1698 20

434 1730 521 1767 talis
552 1730 592 1766 in
625 1742 703 1779 qua
738 1729 950 1766 secundum
988 1729 1234 1766 benedictam
1264 1728 1575 1765 incarnacionem
1614 1735 1775 1778 utraque

435 1807 571 1837 natura
609 1806 747 1846 creata,
783 1800 939 1844 scilicet,
974 1810 1159 1848 corporea
1192 1805 1249 1836 θεῖ
1287 1799 1529 1847 incorporea,
1561 1805 1618 1836 est
1647 1800 1775 1849 ipsum

435 1871 610 1909 Verbum
627 1883 637 1917 ;
675 1869 693 1890 '¹‘
725 1871 843 1908 tercia
863 1876 920 1907 est
946 1870 1071 1907 unitas
1091 1870 1131 1906 in
1151 1875 1287 1906 natura
1314 1869 1512 1906 communi
1536 1881 1613 1918 qua
1636 1869 1719 1919 ipsa
1738 1876 1775 1907 et
1790 1883 1820 1912 B

436 1941 564 1979 omnis
585 1947 758 1979 creatura
775 1946 863 1978 sunt
882 1952 1015 1986 unum,
1037 1952 1126 1977 cum
1153 1939 1280 1977 omnis
1310 1946 1483 1977 creatura
1511 1940 1557 1977 sit
1588 1952 1777 1990 corporea

436 2012 495 2049 vel
524 2013 773 2061 incorporea;
804 2018 841 2049 et
870 2011 923 2049 sic
948 2010 1091 2060 duplici
1114 2011 1268 2047 racione
1292 2010 1600 2047 communicatur
1623 2011 1775 2048 cuilibet
1791 2025 1829 2058 25

437 2089 623 2129 creature,
644 2083 770 2131 primo
793 2081 1007 2119 secundum
1033 2081 1207 2118 raciones
1233 2079 1402 2129 ydeales,
1424 2092 1498 2129 que
1519 2092 1665 2127 omnes,
1687 2081 1776 2119 licet

437 2153 720 2202 distinguantur
749 2153 917 2198 racione,
942 2157 1029 2189 sunt
1059 2151 1162 2188 idem
1191 2150 1448 2188 essencialiter
1468 2150 1601 2189 Verbo
1628 2151 1714 2198 Dei,
1740 2159 1776 2189 et

436 2223 605 2273 quelibet
625 2230 799 2261 creatura
819 2229 876 2260 est
896 2223 1019 2260 eciam
1039 2222 1141 2259 idem
1162 2221 1423 2259 essencialiter
1450 2233 1539 2258 cum
1559 2222 1668 2271 ydea.
1724 2222 1776 2259 Et

437 2295 531 2332 alias
551 2294 739 2332 declaravi
760 2293 865 2343 quod
887 2305 966 2330 non
994 2293 1176 2342 sequitur,
1198 2295 1205 2310 ‘
1223 2292 1310 2329 Hec
1338 2292 1437 2341 ydea
1460 2299 1518 2330 est
1545 2292 1664 2339 Deus,
1686 2294 1776 2343 quia

438 2365 710 2410 essencialiter,
732 2371 769 2401 et
790 2364 861 2401 hec
888 2363 1025 2401 eadem
1051 2363 1150 2412 ydea
1173 2369 1231 2400 est
1255 2368 1442 2408 ereatura,
1463 2363 1555 2412 quia
1576 2363 1647 2400 sibi
1675 2364 1773 2401 acci·
1790 2376 1831 2407 30

473 2461 498 2483 7.
517 2450 738 2482 inprimendum
757 2450 788 2475 in
802 2449 880 2475 nobis
902 2448 940 2474 B:
962 2449 992 2474 z'n
1012 2447 1090 2474 nobis
1110 2447 1329 2480 reprimendmn
1349 2447 1418 2473 AC.
1542 2457 1582 2473 11.
1602 2449 1645 2473 est
1665 2456 1720 2474 om.
1742 2448 1777 2474 B.

441 2486 450 2515 ΙΙ
462 2485 497 2510 de
509 2485 559 2509 deo
574 2484 595 2509 B
608 2484 626 2509 f.
644 2485 692 2509 218
703 2492 729 2510 Β.
835 2491 875 2514 15.
894 2485 1002 2508 nature
1014 2482 1040 2507 A
1052 2482 1074 2507 B
1087 2490 1142 2513 mg.
1159 2481 1198 2508 C:
1219 2482 1300 2507 nulle
1314 2481 1336 2506 B
1352 2486 1419 2507 text.

486 2563 516 2594 5.
542 2553 751 2595 Apparently
767 2553 853 2584 Plat.
870 2553 958 2583 Tim.
975 2563 1031 2593 pp.
1052 2561 1102 2592 29,
1121 2561 1162 2591 30
1179 2563 1186 2582 t
1211 2562 1247 2582 or
1271 2562 1323 2582 see
1344 2551 1455 2582 rather
1475 2550 1720 2582 Pseudo-Arist.
1737 2550 1778 2582 de

441 2603 559 2635 Causis
584 2613 678 2644 prop.
703 2603 759 2641 vi.,
783 2602 882 2633 Arist.
907 2602 994 2642 Opp.
1019 2611 1093 2632 cum
1117 2611 1236 2632 eornm.
1264 2601 1390 2639 Avern,
1414 2606 1442 2640 7.
1467 2600 1488 2630 f.
1518 2609 1576 2640 115
1603 2607 1647 2639 B.,
1671 2600 1778 2631 where

440 2653 561 2684 almost
577 2652 632 2682 the
649 2656 741 2682 exact
757 2651 865 2681 words
881 2650 1003 2691 quoted
1018 2660 1125 2681 occur.

485 2705 515 2734 8.
543 2703 790 2734 Pseudo-Dion.
803 2702 843 2732 de
860 2702 924 2732 div.
938 2702 1049 2737 Nom.‚
1063 2701 1095 2739 i.‚
1113 2701 1159 2737 ii.‚
1176 2703 1246 2739 &c.‚
1265 2700 1379 2741 Migne
1400 2709 1471 2731 122.
1495 2709 1529 2730 11
1541 2699 1699 2738 16,1121‚
1717 2702 1777 2731 &c.

489 2754 538 2785 16.
563 2756 611 2786 Et
627 2754 760 2785 videtur
779 2754 875 2784 mz'lzz'.
923 2753 1005 2784 This
1026 2752 1134 2784 whole
1159 2762 1296 2794 passage
1320 2753 1347 2783 is
1369 2751 1599 2792 substantially
1614 2751 1775 2792 repeated,

443 2803 538 2844 infra,
556 2804 613 2834 lib.
631 2803 665 2836 ii.
684 2812 700 2843 5
719 2801 797 2843 ff67
816 2810 851 2842 D,
869 2801 910 2832 68
928 2809 962 2832 A.
