2008 3305
163 166 217 218 38
848 179 913 210 DE
944 179 1163 211 DOMINIO
1196 178 1372 210 Drero
1598 168 1703 222 [CAP.
1721 180 1778 208 vr.

908 326 1234 364 CAPITULUM
1264 326 1334 364 VI.
1801 296 1890 338 [²²0

167 430 254 455 F¹¹³⁵T
268 437 419 455 PR¹NC1¹>AL
504 426 672 466 CONTRA
687 428 787 467 dicta
800 429 963 468 instatur
980 430 1186 480 tripliciter.
1242 430 1407 468 Videtur
1421 429 1525 467 enim
1540 428 1666 479 primo
1682 427 1789 478 quod

166 464 349 488 Drrmcumv.

166 497 295 522 wasme
308 497 367 522 firsst
448 498 574 547 prima
600 506 774 537 creatura
799 500 848 538 de
874 502 1101 539 necessitate
1127 508 1260 539 nature
1282 514 1303 538 a
1324 500 1412 538 Deo
1440 500 1675 549 producitur,
1696 511 1789 549 ymo

166 536 293 555 creature
306 539 367 562 pro-

166 563 386 629 ξὲξζῖεξζίξζᾶ
450 568 558 617 quod
577 576 702 618 preter
721 571 848 619 ipsum
868 571 1077 621 analogum
1092 584 1174 609 non
1192 578 1320 621 potest
1340 583 1424 608 esse
1444 571 1517 607 alia
1531 570 1589 608 vel
1609 569 1789 619 multipli-

450 639 529 676 cior
549 646 722 677 creatura
733 653 743 687 ;
774 647 812 678 et
832 654 899 690 per
919 654 1161 692 consequens
1181 654 1261 680 non
1290 647 1454 691 possunt
1476 653 1559 678 esse
1582 640 1709 689 plures
1728 639 1789 677 vel
1802 644 1819 675 5

449 710 654 758 pauciores
686 712 835 760 species
867 712 917 749 ad
949 713 1164 750 maximum
1203 713 1243 749 in
1290 724 1433 762 genere
1469 717 1650 757 creature,
1684 710 1791 760 quod

171 773 427 839 ᾗὲἶξξίξξοῗηῶ
450 781 597 818 videtur
612 781 801 830 derogare
817 782 944 820 divine
960 784 1150 832 potencie.
1199 783 1371 820 Primum
1386 796 1433 820 ex
1447 782 1521 820 hoc
1537 782 1674 819 deduci
1685 781 1789 818 vide-

169 846 343 899 {ss‘fflffssiff
356 840 421 866 God
451 859 520 897 tur,
543 853 649 902 quod
678 853 803 902 prima
832 861 1008 892 creatura
1036 861 1092 892 est
1120 867 1189 892 ens
1212 854 1586 900 communissimum,
1609 852 1716 902 quod
1741 852 1789 890 de

171 913 324 934 creature*
448 924 677 961 necessitate
707 924 883 961 absoluta
912 925 1061 962 adintra
1082 923 1101 944 ‘¹‘
1131 925 1354 974 producitur
1379 924 1593 962 secundum
1620 924 1834 973 aliquamD

449 994 530 1031 eius
553 1000 714 1042 partem,
738 1001 874 1043 utputa
901 995 1115 1032 secundum
1136 995 1311 1032 Verbum
1338 1002 1376 1032 et
1404 994 1588 1044 Spiritum
1611 1000 1789 1032 sanctum
1808 1012 1845 1034 10

449 1077 494 1101 ac
515 1064 702 1113 quotlibet
721 1065 865 1103 formas
886 1066 943 1103 vel
964 1066 1139 1104 raciones
1160 1066 1383 1103 creabilium
1406 1065 1658 1114 exemplares.
1707 1065 1790 1102 Ens

450 1135 555 1172 enim
594 1135 803 1185 analogum
836 1142 892 1173 est
929 1148 1139 1174 commune
1178 1137 1227 1174 ad
1266 1142 1483 1174 creaturam
1511 1142 1548 1173 et
1577 1136 1791 1173 essenciam

450 1205 672 1251 increatam,
702 1218 796 1254 ergo
826 1207 1043 1244 secundum
1072 1214 1220 1256 partem
1260 1207 1410 1244 adintra
1438 1206 1601 1255 produci
1630 1206 1791 1255 poterit;

450 1282 488 1313 et
515 1288 604 1313 cum
630 1276 746 1314 nichil
768 1283 895 1325 potest
926 1278 1075 1315 adintra
1101 1278 1265 1327 produci
1291 1278 1363 1315 nisi
1388 1277 1495 1327 quod
1519 1277 1566 1315 de
1593 1276 1696 1314 facto
1725 1276 1792 1313 ad-

450 1347 548 1383 intra
568 1347 804 1395 producitur,
820 1349 991 1397 sequitur
1010 1348 1333 1386 concludendum.
1391 1347 1437 1384 In
1453 1348 1526 1385 isto
1547 1347 1792 1396 probabiliter
1809 1361 1846 1392 15

454 1423 580 1466 potest
610 1417 684 1455 dici
714 1418 821 1466 quod
850 1431 919 1456 ens
949 1419 989 1455 in
1021 1431 1090 1457 sua
1122 1419 1397 1456 communitate
1431 1418 1596 1467 analoga
1625 1430 1707 1455 non
1736 1426 1794 1456 est

456 1500 665 1525 commune
700 1488 787 1526 Deo
826 1495 863 1526 et
894 1490 1086 1535 creaturis,
1117 1490 1217 1538 quia,
1250 1490 1280 1527 si
1310 1496 1467 1539 propter
1498 1489 1726 1526 distanciam
1755 1489 1794 1525 in

456 1566 593 1595 natura
631 1559 676 1595 sit
715 1559 842 1609 aliqua
879 1561 1129 1610 equivocacio
1161 1560 1384 1606 excludens,
1415 1560 1613 1597 racionem
1641 1559 1795 1608 generis

455 1629 626 1666 maxime
645 1630 842 1679 possibilis
862 1631 1056 1669 evidenter
1076 1631 1307 1668 excluderet.
1365 1630 1483 1668 Nulla
1498 1631 1603 1668 enim
1618 1637 1675 1668 est
1690 1630 1796 1668 racio

456 1700 496 1736 in
516 1713 592 1748 qua
613 1701 733 1738 deitas
753 1708 790 1738 et
811 1708 947 1738 natura
967 1708 1095 1740 creata
1114 1702 1361 1739 conveniunt.
1811 1719 1851 1741 20

179 1794 203 1809 2.
223 1784 284 1809 The
298 1782 450 1820 subjectof
511 1771 562 1808 Et
601 1771 731 1821 quoad
768 1772 941 1809 obiectus
987 1772 1204 1821 replicatOS,
1245 1773 1503 1810 communiter
1542 1772 1798 1821 respondetur

177 1817 446 1876 fflzitssrpeiiffiiffrisme
460 1843 586 1892 primo
626 1843 732 1892 quod
770 1843 1048 1892 methaphisica
1085 1856 1167 1881 non
1197 1850 1297 1880 esset
1330 1855 1409 1881 una
1441 1844 1610 1881 sciencia
1640 1849 1799 1892 propter

182 1885 350 1917 analogmn'
460 1913 652 1951 defectum
677 1914 835 1951 subiecti
862 1914 1137 1951 communicati
1163 1914 1398 1963 principiatis
1424 1920 1461 1951 et
1488 1926 1559 1951 suo
1586 1914 1799 1964 principio;

460 1996 565 2033 ymo,
586 1996 675 2021 cum
702 1990 793 2022 tunc
820 1997 899 2022 non
926 1984 1166 2034 contingeret
1193 1991 1405 2022 creaturam
1431 1985 1638 2033 intelligere
1658 1984 1798 2030 Deum,

461 2061 499 2092 et
536 2067 603 2103 per
641 2066 885 2103 consequens
923 2068 996 2093 nec
1037 2068 1166 2093 amare
1201 2068 1273 2093 nec
1308 2056 1474 2101 credere,
1504 2056 1643 2105 periret
1672 2055 1800 2093 omnis
1816 2074 1852 2105 25

462 2125 578 2162 virtus
599 2125 815 2175 theologica
843 2133 878 2163 et
902 2127 1030 2164 omnis
1055 2127 1200 2176 religio,
1223 2133 1259 2164 et
1288 2126 1433 2164 falsitas
1455 2126 1583 2163 omnis
1605 2125 1800 2175 Scripture

462 2196 676 2233 secundum
708 2197 920 2245 quamlibet
953 2197 1036 2234 eius
1068 2203 1240 2246 partem3
1271 2197 1375 2246 quod
1406 2204 1463 2234 est
1494 2209 1677 2245 expresse
1707 2209 1801 2234 con-

462 2274 519 2303 tra
540 2267 770 2316 apostolum,
793 2267 908 2304 Rom.
929 2268 952 2304 i.
978 2280 1038 2313 20,
1058 2268 1092 2304 A
1117 2272 1289 2305 creatura
1310 2269 1443 2304 mundi
1450 2274 1520 2316 per
1538 2280 1581 2304 ea
1607 2280 1674 2316 que
1685 2267 1803 2317 facta

463 2343 551 2374 sunl
577 2339 753 2374 zbzlellecla
783 2339 1072 2386 conspiciuntur,
1104 2340 1324 2387 sempz'lerna
1354 2351 1490 2387 quoque
1517 2339 1594 2375 eius
1623 2339 1745 2374 virtus
1773 2342 1807 2374 et

464 2409 671 2445 dz‘vz'nz'tas:
700 2409 729 2445 si
751 2421 844 2457 ergo
865 2408 972 2446 Deus
998 2409 1170 2458 conspici
1197 2409 1320 2458 possit
1345 2410 1393 2446 ab
1421 2409 1577 2446 homine
1603 2408 1678 2446 hoc
1706 2408 1858 2446 foret50

464 2479 665 2528 potissime
699 2486 786 2517 actu
821 2480 989 2528 analogo
1028 2479 1346 2517 transcendentis.
1405 2479 1482 2517 Hic
1522 2479 1658 2517 dicitur
1696 2479 1803 2529 quod

601 2584 624 2608 6.
646 2584 780 2608 creature
794 2582 833 2608 13:
854 2585 949 2608 create
962 2583 987 2608 A
997 2582 1028 2608 C.
1263 2584 1303 2608 26.
1323 2582 1444 2608 alterum
1456 2583 1548 2609 omnis
1560 2591 1613 2609 om.
1629 2582 1662 2609 Β.

514 2671 541 2692 2.
566 2661 638 2692 The
660 2661 838 2692 discussion
862 2661 900 2691 of
918 2661 983 2692 this
1002 2662 1097 2702 point
1118 2661 1182 2692 fills
1202 2661 1266 2693 this
1283 2662 1347 2692 and
1367 2662 1422 2693 the
1441 2662 1615 2703 following
1633 2661 1804 2703 chapters3

466 2713 522 2744 the
534 2713 654 2744 second
669 2713 731 2743 and
746 2713 832 2744 third
843 2713 1004 2754 principal
1017 2713 1199 2752 objections
1211 2724 1264 2744 are
1276 2714 1383 2745 stated
1394 2714 1426 2745 in
1441 2714 1594 2756 Chapters
1608 2714 1664 2745 viii
1679 2714 1744 2745 and
1760 2715 1804 2746 ix.

512 2775 561 2796 22.
595 2766 673 2796 Una
686 2766 835 2797 sciencia.
883 2765 933 2796 Cf.
952 2765 1045 2805 infra,
1064 2766 1120 2796 lib.
1138 2765 1172 2796 ii.
1189 2776 1209 2806 4
1227 2765 1245 2797 f.
1264 2765 1304 2806 65
1324 2774 1353 2797 Β.
