2095 3278
40 242 127 269 CAP.
151 227 213 285 X.]
570 238 633 269 DE
668 236 912 269 PAUPERIE
945 234 1257 267 SALVATORIS.
1769 231 1849 273 451

140 353 385 398 42A]peris?
416 357 452 387 et
480 351 741 386 nichilominus
768 350 858 385 satis
888 350 1042 385 attendo
1072 349 1172 394 quod
1203 349 1359 383 heredes
1388 359 1464 382 non
1494 353 1578 382 sunt
1592 355 1625 381 In
1639 355 1687 381 the
1700 363 1763 380 case
1778 355 1854 392 qsan

255 421 402 454 semper
428 409 590 444 domini:
623 416 678 443 set
706 420 770 442 cur
802 407 1045 452 primogenito
1079 406 1296 451 cuiusquam
1329 406 1508 441 existente
1542 406 1578 439 in
1590 388 1840 452 fssdsssgrssffski'ffing

255 473 410 512 peccato
424 466 580 508 mortali,
595 478 679 500 cum
694 472 799 510 pater
813 465 989 508 discedat,
1003 464 1323 507 secundogenitus,
1336 464 1366 498 si
1385 463 1431 498 sit
1450 464 1579 506 iustus,

256 525 293 559 in
311 524 516 559 hereditate
538 536 613 558 non
639 524 814 558 succedat
836 528 1003 567 paterna,
1021 533 1085 555 cur
1108 522 1258 566 insuper
1283 521 1401 556 iustus
1427 521 1579 566 quilibet

223 582 467 623 5indistincte
500 593 574 616 non
607 581 724 626 possit
757 581 855 614 bona
888 579 1106 624 temporalia
1142 585 1381 623 peccatorum
1417 579 1579 623 recipere

255 647 432 685 tanquam
459 651 536 682 sua,
555 651 598 674 ex
616 650 689 684 quo
707 637 937 682 possidentes
959 642 1083 671 carent
1106 635 1250 670 illorum
1276 637 1457 670 bonorum
1480 635 1579 670 omni

254 698 421 733 dominio
441 704 476 734 et
498 697 585 732 boni
612 697 749 731 habent
771 695 807 729 in
835 695 904 729 illis
928 694 1036 729 bonis
1060 693 1237 738 originale
1260 693 1476 736 dominium,
1496 705 1518 728 a
1544 699 1580 728 te

255 755 443 790 racionem
460 761 624 799 expecto.

302 814 531 848 RICARDUS.
563 813 622 846 De
656 809 946 854 secundogenito
979 808 1167 844 racionem
1201 809 1442 854 multiplicem
1473 808 1810 850 facileprimogeniture

204 884 244 906 10
255 877 361 916 potes
394 871 607 912 advertere;
644 868 831 913 quoniam,
860 869 941 911 lege
974 867 1070 901 iusta
1104 873 1288 901 statuente
1315 867 1414 911 quod
1443 854 1857 911 primo-{ffieisnahqgeffflsgff}

254 928 400 973 genitus
418 928 455 962 in
472 927 676 961 hereditate
693 925 788 970 patri
806 926 917 959 debet
936 925 1146 966 succedere,
1164 936 1240 958 non
1259 930 1380 969 potest
1398 923 1580 959 secundo·
1591 912 1857 971 ξὴζξζξξξξίἓξζζ

255 985 401 1030 genitus
420 985 662 1019 hereditatem
679 990 873 1028 paternam
891 982 961 1017 sibi
979 981 1199 1016 auctoritate
1218 982 1365 1027 propria
1384 993 1578 1026 usurpare:
1592 979 1658 1010 long
1670 987 1700 1003 25
1715 978 1791 1003 there
1805 977 1827 1003 is
1840 987 1857 1003 a

256 1045 415 1088 insuper,
431 1043 516 1088 quia
530 1043 576 1077 de
594 1041 824 1086 primogeniti
839 1040 1049 1085 penitencia
1065 1051 1150 1074 vere
1169 1050 1347 1084 apparere
1366 1050 1440 1074 non
1458 1046 1580 1084 potest
1591 1012 1750 1071 {eofsdrliiiilty
1763 1011 1795 1037 Of
1804 1011 1847 1036 ΜΞ

255 1108 366 1147 atque
384 1102 430 1136 de
446 1100 524 1135 eius
538 1100 800 1144 permanencia
814 1098 849 1133 in
861 1105 1014 1143 peccato
1028 1109 1035 1140 ;
1064 1099 1161 1133 unde
1175 1109 1250 1132 non
1265 1098 1374 1132 debet
1391 1097 1439 1131 ab
1457 1097 1580 1141 aliquo

203 1168 240 1199 15
255 1161 386 1194 harum
420 1157 680 1192 condicionum
719 1156 836 1191 inscio
870 1163 1008 1190 temere
1042 1155 1192 1200 spoliari
1208 1166 1214 1189 :
1260 1155 1360 1196 item,
1395 1154 1463 1189 etsi
1504 1165 1580 1188 non

255 1217 395 1262 penitet
419 1216 455 1250 in
483 1215 657 1260 presenti,
675 1221 799 1249 tamen
821 1220 942 1258 potest
967 1213 1003 1247 in
1028 1212 1196 1257 proximo
1220 1211 1396 1257 penitere,
1415 1211 1519 1246 sicud
1544 1217 1581 1246 et

256 1275 440 1309 secundus
469 1284 568 1308 nunc
595 1273 711 1307 iustus
741 1278 861 1316 potest
887 1281 1051 1315 peccare,
1078 1270 1108 1305 si
1134 1270 1232 1313 velit,
1260 1268 1436 1304 continuo
1462 1275 1498 1304 et
1525 1269 1581 1303 ius

255 1333 409 1377 perdere
433 1332 463 1366 si
487 1331 586 1375 quod
610 1341 655 1365 eo
681 1330 793 1364 modo
811 1328 1037 1373 acquireret3
1066 1328 1162 1362 unde
1183 1339 1257 1361 non
1276 1327 1421 1362 videtur
1446 1338 1581 1371 equum

254 1390 352 1435 quod
378 1387 643 1434 primogenitus
670 1387 796 1422 statim
823 1387 899 1421 iure
928 1385 1145 1420 hereditatis
1175 1396 1240 1419 seu
1268 1384 1373 1419 titulo
1404 1391 1582 1429 perpetuo

201 1461 242 1482 20
254 1447 469 1492 privaretur,
487 1458 554 1481 nec
581 1446 678 1490 quod
704 1445 796 1479 alius
815 1444 875 1489 qui
895 1444 1001 1478 facile
1018 1454 1173 1488 peccare
1191 1448 1316 1487 posset
1335 1442 1371 1477 in
1386 1442 1461 1477 iure
1479 1443 1581 1477 here-

253 1505 382 1540 ditatis
399 1504 523 1538 statim
540 1510 717 1548 perpetuo
736 1503 950 1537 firmaretur.

304 1563 394 1597 IOH.
421 1563 538 1596 Lento
561 1572 689 1604 gressu
710 1571 856 1594 mecum
877 1559 937 1593 hic
955 1570 1077 1603 perge,
1096 1557 1270 1603 quoniam
1293 1556 1430 1592 videris
1449 1557 1485 1591 in
1503 1568 1581 1601 pre-

255 1619 370 1654 misso
388 1619 486 1653 dicto
504 1618 559 1652 ius
578 1617 840 1652 hereditarium
860 1617 936 1651 sive
954 1616 1099 1651 titulum
1117 1627 1139 1650 a
1158 1615 1324 1650 dominio
1348 1626 1533 1660 separare,
1552 1614 1580 1649 si

255 1688 413 1722 peccans
431 1687 505 1710 non
525 1675 650 1711 statim
669 1675 746 1709 iure
763 1674 948 1719 privatur;
976 1674 1062 1719 quia
1083 1680 1228 1708 constat
1251 1674 1350 1719 quod
1375 1672 1581 1708 dominium

202 1742 240 1773 25
256 1746 339 1769 cum
356 1733 521 1769 admisso
540 1739 693 1777 peccato
711 1732 899 1766 amittitur.

210 1802 241 1831 Β
302 1793 389 1827 RIC.
418 1791 593 1836 Superius
614 1791 631 1810 *
652 1791 767 1833 habes
785 1795 974 1824 ostensum
992 1789 1102 1834 quod,
1119 1788 1224 1823 sicud
1238 1787 1445 1823 dominium
1462 1787 1582 1833 sequi·
1594 1795 1641 1833 ῌε
1656 1803 1722 1833 npay
1734 1794 1806 1832 have
1822 1803 1857 1819 an

39 1869 147 1901 supra,
165 1870 197 1901 p,
254 1856 314 1884 tur
330 1849 540 1894 ymaginem
559 1849 809 1890 reformatam,
829 1847 880 1881 ita
897 1846 1036 1881 nudam
1055 1846 1127 1881 Dei
1145 1847 1359 1891 ymaginem
1378 1847 1414 1881 in
1433 1846 1582 1880 homine
1593 1828 1840 1888 ξῗᾶῗζζᾝζξὲξνῖἷ

39 1903 112 1943 363·
255 1907 400 1942 mortali
430 1907 594 1951 sequitur
622 1905 755 1950 aliquis
784 1905 910 1939 titulus
945 1915 1009 1938 seu
1046 1903 1215 1938 condicio
1249 1904 1427 1938 naturalis
1462 1903 1583 1937 minor
1592 1895 1761 1961 &anginam
1775 1895 1834 1920 Osa

256 1964 443 2008 domini03
470 1971 592 2009 preter
618 1964 688 1998 hoc
714 1963 814 2008 quod
840 1962 877 1997 in
905 1969 1085 2006 peccante
1112 1961 1240 1996 titulus
1269 1967 1304 1996 et
1336 1961 1391 1996 ius
1425 1961 1581 1995 dominii
1675 1948 1682 1960 ’

202 2036 243 2068 30
256 2023 426 2068 acquisiti
443 2028 634 2057 remanent
654 2022 798 2056 sublato
816 2021 874 2054 vel
891 2032 964 2054 non
982 2026 1197 2054 remanente
1216 2019 1391 2061 dominio,
1405 2019 1581 2064 quoniam

256 2082 317 2131 ius
345 2092 367 2115 a
393 2080 497 2114 iubeo
527 2079 721 2114 derivatur.
772 2077 960 2122 Quamdiu
994 2078 1103 2122 igitur
1136 2089 1179 2111 ex
1212 2078 1293 2121 lege
1327 2077 1451 2122 aliqua
1484 2077 1581 2111 iusta

256 2145 409 2184 possent
434 2144 496 2172 aut
522 2138 657 2172 debent
684 2136 745 2170 filii
771 2136 1015 2171 hereditatem
1045 2142 1238 2180 paternam
1263 2135 1412 2178 habere,
1438 2134 1581 2169 tamdiu

256 2197 395 2231 habent
413 2196 467 2230 ius
481 2201 517 2230 et
532 2206 596 2239 per
613 2205 844 2238 consequens
861 2193 1019 2236 titulum,
1038 2192 1188 2236 scilicet,
1204 2192 1350 2237 signum
1365 2200 1400 2227 et
1417 2203 1580 2234 causam,

257 2255 292 2289 in
319 2254 399 2299 ipsa
423 2253 629 2288 hereditate
654 2258 834 2296 paterna;
869 2257 904 2286 et
927 2251 958 2285 si
986 2262 1031 2285 ex
1053 2250 1217 2295 pluribus
1244 2250 1386 2294 legibus
1412 2250 1517 2285 iustis
1544 2249 1582 2284 id

202 2319 241 2350 35
256 2313 407 2355 habent,
433 2311 511 2346 iura
544 2316 597 2345 tot
638 2310 777 2343 habent
805 2320 848 2343 ac
881 2308 1007 2343 titulos
1040 2309 1088 2342 ad
1117 2308 1361 2343 hereditatem
1388 2314 1582 2352 paternam

256 2370 469 2404 habendam
484 2368 561 2402 sive
572 2367 788 2403 tenendam:
816 2366 1019 2401 dominium
1037 2372 1161 2400 tamen
1180 2366 1256 2400 sive
1272 2365 1436 2400 dominia
1454 2365 1582 2400 simili·
1595 2374 1645 2412 but
1658 2380 1707 2400 not
1720 2379 1749 2413 tp
1761 2374 1833 2400 lord-

257 2427 385 2462 tudine
403 2438 470 2471 per
486 2425 677 2460 caritatem
696 2436 760 2458 seu
778 2424 941 2467 graciam
959 2422 1110 2457 omnino
1127 2434 1200 2457 non
1218 2423 1369 2457 habent.
1420 2424 1505 2457 Hoc
1527 2423 1582 2457 ius
1595 2408 1842 2474 Ξὲἒξςοζξζζὴςξξῖ

42 2502 150 2532 hunc:
259 2497 322 2520 seu
340 2484 486 2520 titulum
503 2484 601 2517 hunc
619 2482 675 2516 ius
694 2493 758 2516 seu
775 2482 920 2516 titulum
938 2480 1091 2514 dominii
1109 2480 1185 2515 sive
1203 2481 1252 2515 ad
1266 2480 1470 2515 dominium
1488 2480 1579 2525 opti·
1594 2474 1683 2501 (ΜΘΗ
1696 2475 1728 2501 of
1737 2484 1829 2507 grace·

42 2545 138 2576 codd.
156 2543 225 2574 lant.
257 2543 418 2578 nendum
445 2551 679 2586 nequaquam
705 2539 817 2573 debes
842 2550 988 2581 vocare,
1007 2544 1061 2572 set
1087 2538 1143 2572 ius
1172 2549 1236 2572 seu
1260 2538 1404 2572 titulum
1429 2539 1478 2572 ad
1502 2550 1580 2572 rem

200 2613 243 2643 40
258 2601 419 2646 aliquam
433 2598 586 2633 civiliter
599 2597 841 2642 optinendam
853 2607 1012 2640 congrue
1026 2595 1162 2640 poteris
1177 2597 1373 2640 appellare,
1393 2596 1579 2640 quoniam,

259 2657 363 2692 sicud
386 2657 506 2691 nullus
529 2661 652 2700 potest
679 2654 733 2689 ius
756 2655 892 2688 habere
916 2654 964 2687 ad
985 2653 1149 2698 graciam
1173 2653 1423 2698 optinendam,
1444 2653 1496 2688 sic
1513 2665 1581 2688 nec

259 2716 307 2750 ad
326 2713 529 2749 dominium
547 2712 645 2757 quod
663 2711 785 2756 gracie
803 2718 858 2746 est
875 2722 1072 2745 annexum.

308 2775 397 2807 IOH.
423 2770 562 2806 Nescio
589 2781 660 2815 quo
687 2781 745 2804 me
770 2769 883 2803 ducis.
936 2769 1052 2803 Estne
1076 2768 1201 2803 titulus
1225 2768 1293 2803 iste
1317 2775 1379 2803 aut
1404 2769 1459 2803 ius
1483 2768 1581 2804 istud

260 2830 445 2866 sufficiens
462 2828 509 2863 ad
529 2827 717 2862 dominum
735 2826 977 2872 optinendum
992 2828 1003 2860 ?

899 2897 1009 2933 Gg2
