2008 3305
214 252 299 280 eff.
324 238 399 295 1v.]
708 249 852 280 LIBER
886 248 1082 280 PRIMUS.
1781 248 1830 290 27

126 366 202 407 9A]
218 365 416 402 servicium
438 365 596 414 suscipit
616 370 653 402 et
673 365 796 414 magis
817 372 852 402 et
872 365 1012 410 minus,
1034 363 1378 414 proporcionaiiter
1400 363 1448 400 ad
1472 363 1553 401 eius

215 435 424 481 materiam,
439 442 480 472 ut
497 435 705 473 similitudo
725 442 762 473 et
782 436 1006 486 inequalitas
1026 436 1064 472 in
1084 447 1245 473 excessu
1261 434 1441 481 fundata3
1473 446 1553 472 non

214 513 342 544 autem
362 506 560 556 equalitas,
582 507 801 556 paternitas,
823 513 860 544 et
887 507 1034 553 similia,
1051 519 1126 556 que
1142 518 1221 544 non
1243 506 1450 555 respiciunt
1471 505 1553 542 fun-

215 578 451 624 damentum,
473 590 548 627 qua
569 578 726 627 suscipit
745 578 831 627 plus
852 584 888 615 et
909 578 1047 615 minus.

184 656 201 687 5
268 648 331 684 Ad
361 648 584 694 secundum,
615 655 719 697 patet
749 648 855 698 quod
885 648 1171 698 consequencia
1204 660 1285 685 non
1314 647 1426 693 valet,
1458 647 1548 696 quia
1562 653 1586 679 b.
1608 653 1656 679 No
1669 658 1796 679 creature

1562 696 1613 712 can
1628 687 1661 712 be
1675 688 1717 713 dis
1739 687 1825 712 ensed

215 726 387 756 creatura
421 731 501 756 non
535 725 661 768 potest
694 720 837 756 remitti
871 720 911 756 in
947 719 1147 757 essenciali
1181 719 1356 756 servicio.
1420 718 1472 755 Et
1507 720 1590 754 utin
1604 697 1808 759 rs⁵pect2fe⁹

1562 760 1623 779 sent
1636 755 1662 779 al
1676 763 1735 779 serv
1750 763 1780 779 ce

214 789 327 838 logici
356 790 545 835 locuntur,
576 790 780 839 requiritur
808 797 849 827 ut
879 790 1019 827 habeat
1053 789 1287 827 accidentale
1323 789 1547 834 servicium;
1626 763 1634 780 Ι
1739 764 1747 780 ¹
1783 774 1789 786 ’

216 860 283 897 sed
327 860 473 897 nullum
516 861 716 910 requiritur
757 861 884 910 ipsum
926 861 1068 898 habere
1112 860 1467 910 proporcionaliter‚
1508 866 1550 897 ut

216 930 483 980 sophisticatur
528 931 574 968 de
619 931 832 969 inherentia
879 931 1111 969 accidentis:
1167 938 1204 969 et
1251 931 1303 969 sic
1349 931 1548 969 cuiuslibet
1562 936 1617 996 ἓξὲξ,
1621 936 1691 995 Ξῖῐν
1706 933 1732 960 in
1747 934 1817 961 acci-

165 1016 204 1037 10
217 1008 388 1039 creature
418 1002 613 1051 capacitas
642 1002 748 1040 finita
775 1003 822 1040 ad
852 1003 1115 1052 recipiendum
1145 1002 1342 1052 quodlibet
1369 1001 1550 1039 accidens
1663 990 1668 995 ⁸

216 1072 385 1110 naturale
407 1073 515 1122 ponit
535 1073 693 1111 limitem
714 1073 761 1110 ad
783 1074 997 1111 maximum
1018 1073 1220 1111 servicium
1241 1080 1422 1119 creature,
1446 1073 1552 1123 quod

217 1144 347 1180 alludit
382 1144 558 1181 tractatui
592 1151 628 1182 et
663 1145 858 1182 sentencie
893 1144 939 1182 de
977 1145 1149 1182 maximo
1187 1151 1223 1182 et
1262 1145 1425 1182 minimo
1464 1144 1553 1181 alibi

216 1214 417 1252 declarate.
475 1214 526 1252 Et
546 1222 650 1264 patet
676 1215 782 1263 quod
807 1215 912 1253 racio
936 1215 1099 1260 ulterior,
1120 1222 1279 1265 propter
1299 1215 1553 1252 omissionem

217 1285 478 1323 distinccionis
511 1286 670 1323 dominii
704 1287 936 1335 supradicte,
968 1298 1050 1324 non
1081 1286 1230 1332 obviat;
1280 1298 1369 1323 cum
1402 1292 1555 1335 oportet

166 1375 203 1406 15
218 1357 424 1394 novitatem
455 1357 615 1395 dominii
645 1357 786 1395 habere
816 1358 1027 1395 novitatem
1054 1357 1092 1393 in
1120 1357 1248 1406 aliqua
1272 1358 1444 1404 materia,
1467 1357 1555 1394 licet

217 1428 498 1477 quantumlibet
519 1427 677 1466 faciliter
690 1428 738 1465 ad
755 1428 1030 1477 cuiuscumque
1048 1434 1219 1466 creature
1234 1428 1552 1477 produceionem,

221 1500 319 1536 sicut
340 1506 463 1536 cetere
486 1499 709 1545 relaciones,
731 1499 874 1548 acquiri
895 1500 1044 1548 poterit.

271 1569 333 1607 Ad
365 1570 524 1606 tercium
560 1570 693 1607 dicitur
727 1570 832 1619 quod
866 1570 994 1608 minor
1028 1577 1084 1608 est
1117 1569 1222 1616 falsa,
1255 1582 1345 1608 cum
1380 1576 1550 1608 creatura
1563 1584 1583 1601 c·
1601 1574 1617 1601 i·
1638 1577 1663 1602 It
1677 1576 1699 1602 is
1713 1581 1760 1602 not
1773 1580 1834 1601 true

1564 1609 1625 1635 that
1639 1611 1685 1636 the
1699 1611 1792 1636 sinner

218 1639 429 1677 secundum
462 1641 638 1678 virtutem
678 1648 715 1678 et
754 1641 965 1678 secundum
1003 1641 1199 1690 gaudium,
1239 1642 1462 1689 bonitatem,
1493 1641 1549 1678 vel
1564 1644 1834 1709 ‡{{}'‚{{t({‚i'-dsi1i¹but

167 1731 206 1752 20
219 1711 396 1748 meritum
430 1723 674 1762 consequens
708 1712 820 1750 servit
855 1711 964 1758 Deo3
1007 1719 1189 1761 peccator
1220 1720 1348 1750 autem
1381 1725 1461 1750 non
1492 1725 1547 1751 se·
1564 1710 1805 1776 Εἶυζξζξξῐξζῃῖξῑῑὲ

218 1782 387 1819 cundum
427 1790 626 1831 peccatum
660 1782 729 1820 sed
762 1783 974 1821 secundum
1009 1796 1151 1832 penam
1186 1785 1376 1833 paciendo
1416 1785 1551 1822 servit:

219 1853 331 1890 etsie
359 1853 498 1902 triplex
525 1860 583 1891 est
611 1854 716 1891 racio
743 1854 782 1890 in
809 1854 908 1892 iusto
938 1855 1124 1892 serviendi
1151 1855 1248 1901 Deo,
1277 1862 1313 1893 et
1343 1856 1480 1906 simpla
1514 1856 1554 1893 in

218 1930 430 1972 peccatore.
486 1923 536 1961 Et
564 1931 668 1973 patet
695 1925 799 1974 quod
821 1937 901 1962 non
921 1932 977 1963 est
1002 1925 1116 1972 idem,
1139 1926 1284 1973 Petrus,
1306 1927 1345 1963 in
1366 1934 1552 1977 quantum

175 1998 205 2026 B
222 1993 239 2013 ⁹⁵
256 1995 313 2032 vel
343 1995 434 2044 quia
462 2002 610 2044 peccat,
633 1996 747 2033 servit
775 1996 872 2042 Deo,
895 2003 942 2043 et,
964 1997 1178 2034 secundum
1208 2005 1411 2047 peccatum
1442 1999 1554 2036 servit

169 2077 207 2108 25
221 2065 332 2112 De03
365 2065 464 2115 quia,
493 2066 598 2103 iuxta
625 2066 839 2103 secundum
866 2067 1020 2113 dictum,
1043 2075 1245 2117 peccatum
1267 2069 1421 2106 serviret
1443 2069 1553 2107 Deo:

220 2136 325 2185 quod
346 2142 516 2185 negatur,
540 2149 629 2174 cum
658 2149 739 2175 non
769 2137 815 2175 sit
845 2144 1030 2183 creatura,
1053 2151 1124 2176 nec
1151 2138 1257 2177 Deus
1284 2141 1474 2189 approbat
1495 2140 1554 2178 vel

220 2207 424 2244 auctorisat
454 2207 536 2245 eius
565 2207 780 2254 servicium,
807 2221 879 2246 nec
909 2208 998 2247 facit
1027 2210 1133 2258 quod
1163 2210 1298 2257 debet;
1343 2211 1433 2260 quia
1463 2217 1553 2248 tunc

220 2276 361 2314 iustum
390 2284 488 2315 esset
518 2278 624 2327 quod
653 2285 857 2328 peccatum
886 2279 1031 2328 obliget
1059 2287 1306 2330 peccatorem
1335 2281 1393 2319 vel
1423 2288 1553 2319 causet

220 2360 374 2397 penam,
392 2348 487 2386 sicut
507 2349 649 2386 iustum
669 2356 725 2386 est
742 2350 847 2399 quod
862 2351 1018 2399 punitur
1034 2358 1069 2389 et
1089 2351 1265 2400 proficiat
1285 2353 1553 2402 exemplariter

169 2430 209 2461 30
222 2424 258 2456 et
286 2418 443 2457 feliciter
471 2419 676 2458 viatoribus
706 2421 844 2469 quibus
873 2421 1041 2471 prodest.
1097 2422 1325 2461 Passionem
1356 2423 1481 2473 itaque
1516 2430 1553 2461 et

221 2490 468 2528 occasionem
490 2490 619 2528 datam
640 2504 687 2528 ex
708 2491 804 2529 vicio
823 2492 1044 2541 insurgente
1065 2495 1256 2542 approbat
1276 2494 1393 2540 Deus,
1415 2501 1451 2532 et
1471 2507 1552 2532 non

221 2572 306 2597 esse
321 2561 469 2609 peccati
485 2561 652 2610 primum
665 2562 723 2599 vel
737 2562 816 2601 eius
830 2563 1046 2611 agenciam:
1076 2570 1116 2601 ut
1128 2564 1167 2601 in
1182 2565 1338 2602 assimili
1354 2566 1553 2614 passiones

222 2631 420 2667 martirum
450 2632 638 2680 approbat
668 2632 787 2678 Deus,
809 2640 845 2670 et
874 2640 1004 2671 tamen
1033 2635 1214 2683 agencias
1244 2641 1433 2673 tortorum
1462 2649 1554 2674 con-

222 2702 437 2739 vertibiliter
450 2702 667 2748 correlataS‚
682 2709 866 2753 tanquam
881 2704 982 2742 viam
1002 2705 1220 2755 iniquitatis,
1235 2707 1314 2744 odit
1334 2707 1553 2756 plurimum.

260 2809 297 2824 10.
311 2799 410 2831 finita
423 2799 502 2825 codd.
508 2798 573 2831 fiffi.
689 2809 728 2833 13.
747 2800 896 2827 declarate
908 2801 979 2828 AC:
999 2802 1147 2828 declarato
1160 2803 1192 2829 B.
1308 2813 1345 2836 15.
1368 2804 1432 2830 licet
1445 2805 1485 2830 A:
1506 2805 1557 2831 sed

225 2832 247 2858 B
259 2832 290 2858 C.
383 2843 423 2859 22.
443 2834 553 2865 trzkfilex
566 2834 590 2859 A
601 2833 638 2859 C:
659 2834 769 2866 duplex
783 2835 814 2861 B.
910 2845 950 2868 23.
968 2845 1023 2861 non
1038 2837 1076 2862 B:
1097 2846 1150 2863 orn.
1166 2838 1191 2862 A
1202 2837 1232 2864 C.
1329 2848 1369 2871 31.
1387 2839 1555 2871 insurgente

225 2867 250 2891 A
259 2866 281 2892 C
293 2873 298 2891 ῖ
319 2867 514 2898 insurgentem
529 2867 559 2893 B.
598 2869 606 2897 l!
620 2868 759 2900 approbat
773 2869 794 2894 Β
808 2868 826 2894 f.
841 2870 889 2894 216
900 2878 924 2894 Α.
