2008 3305
207 214 292 242 eff.
310 199 415 258 xvr]
689 211 832 243 LrssER
865 212 1062 245 PRIMUS.
1733 213 1806 256 147

88 329 187 371 49B]
205 328 326 364 omnia
358 339 564 375 quecunque
595 331 684 364 sunt
714 339 932 376 quocumque
965 328 1075 364 modo.
1132 326 1272 364 Niclzil
1297 332 1415 364 autem
1437 335 1525 377 pro-

203 397 298 434 hibet
316 410 357 433 ea
389 409 455 445 que
487 409 559 434 non
588 401 677 434 sunt
702 398 918 446 simpliciter
951 399 1074 446 aliquo
1108 399 1209 434 modo
1246 411 1327 435 esse.
1376 398 1527 448 Simpli-

203 469 292 505 citer
318 472 436 504 autem
473 472 562 504 sunt
594 480 635 504 ea
674 480 739 515 que
774 472 863 504 sunt
897 472 1006 504 actu:
1033 481 1074 505 ea
1107 472 1225 505 autem
1259 481 1324 517 que
1343 481 1413 505 non
1441 473 1530 505 sunt

203 542 287 574 actu
315 541 404 574 sunt
428 538 468 573 in
501 538 670 585 potencia
704 538 762 574 vel
796 539 919 574 activa
955 537 1035 574 Dei
1069 539 1129 574 vel
1156 539 1312 586 passiva
1349 542 1525 583 creature,

172 607 278 646 5sive
311 608 351 644 in
378 608 544 656 potencia
562 608 830 656 ymagznandi,
871 608 1055 655 opinandi,
1088 608 1146 645 vel
1178 621 1388 656 quocunque
1425 609 1527 645 modo

200 678 388 726 signandi.
434 676 659 725 Quecumque
686 689 770 726 ergo
803 682 976 714 creatura
1004 681 1125 726 potest
1158 690 1376 726 cognoscere,
1405 679 1527 715 omnia

200 747 386 796 cognoscit
409 746 524 793 Deus,
554 748 623 784 etsi
638 751 722 784 actu
742 759 814 784 non
837 751 932 784 sunt.
988 746 1064 784 Sed
1088 748 1219 784 horum
1249 760 1316 796 que
1343 752 1428 784 actu
1456 761 1527 785 non

200 822 289 854 sunt
314 821 367 853 est
392 817 542 865 quedam
563 818 770 854 diversitas.
831 817 992 863 Quedam
1020 818 1127 863 enim,
1148 818 1231 854 licet
1247 830 1317 854 non
1336 819 1414 854 sint
1429 831 1527 855 nunc

201 889 240 924 in
259 891 355 932 actu,
375 891 494 923 tamen
514 891 624 923 erunt
646 888 703 924 vel
711 888 884 937 suerunt
893 900 912 930 ,·
942 891 975 923 et
999 888 1121 924 omnia
1151 888 1217 924 illa
1245 889 1316 924 scit
1332 887 1436 925 Deus
1455 890 1526 925 sci-

151 975 191 997 10
201 958 302 995 encia
330 958 484 994 visionis
493 970 513 1001 ,·
541 958 640 1005 quia,
661 970 742 994 cum
765 958 974 1006 intellzgere,
1004 958 1103 1005 quod
1124 962 1176 994 est
1200 958 1276 994 eius
1294 971 1376 1004 esse,
1396 959 1527 995 eterni--

201 1033 272 1066 tate
309 1031 555 1073 mensuratur,
594 1040 660 1076 que
696 1028 773 1064 sine
803 1028 1023 1064 successione
1059 1028 1220 1065 existens
1250 1032 1361 1065 totum
1392 1033 1528 1077 tempus

201 1098 475 1147 comprehendit,
505 1098 581 1134 eius
599 1104 753 1146 presens
781 1098 936 1134 intuitus
948 1098 1087 1146 fertur
1115 1098 1155 1134 in
1188 1102 1298 1135 totum
1332 1103 1468 1147 tempus
1498 1103 1532 1135 et

162 1169 323 1205 comnia
345 1180 411 1216 que
437 1171 526 1205 sunt
551 1168 590 1204 in
618 1180 828 1216 quocunque
855 1172 1019 1216 tempore,
1047 1169 1146 1205 sicut
1171 1169 1209 1204 in
1238 1168 1396 1205 subiecta
1417 1168 1437 1191 *
1457 1169 1534 1206 sibi

192 1239 466 1287 principaliter.
523 1237 601 1275 Sed
614 1250 735 1274 eorum
755 1251 821 1286 que
843 1242 931 1275 sunt
946 1238 986 1274 in
999 1239 1166 1286 potencia
1185 1237 1266 1275 Dei
1279 1239 1337 1275 vel
1351 1243 1526 1284 creature,

151 1316 187 1347 15
201 1312 235 1345 et
251 1321 312 1345 nec
331 1311 421 1345 sunt
439 1320 502 1344 nec
527 1312 637 1344 erunt
661 1309 720 1345 vel
719 1308 897 1357 fuerunt,
919 1321 989 1345 non
1018 1309 1156 1345 dicitur
1180 1309 1311 1345 habere
1335 1310 1527 1346 scienciam

202 1379 354 1415 visionis
381 1378 445 1414 sed
469 1378 645 1426 simplicis
673 1379 918 1427 intellzlgemze.
976 1378 1063 1415 Hec
1093 1378 1240 1416 doctor.
1296 1378 1357 1415 Ex
1388 1379 1528 1428 quibus

200 1454 303 1497 patet
331 1447 437 1497 quod
465 1447 612 1496 antiqui
646 1447 835 1496 sapientes
865 1454 1059 1485 senserant
1084 1448 1190 1497 quod
1221 1448 1336 1486 nichil
1362 1461 1528 1498 cognos-

200 1518 308 1564 citur,
337 1518 462 1563 scitur,
487 1517 545 1554 vel
565 1517 783 1567 intelligitur
803 1518 875 1555 nisi
902 1518 1245 1567 proporcionaliter
1272 1518 1410 1556 habeat
1430 1520 1528 1557 enti-

200 1594 327 1625 tatem.
384 1587 500 1625 Unde
529 1587 776 1636 Augustinus,
808 1588 1097 1637 decimoquinto
1128 1588 1175 1626 de
1205 1588 1405 1635 Trinitate,
1426 1590 1527 1627 xxi:

150 1669 190 1690 20
202 1657 320 1696 Nemo
334 1659 427 1694 enim
426 1657 543 1707 falsa
559 1659 662 1694 novit
673 1658 752 1694 nisi
762 1670 842 1695 cum
842 1658 958 1708 falsa
973 1670 1045 1694 esse
1056 1659 1242 1707 cognovi&
1262 1659 1360 1707 quod
1371 1660 1526 1704 sinovit,

203 1740 328 1765 verum
343 1729 445 1764 novit
453 1741 467 1764 .·
486 1740 612 1764 verum
628 1732 681 1764 est
693 1728 787 1764 enim
791 1728 908 1778 falsa
923 1741 1004 1765 esse.
1047 1727 1097 1765 Et
1110 1727 1345 1766 Anshelmus
1358 1729 1405 1766 de
1421 1728 1527 1767 Con-

202 1798 332 1835 cordia
345 1797 377 1844 i.,
393 1796 484 1835 Non
499 1799 593 1834 enim
608 1798 791 1846 nisiquoa'
790 1798 975 1847 futurum
991 1800 1252 1846 estprescitur,
1267 1800 1356 1847 quia
1371 1800 1528 1836 sciencia

200 1881 272 1905 non
291 1872 343 1905 est
358 1869 438 1905 nzsi
451 1869 628 1906 veritatis.
683 1868 734 1905 Et
748 1867 851 1905 idem
867 1874 969 1917 patet
984 1880 1054 1917 per
1069 1868 1312 1906 Aristotelem
1327 1875 1364 1906 et
1378 1875 1525 1906 eeteros

202 1937 465 1988 philosophos.
514 1937 630 1976 Unde
655 1938 872 1976 necessitati
900 1944 988 1976 sunt
1016 1951 1161 1988 ponere
1190 1939 1297 1988 quod
1321 1951 1382 1976 res
1410 1938 1525 1977 habet

151 2017 188 2048 25
203 2008 337 2058 triplex
351 2020 456 2055 esse,
478 2007 632 2054 scilicet,
647 2020 731 2046 esse
748 2008 909 2045 existere
929 2008 969 2045 in
985 2009 1139 2058 proprio
1159 2021 1312 2058 genere,
1329 2021 1414 2046 esse
1434 2021 1524 2059 pos-

202 2078 308 2116 sibile
321 2079 360 2115 in
373 2078 498 2116 causis
518 2077 707 2124 secundis,
721 2083 757 2115 et
773 2090 856 2115 esse
869 2078 1104 2128 intelligibile
1121 2079 1159 2116 in
1175 2079 1301 2128 primo
1316 2080 1523 2129 principio.

255 2148 398 2186 Tercio
430 2148 598 2197 sequitur
630 2147 736 2197 quod
770 2147 877 2185 Deus
910 2148 1269 2185 determinatissime
1298 2149 1377 2186 vult
1408 2162 1524 2187 omne
1536 2165 1557 2183 c·
1580 2156 1666 2183 God's
1678 2157 1735 2183 will
1748 2156 1772 2183 is

1536 2190 1748 2217 unconditional

201 2218 358 2256 volitum
387 2219 437 2256 ab
465 2218 625 2265 eodem,
656 2225 691 2255 et
720 2230 788 2267 per
816 2230 1060 2267 consequens
1089 2219 1284 2256 neminem
1314 2219 1435 2268 diligit
1464 2220 1598 2283 ‘'⁶³12ssss
1609 2224 1770 2257 unchange-

201 2290 280 2327 odit
308 2301 401 2337 pure
430 2288 747 2326 condicionaliter
774 2288 807 2325 si
833 2289 932 2325 bene
960 2288 1017 2325 vel
1052 2288 1151 2326 male
1187 2301 1226 2326 se
1253 2290 1426 2338 gesserit,
1458 2290 1524 2328 sed

150 2371 191 2402 30
202 2359 426 2404 eternaliter,
445 2358 692 2403 uniformiter,
714 2364 751 2395 et
770 2358 957 2396 distincte.
1015 2358 1142 2395 Prima
1165 2371 1253 2408 pars
1279 2366 1384 2408 patet
1403 2373 1450 2397 ex
1479 2373 1526 2398 eo

202 2429 309 2479 quod
335 2428 407 2465 Dei
431 2428 568 2466 volicio
597 2434 633 2465 et
663 2428 744 2465 eius
773 2428 937 2465 sciencia
964 2430 1290 2478 correspondent3
1321 2430 1388 2468 sed
1420 2430 1526 2468 Deus

202 2499 558 2537 determinatissime
588 2498 657 2536 scit
685 2510 842 2536 omnem
871 2499 1083 2536 bonitatem
1106 2499 1164 2536 vel
1193 2500 1527 2538 circumstanciam

202 2569 400 2609 cuiuslibet
421 2575 603 2614 creature,
626 2580 715 2605 cum
735 2568 949 2606 eternaliter
969 2568 1120 2606 ordinat
1146 2570 1278 2607 omnia
1298 2577 1335 2607 et
1359 2578 1416 2608 est
1436 2583 1526 2609 cum

348 2653 370 2676 5.
393 2644 609 2677 llymaginandz'
620 2644 642 2669 B
656 2644 673 2670 f.
691 2653 739 2676 234
752 2651 776 2669 C.
893 2654 931 2676 14·
950 2647 1084 2671 creature
1098 2645 1119 2670 B
1129 2645 1170 2671 C:
1191 2648 1331 2672 creatura
1343 2647 1378 2674 A.

291 2715 340 2747 19.
364 2706 503 2745 August.
520 2705 560 2736 de
577 2705 667 2736 Trin.
685 2716 734 2736 xv.
756 2715 794 2736 10
813 2707 827 2742 ᾗ
850 2712 897 2744 17,
917 2706 1003 2747 Opp.
1024 2707 1054 2736 8.
1072 2707 1134 2747 978
1149 2715 1180 2738 c.

293 2764 342 2785 21.
368 2754 514 2785 Anselm.
534 2754 574 2785 de
591 2754 753 2786 Concord.
771 2754 792 2785 i.
810 2764 836 2793 2,
855 2755 942 2796 Opp.
962 2764 1021 2795 123
1034 2755 1059 2786 b.

292 2813 341 2844 25.
369 2803 421 2834 Cf.
440 2803 584 2834 Dete-rm.
603 2808 715 2835 contra
734 2803 950 2843 Kylingham,
968 2804 1090 2835 Fascio.
1109 2805 1185 2843 Ziz.,
1204 2815 1292 2846 app.,
1310 2804 1372 2845 463
1390 2816 1479 2848 seqq.

828 2860 852 2885 L
874 2860 893 2884 2
