2008 3305
153 212 235 255 302
825 217 1029 250 RICARDI
1062 219 1370 252 ARMACHANI
1820 210 1924 264 [Lis.
1948 220 1976 250 1.

430 318 616 355 subiectas
629 321 795 357 dominio
812 334 878 358 suo
897 325 1090 368 consumit,
1110 336 1185 359 non
1201 325 1418 370 simpliciter
1435 324 1663 361 consumitur
1679 323 1757 360 eius
1772 325 1843 369 [70

431 377 637 413 dominium
661 381 759 425 quod
779 381 849 416 sibi
869 383 1165 418 communicatur
1182 396 1204 419 a
1224 386 1318 428 Deo,
1338 391 1394 419 set
1418 396 1502 419 cum
1526 384 1607 429 ipso
1625 382 1757 427 agitur,

429 441 468 470 ut
487 436 560 471 dici
579 439 728 482 assolet,
749 440 820 484 Qui
839 439 876 474 in
900 452 974 475 uno
995 448 1172 485 gravatur
1198 440 1235 476 in
1261 442 1334 477 alio
1361 443 1566 484 relevetur3
1593 442 1693 487 quod.
1711 441 1758 475 de

428 494 726 532 adnichilacione
751 510 986 544 nequaquam
1012 499 1187 544 reperies,
1215 499 1251 534 in
1278 512 1351 546 qua
1369 500 1399 535 si
1417 513 1439 535 a
1457 499 1623 535 dominio
1642 500 1757 541 fieret,

429 549 636 585 dominium
654 552 818 598 seipsum
832 554 985 589 omnino
1003 554 1041 589 in
1059 561 1137 590 toto
1154 562 1327 600 respectu
1345 556 1441 590 illius
1459 555 1511 590 rei
1532 554 1757 594 adnichilate
1773 562 1791 595 5

429 605 669 650 extingueret.
721 610 826 652 Item,
854 621 939 644 cum
968 609 1006 644 in
1036 610 1189 646 instanti
1218 611 1517 656 consumpcionis
1545 609 1758 645 huiusmodi

428 671 578 700 maneat
596 672 676 701 tota
693 667 744 702 rei
763 668 918 703 materia
936 669 1004 703 sub
1023 669 1190 704 dominio
1211 670 1477 713 consumentis,
1497 675 1534 704 et
1552 669 1603 703 ita
1620 680 1680 703 res
1698 668 1759 702 illa

427 733 502 756 non
529 725 682 760 omnino
715 726 829 761 nichil
859 727 1024 772 efficitur,
1054 735 1110 763 set
1138 734 1264 763 manet
1294 727 1330 762 in
1358 734 1474 773 parte,
1501 739 1576 762 non
1605 726 1756 762 omnino

427 779 550 825 inepte
585 783 707 819 dicere
740 785 878 830 poteris
913 787 1012 831 quod
1036 786 1209 821 dominus
1243 786 1294 821 rei
1322 786 1418 821 illius
1448 786 1485 821 in
1515 786 1575 820 illo
1604 784 1757 820 instanti

427 839 499 874 hoc
516 841 629 876 modo
648 844 892 878 consumendi
910 856 988 879 rem
1012 844 1112 880 illam
1137 845 1331 888 consumit,
1351 845 1458 879 sicuti
1479 846 1583 879 Deus
1603 842 1692 877 dicit
1708 841 1758 877 ad
1774 854 1814 876 10

428 898 587 942 Moysen
606 900 651 935 de
676 901 843 945 mortuis,
864 901 901 937 E
897 914 948 947 go
973 913 1057 937 sum
1074 903 1179 937 Deus
1193 904 1319 948 patris
1335 904 1403 947 tui,
1423 904 1528 937 Deus
1549 901 1585 936 A
1591 900 1758 945 braham,

426 956 531 991 Deus
557 958 685 1003 Ysaac,
703 963 739 994 et
761 960 866 994 Deus
882 961 992 995 Iacob
1011 960 1093 1005 (Ex.
1114 960 1161 996 iii.
1180 959 1230 1005 6).
1282 961 1394 996 Unde
1420 961 1593 995 Salvator
1615 971 1660 994 ex
1685 959 1757 993 hoc

427 1015 526 1051 dicto
544 1018 674 1052 volens
692 1019 1009 1054 resurreccionem
1034 1026 1264 1055 mortuorum
1290 1027 1466 1063 astruere,
1487 1020 1540 1054 ita
1559 1018 1647 1053 dicit
1663 1030 1671 1053 :
1698 1018 1758 1052 De
1770 1021 1976 1054 Matth.xxii.

426 1077 695 1111 resurreccione
712 1082 946 1112 mortuorum
964 1089 1039 1113 non
1057 1079 1211 1124 legistis,
1230 1080 1315 1125 Ego
1331 1090 1415 1113 sum
1438 1079 1543 1113 Deus
1559 1076 1756 1111 Abraham
1771 1073 1825 1104 3¹>
1843 1074 1893 1105 3²·

425 1137 462 1166 et
476 1133 582 1167 Deus
607 1135 726 1169 Ysaac
750 1138 787 1169 et
809 1136 914 1170 Deus
937 1137 1046 1171 Iacob
1060 1138 1079 1171 ?
1127 1138 1216 1171 Non
1237 1141 1292 1171 est
1315 1138 1419 1171 Deus
1445 1139 1679 1170 mortuorum
1704 1138 1759 1168 set
1772 1144 1810 1177 15

426 1192 653 1227 vivencium.
696 1193 771 1228 Ubi
791 1195 958 1229 secundo
977 1196 1058 1230 loco
1075 1207 1151 1230 non
1171 1195 1366 1230 defunctos
1384 1206 1451 1240 per
1469 1197 1637 1228 mortuos
1657 1192 1757 1238 (cum

425 1249 512 1284 velit
539 1251 699 1295 probare
727 1252 827 1297 quod
857 1254 961 1288 Deus
990 1260 1047 1288 est
1078 1254 1183 1289 Deus
1214 1252 1490 1296 defunctorum)
1523 1258 1580 1287 set
1606 1251 1756 1296 penitus

426 1315 670 1353 consumptos
690 1309 872 1355 intelligit,
891 1311 1042 1355 scilicet,
1061 1312 1161 1357 quod
1180 1313 1284 1347 Deus
1311 1324 1386 1346 non
1412 1318 1468 1346 est
1485 1313 1588 1346 Deus
1608 1308 1757 1354 penitus

425 1373 730 1411 consumptorum
749 1375 804 1403 set
829 1375 886 1404 est
914 1371 1018 1405 Deus
1042 1370 1247 1413 Abraham,
1267 1372 1401 1413 Ysaac,
1421 1376 1457 1404 et
1479 1369 1604 1412 Iacob,
1623 1366 1684 1413 qui
1703 1366 1756 1400 ni-

426 1423 647 1460 chilominus
665 1432 771 1461 erant
789 1426 952 1462 defuncti
969 1438 976 1471 ;
1006 1427 1058 1463 ita
1076 1428 1175 1473 quod
1192 1440 1267 1463 non
1288 1428 1359 1463 nisi
1382 1428 1586 1463 secundum
1609 1432 1756 1471 partem
1772 1435 1813 1456 20

426 1489 655 1517 manserunt.
708 1484 892 1527 Ceterum,
912 1485 943 1520 si
961 1485 1130 1521 raciones
1148 1486 1271 1531 alique
1289 1487 1336 1521 de
1348 1485 1540 1531 premissis
1560 1484 1632 1519 sint
1652 1484 1756 1518 firme

424 1546 461 1575 et
478 1540 754 1577 conclusionem
773 1543 891 1578 solide
909 1544 1151 1589 affirmantes,
1169 1544 1236 1580 tibi
1255 1545 1391 1580 debent
1410 1544 1590 1580 sufficere.
1768 1538 1866 1570 solide
1883 1546 1923 1570 B:

1769 1582 1888 1614 solvere
1906 1590 1944 1613 M.

307 1640 413 1674 XVI.
475 1644 494 1664 ’¹‘
509 1645 740 1680 IOHANNES.
768 1647 970 1681 Gratanter
994 1647 1091 1682 hanc
1110 1647 1387 1683 conclusionem
1412 1654 1576 1693 acceptO,
1604 1646 1755 1690 scilicet,
1770 1661 1803 1689 D

142 1695 414 1757 {gffnesssggffafflgus
426 1703 526 1747 quod
545 1703 794 1738 adnichilacio
820 1716 889 1739 nec
915 1711 971 1739 est
987 1716 1057 1740 nec
1074 1716 1157 1740 esse
1175 1712 1298 1750 potest
1316 1712 1421 1740 actus
1440 1705 1555 1740 divini
1575 1704 1728 1740 dominii
1749 1716 1756 1739 ;

143 1764 378 1807 consumptionis
427 1761 472 1796 de
491 1761 781 1806 consumpcione
799 1762 872 1797 alia
889 1774 1013 1797 rerum
1031 1769 1251 1807 creatarum,
1271 1764 1317 1799 de
1337 1775 1411 1809 qua
1421 1775 1520 1799 nunc
1537 1764 1637 1809 loqui
1656 1763 1755 1798 ince-
1773 1764 1811 1797 25

142 1798 281 1865 ffrdffiiigf
291 1797 378 1825 Gods
424 1831 544 1864 peras,
564 1819 635 1861 dic,
653 1820 834 1865 numquid
853 1820 898 1855 sit
917 1827 1022 1856 actus
1041 1821 1156 1856 divini
1175 1821 1340 1857 dominii.

472 1878 703 1912 RICARDUS.
748 1879 878 1913 Habes
903 1891 947 1914 ex
974 1886 1076 1914 sexto
1105 1886 1141 1915 et
1166 1892 1210 1915 ex
1229 1887 1362 1915 octavo
1391 1880 1493 1914 libris
1522 1879 1756 1915 Phisicorum

423 1935 633 1970 Aristotelis
659 1936 759 1981 quod
777 1943 832 1971 est
851 1937 1044 1982 corrupcio
1058 1937 1131 1972 alia
1148 1938 1371 1982 successiva,
1391 1944 1429 1973 et
1445 1938 1519 1973 alia
1538 1937 1660 1973 subita
1679 1937 1755 1973 sive
1769 1952 1850 1973 corr.

423 1993 669 2037 instantanea,
697 2006 767 2039 que
802 1995 1012 2030 successive
1047 1996 1300 2041 corrupcionis
1327 2003 1382 2031 est
1413 1996 1521 2040 rinis3
1546 2002 1583 2031 et
1613 1996 1666 2031 sic
1698 2001 1754 2030 est
1767 1986 1838 2017 alia
1857 1994 1904 2017 M²

422 2052 557 2097 duplex
575 2052 774 2087 conformis
793 2054 1042 2098 consumpcio,
1061 2054 1212 2098 scilicet,
1232 2054 1443 2089 successiva
1461 2061 1496 2089 et
1513 2054 1646 2089 subita.
1686 2055 1755 2089 Illa
1766 2039 1883 2114 {tolga
1900 2080 1931 2106 B.

422 2121 493 2155 que
511 2111 722 2146 successiva
738 2117 794 2146 est
818 2111 855 2145 in
881 2123 920 2147 re
945 2112 1078 2156 usibili,
1099 2113 1218 2148 donec
1243 2113 1321 2148 eius
1346 2114 1467 2147 forma
1493 2111 1754 2148 substancialis

420 2168 570 2213 propria
588 2168 711 2203 subito
738 2169 884 2204 desinat
910 2181 1004 2214 esse,
1023 2176 1079 2205 est
1102 2177 1207 2206 actus
1228 2170 1343 2205 divini
1369 2170 1522 2206 dominii
1542 2183 1551 2213 ;
1577 2171 1755 2216 quoniam
2006 2152 2008 2200 Ι

420 2226 598 2271 quamdiu
634 2227 743 2262 durat
777 2227 838 2262 illa
872 2228 1083 2263 successiva
1117 2229 1368 2274 consumpcio,
1399 2229 1542 2264 tamdiu
1573 2229 1682 2264 durat
1716 2229 1753 2263 in

418 2284 572 2319 domino
590 2290 716 2319 utente
743 2285 838 2320 illius
865 2285 916 2320 rei
943 2286 1176 2321 dominium:
1205 2293 1240 2321 et
1271 2289 1319 2322 ad
1346 2286 1624 2322 iustificandum
1650 2286 1752 2322 illam

418 2342 749 2387 consumpcionem
784 2343 881 2378 dicte
915 2343 967 2379 rei
1003 2356 1073 2389 que
1101 2344 1151 2379 ita
1180 2344 1421 2388 consumitur,
1449 2344 1544 2379 sicut
1574 2345 1623 2379 ad
1653 2345 1750 2379 loca·
1762 2349 1883 2382 α’ῑέΜε

417 2401 562 2435 cionem
580 2413 645 2435 seu
664 2401 1009 2436 commodacionem
1028 2402 1314 2443 iustificandam,
1330 2403 1416 2448 quia
1432 2408 1514 2437 sunt
1530 2409 1633 2437 actus
1647 2414 1750 2438 vera·
1763 2393 1849 2424 ‘lm-³²
1865 2401 1895 2424 B.

417 2459 508 2493 citer
539 2458 747 2501 successivi,
775 2459 930 2504 exigitur
956 2460 1007 2494 rei
1034 2462 1152 2495 locate
1179 2472 1243 2495 seu
1270 2462 1507 2495 commodate
1534 2460 1749 2495 dominium.

418 2517 487 2551 Illa
504 2528 592 2551 vero
610 2517 851 2562 consumpcio
870 2529 939 2562 que
958 2524 1013 2552 est
1033 2518 1115 2552 finis
1141 2524 1264 2553 motus
1291 2530 1361 2564 que
1388 2518 1427 2553 fit
1453 2518 1490 2552 in
1515 2518 1664 2553 instanti
1683 2529 1748 2553 seu

415 2575 549 2618 subit0,
570 2586 654 2609 cum
679 2586 753 2609 non
780 2575 825 2609 sit
854 2575 1003 2620 aliquid,
1023 2587 1175 2610 causam
1202 2588 1286 2611 vere
1318 2577 1479 2611 activam
1502 2588 1575 2610 non
1606 2577 1718 2611 habet
1736 2588 1744 2620 3
1759 2585 1833 2607 vere
1852 2586 1918 2610 om.
1937 2584 1968 2610 Β.

416 2633 508 2668 sicut
528 2633 575 2667 de
592 2633 837 2667 nichilacione
856 2633 928 2668 iam
950 2634 1108 2668 diximus
1133 2635 1244 2679 quod,
1263 2634 1349 2679 quia
1372 2634 1483 2668 nichil
1505 2640 1573 2677 est,
1592 2645 1743 2668 causam
1757 2643 1800 2674 40

414 2703 500 2726 vere
519 2703 592 2725 non
612 2691 725 2725 habet
744 2703 864 2736 neque
891 2703 956 2726 sue
981 2692 1181 2727 existencie
1208 2704 1328 2737 neque
1352 2704 1417 2726 sue
1436 2692 1601 2727 iusticie:
1630 2693 1744 2727 habet

412 2755 538 2783 tamen
556 2749 640 2783 talis
659 2749 899 2794 consumpcio
918 2749 1040 2784 subita
1061 2761 1212 2784 causam
1238 2762 1303 2795 per
1329 2750 1513 2793 accidens,
1538 2761 1611 2784 non
1636 2750 1745 2784 simul

414 2819 497 2841 cum
515 2818 560 2841 ea
580 2807 744 2850 (scilicet,
764 2808 914 2851 quando
941 2819 1022 2842 esse
1047 2807 1179 2842 dicitur
1205 2818 1352 2852 quoquo
1378 2808 1499 2852 modo,
1520 2807 1618 2842 iuxta
1636 2819 1743 2842 usum

414 2865 602 2910 loquendi)
624 2871 676 2899 set
704 2865 872 2909 primam,
894 2865 1043 2908 scilicet,
1063 2876 1215 2900 causam
1241 2865 1459 2901 efficientem
1487 2862 1909 2910 consumpcio—prevz'am
1932 2869 1963 2894 Β.
1997 2867 2008 3305 l

1994 2378 2008 2792 —Q
2004 2274 2008 2375 ——m
