2008 3305
135 205 215 248 268

348 328 398 362 13.

352 616 402 648 14.

357 848 406 880 15.

357 1070 407 1102 16.

356 1656 406 1689 18.

355 1959 405 1992 19.

355 2309 405 2331 20.

357 2535 407 2558 21.

354 2819 405 2840 22.

908 218 1176 252 APPENDIX.

467 320 639 356 Tercium
666 320 853 357 decimum
880 323 1092 367 capitulum,
1118 328 1291 368 repetens
1318 333 1430 357 unum
1460 321 1684 357 affirmatum
1711 319 1747 355 in

417 379 463 414 xi.
482 379 697 424 precedenti
723 380 896 425 capitulo,
917 381 1066 424 scilicet,
1086 381 1186 425 quod
1211 381 1274 426 qui
1299 380 1577 425 providenciam
1600 391 1748 414 omnem

1768 319 1868 361 [5612

1766 390 1892 411 onlnem
1903 388 1915 410 .'

418 437 628 481 negligeret,
654 444 852 483 exponeret
879 450 918 473 se
944 438 1160 481 discrimini,
1185 440 1309 473 Deum
1331 437 1562 483 temptando,
1588 444 1624 472 et
1650 444 1748 472 esset
1765 434 1830 454 ΨΜ
1849 431 1880 460 Β’

419 494 456 528 in
476 506 542 529 sua
560 495 805 539 consciencia,
824 495 853 530 si
873 502 970 531 recte
990 503 1146 541 saperet,
1166 496 1365 539 homicida,
1385 502 1514 531 contra
1532 495 1621 530 illud
1639 494 1751 530 obicit

420 552 616 588 difficulter
631 553 704 587 alia
722 565 787 598 pro
806 554 866 588 illo
884 554 1046 589 adducit.

469 611 650 655 Quartum
670 611 855 646 decimum
874 612 1087 656 capitulum,
1107 611 1308 646 ostendens
1327 609 1444 656 qualis
1470 607 1678 645 sollicitudo
1694 616 1751 645 est

420 667 673 713 vituperabilis
698 675 734 703 et
762 669 881 714 qualis
909 669 1116 713 laudabilis,
1144 669 1311 704 obiectus
1339 679 1467 703 omnes
1493 667 1662 710 absolvit,
1684 679 1751 712 pa-

421 732 543 760 tenter
575 727 778 761 ostendens
805 739 849 761 ex
875 727 1047 762 oracione
1076 727 1262 762 dominica
1288 732 1323 761 et
1354 726 1435 760 aliis
1467 725 1751 760 sollicitudinem

424 784 522 818 circa
539 783 677 818 victum
696 791 732 819 et
750 785 924 819 vestitum
943 797 965 820 a
984 785 1070 820 viris
1090 784 1313 829 evangelicis
1331 783 1594 818 adhibendam.

473 843 653 886 Quintum
672 843 857 877 decimum
875 844 1085 888 capitulum,
1105 843 1269 878 obiciens
1291 842 1408 888 qualis
1430 842 1467 876 in
1493 841 1664 887 perfectis
1683 841 1752 876 sol-

423 900 576 935 licitudo
595 912 677 936 esse
696 902 805 936 debet
830 908 894 936 aut
919 902 1048 946 possit,
1074 901 1335 946 respondendo
1359 900 1521 935 ostendit
1547 911 1657 945 super
1681 900 1753 934 hoc

424 958 589 1002 regulam
617 970 662 993 ex
692 958 899 1003 Scripturis,
932 965 968 994 et
997 959 1145 994 ulterius
1174 958 1350 1004 patefacit
1377 958 1477 1003 quod
1502 963 1606 992 actus
1638 958 1683 992 de
1713 967 1754 991 se

426 1016 578 1051 minoris
598 1016 716 1051 meriti
735 1017 846 1052 debet
866 1017 902 1051 in
921 1028 1009 1052 casu
1027 1017 1124 1052 actui
1144 1016 1295 1051 maioris
1314 1016 1434 1051 meriti
1454 1015 1639 1051 anteferri.

474 1076 625 1110 Sextum
654 1075 838 1109 decimum
865 1076 1076 1120 capitulum,
1106 1075 1338 1120 distinguens
1368 1080 1623 1119 paupertatem
1649 1072 1752 1108 altis-

424 1132 558 1167 simam
588 1133 625 1168 in
659 1133 905 1168 monasticam
938 1140 975 1169 et
1006 1146 1255 1177 communem,
1289 1133 1454 1168 ostendit
1487 1133 1587 1178 quod
1622 1139 1754 1167 neutra

422 1191 568 1226 civilem
601 1192 875 1236 possessionem
909 1192 1091 1236 excludit3
1135 1199 1172 1227 et
1205 1192 1304 1237 quod
1338 1197 1537 1237 paupertas
1568 1191 1752 1225 artissima

422 1255 619 1293 utrumque
638 1250 760 1294 quoad
778 1256 896 1284 totum
915 1262 1022 1285 suurn
1040 1262 1157 1294 genus
1176 1249 1337 1284 excludit
1355 1249 1502 1283 racione
1521 1250 1724 1283 confirmat.

471 1307 671 1342 Decimum
690 1308 889 1353 septimum
908 1309 1109 1354 capitulum
1128 1308 1303 1353 patefacit
1321 1308 1419 1353 quod
1433 1314 1633 1352 paupertas
1646 1307 1754 1342 artis-

421 1364 517 1399 sima
534 1364 809 1410 possessionem
826 1367 1035 1401 naturalem
1053 1378 1312 1411 quamcunque
1331 1365 1407 1400 iure
1426 1365 1613 1410 propriam
1628 1364 1753 1408 abicit,

419 1429 455 1457 et
475 1423 553 1458 solo
572 1423 759 1457 communi
779 1423 947 1468 originali
966 1424 1131 1459 dominio
1148 1431 1184 1459 et
1209 1423 1445 1469 possessione
1471 1423 1627 1458 naturali
1652 1434 1753 1457 com-

419 1480 520 1515 muni
537 1487 780 1524 contentatur,
794 1493 905 1526 quam
918 1481 954 1516 in
970 1482 1215 1517 monasticam
1226 1488 1261 1517 et
1278 1482 1505 1526 collegialem
1520 1481 1753 1525 distinguens

420 1538 580 1583 quinque
599 1539 734 1583 gradus
753 1539 932 1574 altissime
957 1540 1184 1585 paupertatis
1211 1540 1385 1583 ostendit,
1405 1540 1567 1584 probans
1586 1539 1754 1584 quintum

421 1608 503 1631 esse
521 1596 760 1640 artissimum,
780 1597 939 1632 inferens
958 1609 1071 1632 unam
1089 1597 1366 1633 conclusionem
1385 1597 1603 1632 mirabilem.

475 1654 674 1689 Decimum
707 1662 878 1690 octavum
907 1656 1120 1700 capitulum,
1149 1656 1378 1700 investigans
1406 1655 1553 1701 qualem
1582 1654 1753 1689 dominus

424 1720 551 1748 noster
592 1714 697 1748 Iesus
736 1713 865 1748 habuit
906 1721 1176 1759 paupertatem,
1219 1713 1381 1749 ostendit
1423 1714 1522 1758 quod
1565 1723 1754 1757 nunquam

423 1771 552 1806 habuit
587 1771 737 1816 aliquod
768 1771 874 1806 civile
901 1771 1107 1806 dominium
1137 1783 1201 1807 seu
1232 1771 1507 1817 possessionem
1536 1770 1691 1813 civilem,
1720 1776 1756 1805 et

423 1829 530 1863 solvit
550 1829 747 1873 obiectum,
766 1830 966 1865 ostendens
986 1830 1086 1875 quod
1104 1829 1184 1875 ipse
1200 1830 1397 1866 ludeorum
1416 1836 1452 1865 et
1468 1828 1572 1874 regni
1591 1828 1755 1874 ipsorum

423 1899 486 1923 rex
502 1894 592 1922 erat.

472 1945 672 1980 Decimum
701 1957 841 1980 nonum
867 1945 1080 1992 capitulum,
1110 1945 1274 1981 obiciens
1298 1953 1426 1981 contra
1455 1945 1671 1991 precedens,
1698 1956 1756 1979 os-

423 2003 540 2038 tendit
566 2003 713 2048 regibus
740 2004 828 2039 utile
855 2016 938 2039 esse
964 2005 1072 2039 civile
1098 2004 1303 2039 dominium
1330 2004 1453 2049 quoad
1483 2002 1755 2048 protegendum

423 2061 551 2096 habita
571 2067 607 2096 et
632 2063 876 2106 repetendum
902 2063 1039 2105 ablata,
1067 2062 1216 2097 Christo
1234 2073 1321 2096 vero
1345 2068 1380 2096 et
1404 2061 1582 2106 apostolis
1602 2060 1676 2095 suis
1694 2071 1756 2094 ne-

423 2131 610 2164 quaquam
627 2131 635 2163 ;
663 2120 709 2154 de
726 2120 871 2155 Christo
886 2127 922 2155 et
934 2120 1009 2155 suis
1022 2120 1187 2155 obiciens
1202 2131 1245 2154 ac
1258 2119 1465 2154 dissolvens
1483 2132 1490 2154 :
1518 2125 1554 2154 et
1569 2118 1755 2153 obiectum

423 2178 469 2212 de
488 2177 663 2212 divitibus
682 2177 920 2213 dissolvendo
938 2178 1101 2213 ostendit
1120 2178 1220 2223 quod
1239 2177 1371 2212 divites
1386 2177 1600 2221 evangelica
1618 2176 1756 2221 perfec-

424 2235 530 2270 cione
547 2242 704 2280 possunt
723 2247 805 2270 esse
823 2235 985 2280 perfecti.

471 2293 701 2328 Vicesimum
727 2293 940 2338 capitulum,
958 2293 1092 2328 iterum
1116 2293 1283 2328 obiciens
1308 2293 1354 2328 de
1380 2291 1596 2327 sacerdocio
1614 2290 1755 2326 domini

424 2348 539 2383 nostri
560 2350 655 2391 Iesu,
674 2348 855 2392 dissolvit,
874 2349 1077 2383 ostendens
1099 2348 1116 2367 *
1137 2349 1237 2394 quod
1260 2359 1335 2382 non
1360 2347 1488 2382 habuit
1514 2347 1550 2382 in
1577 2346 1755 2392 possessi-

425 2407 557 2441 onibus
576 2407 867 2441 sacerdotalibus
895 2406 1000 2441 civile
1026 2406 1244 2450 dominium,
1271 2412 1306 2441 et
1332 2406 1465 2451 probat
1491 2405 1615 2440 multis
1642 2404 1756 2439 racio-

426 2464 534 2498 nibus
553 2464 674 2509 ipsum
693 2476 895 2509 pauperem
912 2464 1089 2499 extitisse.

474 2522 701 2556 Vicesimum
714 2522 874 2566 primum
887 2522 1087 2567 capitulum
1100 2521 1275 2566 patefacit
1288 2533 1353 2566 per
1363 2521 1550 2556 racionem
1565 2527 1601 2555 et
1616 2520 1757 2555 dictum

426 2580 543 2614 sancti
564 2580 766 2614 Clementis
785 2580 884 2623 quod
905 2580 1074 2614 Christus
1092 2591 1166 2614 non
1186 2579 1314 2614 habuit
1338 2579 1393 2613 ius
1420 2578 1546 2613 utendi
1566 2578 1671 2613 civile
1689 2589 1757 2612 nec

424 2638 700 2682 possessionem
721 2638 880 2678 civilem,
894 2644 929 2672 et
947 2638 1103 2672 extrahit
1116 2650 1138 2672 a
1153 2638 1252 2672 dicto
1267 2637 1384 2672 sancti
1402 2637 1606 2671 Clementis
1620 2637 1756 2670 multas

424 2696 679 2730 conclusiones
702 2696 884 2730 notabiles
912 2695 1102 2730 inferendo
1130 2696 1275 2740 qualem
1294 2695 1408 2729 vitam
1428 2694 1615 2729 Dominus
1633 2700 1759 2728 noster

425 2754 460 2787 in
480 2765 588 2788 carne
607 2755 750 2797 agebat.

471 2812 699 2846 Vicesimum
715 2812 917 2847 secundum
931 2812 1129 2857 capitulum
1142 2810 1269 2845 nititur
1279 2811 1462 2845 affirmare
1476 2811 1574 2855 quod
1588 2809 1758 2844 Christus

423 2876 458 2905 et
479 2869 533 2905 sui
552 2869 707 2916 apostoli
727 2869 894 2915 quintam
914 2869 1076 2915 speciem
1096 2869 1323 2915 paupertatis
1350 2868 1530 2904 altissime
1553 2874 1757 2911 tenuerunt,

1767 470 1837 497 omi
1850 474 1890 497 M.

1770 1186 1937 1217 altissima

1772 1238 1801 1263 M
1807 1254 1814 1263 .

1771 1716 1912 1748 ostendit

1773 1771 1838 1792 om.
1855 1767 1886 1792 B.

1774 2356 1859 2390 57A
