2008 3305
186 239 272 266 eff.
290 224 382 282 vn]
671 235 816 267 LIBER
848 235 1042 268 PRIMUS.

73 354 170 396 14D]
185 350 395 387 animatam
415 350 473 387 vel
494 350 757 396 inanimatam,
780 362 852 388 nec
874 350 1085 387 animatam
1114 348 1186 386 nisi
1217 348 1438 386 sensibilem
1458 347 1516 386 vel

183 420 457 466 insensibilem,
502 432 573 457 nec
620 420 841 457 sensibilem
887 420 960 457 nisi
1003 419 1239 457 racionalem
1268 419 1327 456 vel
1361 419 1516 456 irracio-

92 501 171 530 15A
184 490 328 536 nalem;
352 488 370 508 ’¹‘
386 495 422 527 et
439 490 491 527 sic
508 490 555 527 de
572 489 654 527 aliis
667 491 961 540 quibuscunque
976 490 1186 539 generibus
1204 489 1280 527 sive
1297 489 1517 527 substancie

183 561 260 598 sive
298 560 562 610 cuiuscunque
600 561 754 609 generis
793 561 1012 599 accidentis.
1075 560 1197 596 Aliter
1230 560 1334 597 enim
1372 571 1516 608 genera

150 642 413 680 5quecunque
443 637 570 668 essent
603 630 820 668 materiales
851 631 1043 680 potencie,
1073 642 1192 667 vacue
1226 641 1249 666 a
1284 629 1515 667 differenciis

182 706 220 737 et
247 700 447 749 speciebus
477 712 573 749 quas
601 707 763 749 possunt
793 700 994 738 causaliter
1023 700 1241 746 continere,
1280 706 1316 737 et
1344 706 1516 749 possent,

181 770 278 808 sicut
293 769 514 807 accidencia
530 764 569 806 in
584 777 778 817 concreto,
790 770 956 808 vicissim
973 771 1097 820 magis
1110 776 1147 808 et
1160 770 1286 807 minus
1304 770 1516 819 suscipere:

181 847 222 877 ut
257 840 287 877 si
322 847 421 877 esset
455 841 561 878 locus
595 840 660 890 qui
693 841 881 878 maiorem
913 847 1092 878 naturam
1124 852 1353 889 corpoream
1383 847 1517 889 posset

182 911 387 959 suscipere,
420 923 664 960 consequens
702 918 802 949 esset
840 911 969 961 ipsum
1007 911 1089 949 fore
1123 911 1163 948 in
1197 918 1305 960 parte
1339 923 1516 950 vacuum.

130 992 169 1016 10
180 980 285 1030 Ergo
314 981 505 1030 peridem
536 982 566 1019 si
596 994 718 1031 genus
747 989 878 1031 posset
907 982 1036 1032 plures
1066 982 1209 1020 formas
1239 982 1517 1020 differenciales

180 1051 237 1088 vel
267 1051 466 1100 specificas
495 1052 698 1101 suscipere,
727 1052 853 1101 ipsum
884 1052 931 1089 de
961 1058 1070 1090 tanto
1099 1058 1200 1090 esset
1226 1065 1401 1099 vacuum,
1424 1053 1515 1103 quia

178 1120 311 1158 formis
341 1121 411 1158 sibi
440 1122 685 1171 possibilibus
714 1123 978 1172 semiplenum.
1038 1122 1156 1161 Sexto
1185 1123 1435 1161 confirmatur
1464 1135 1511 1161 ex

178 1191 252 1229 hoc
271 1191 377 1240 quod
396 1204 467 1229 nec
487 1192 614 1241 plures
634 1205 706 1231 nec
726 1193 820 1231 alias
844 1194 989 1243 species
1009 1193 1227 1243 figurarum,
1250 1206 1512 1241 numerorum,

177 1263 493 1311 proporcionurn,
527 1268 566 1300 et
605 1263 787 1300 similium
822 1264 1088 1302 accidencium
1119 1270 1249 1314 potest
1280 1264 1390 1302 Deus
1426 1276 1514 1314 pro-

129 1347 164 1379 15
180 1332 318 1370 ducere
345 1345 463 1382 quam
489 1333 566 1369 iam
593 1319 842 1371 effectualiter
861 1335 1137 1384 producuntur.
1195 1334 1296 1372 Cum
1323 1347 1417 1384 ergo
1444 1347 1515 1384 par

178 1403 225 1440 sit
254 1404 358 1441 racio
388 1404 593 1452 utrobique
628 1405 859 1442 terminandi
893 1405 1061 1442 divinam
1093 1405 1326 1454 potenciam,
1358 1405 1513 1451 scilicet,

177 1474 284 1523 quod
303 1473 393 1511 facit
412 1474 715 1523 incorrigibiliter
740 1488 838 1525 opus
866 1488 989 1522 suum,
1011 1476 1183 1525 sequitur
1203 1476 1309 1525 quod
1338 1476 1377 1513 in
1407 1476 1514 1514 nullo

177 1556 317 1592 genere
333 1544 426 1581 alias
443 1545 590 1593 species
606 1552 731 1594 potest
745 1546 970 1595 producere.
1017 1546 1067 1583 Et
1081 1547 1330 1585 confirmacio
1344 1547 1441 1584 illius
1454 1552 1512 1584 est

177 1621 385 1663 conceptus
412 1615 731 1664 philosophorum
760 1617 997 1665 ponencium
1022 1618 1170 1666 species
1198 1618 1509 1655 substanciarum

125 1704 164 1727 20
177 1691 214 1722 et
247 1685 411 1722 aliorum
444 1697 631 1734 generum
663 1687 863 1724 assimilari
896 1687 1069 1725 numeris
1102 1687 1411 1726 mathematicis:
1444 1689 1509 1735 sic,

176 1756 360 1801 videlicet,
382 1756 488 1806 quod
517 1757 611 1795 sicut
640 1757 737 1794 inter
765 1758 953 1795 unitatem
987 1764 1024 1794 et
1057 1758 1259 1804 binarium,
1288 1771 1381 1807 ymo
1414 1759 1511 1797 inter

176 1839 427 1876 quoscunque
461 1839 644 1865 numeros
678 1828 889 1876 proximos,
921 1840 1001 1865 non
1031 1834 1155 1876 potest
1184 1828 1280 1866 alius
1311 1829 1350 1865 in
1380 1830 1510 1878 specie

174 1897 368 1944 mediare3
396 1898 449 1935 sic
471 1904 508 1934 et
527 1898 567 1934 in
589 1898 789 1947 speciebus
811 1899 1040 1935 substancie.
1085 1898 1134 1935 Et
1150 1905 1254 1948 patet
1275 1898 1322 1936 de
1342 1899 1508 1946 racione,

175 1967 352 2005 admissis
379 1968 672 2006 diffinicionibus
701 1968 1023 2017 philosophorum
1054 1981 1152 2018 quas
1181 1969 1394 2007 attribuunt
1423 1982 1508 2020 spe-

124 2053 162 2084 25
177 2038 330 2075 ciebus:
363 2039 466 2076 unde
496 2039 545 2076 ad
574 2045 719 2076 tantam
750 2039 950 2088 penuriam
980 2039 1226 2076 deducuntur
1252 2039 1378 2090 aliqui,
1401 2041 1508 2090 quod

175 2108 306 2146 dicunt
344 2109 462 2146 nichil
499 2121 583 2146 esse
620 2109 775 2158 proprie
815 2109 1023 2156 diffinibile,
1063 2121 1136 2147 nec
1175 2111 1282 2159 quod
1320 2117 1377 2148 est
1417 2111 1508 2148 dare

173 2178 347 2215 ultimam
363 2178 625 2216 differeneiam
640 2179 781 2228 speciei
794 2191 804 2226 3
834 2186 968 2216 contra
983 2192 1081 2228 quos
1098 2186 1154 2217 est
1170 2180 1261 2217 alias
1278 2181 1508 2219 sufficienter

129 2260 159 2289 B
175 2248 410 2297 replicatum,
425 2249 624 2298 querendo
637 2250 731 2299 quid
745 2249 926 2298 sequitur,
941 2249 1058 2287 data*
1077 2251 1247 2288 bonitate
1263 2251 1507 2290 diffinicionis

174 2319 389 2367 specierum
427 2326 464 2356 et
502 2331 689 2368 generum
731 2320 944 2357 secundum
987 2321 1201 2358 sentencias
1245 2322 1503 2371 antiquorum.

120 2396 161 2426 30
177 2388 349 2437 Septimo
373 2389 621 2426 confirmatur
641 2402 688 2427 ex
716 2390 1030 2428 consideracione
1057 2391 1181 2440 logica
1208 2391 1256 2428 de
1283 2392 1501 2429 communi-

174 2465 249 2496 tate
276 2466 313 2496 et
339 2459 624 2508 significacione
648 2461 901 2498 terminorum
929 2462 1206 2498 communium.
1254 2461 1369 2508 Nam,
1398 2463 1504 2501 iuxta

172 2529 376 2577 opinantes
405 2530 639 2578 oppositum,
669 2542 827 2567 omnem
859 2530 1059 2568 hominem
1091 2544 1209 2581 quem
1241 2532 1347 2569 Deus
1376 2539 1504 2582 potest

171 2599 387 2647 producere
419 2600 545 2649 signat
575 2600 644 2637 iste
671 2601 855 2638 terminus
883 2602 996 2647 homo,
1022 2608 1059 2639 et
1085 2608 1264 2648 econtra,
1297 2603 1376 2648 sed,
1396 2603 1503 2640 iuxta

172 2669 267 2714 illos,
292 2669 459 2707 infinitos
485 2670 663 2708 homines
691 2677 815 2720 potest
845 2672 1057 2721 producere
1070 2685 1080 2720 ς
1115 2685 1208 2722 ergo
1233 2673 1404 2711 infinitos
1430 2674 1503 2711 iste

119 2749 158 2781 35
174 2740 356 2777 terminus
376 2740 479 2777 homo
501 2741 701 2790 significat.

206 2842 229 2859 2.
250 2834 344 2860 nz'siA
354 2834 394 2860 C:
414 2834 528 2861 nisz‘vel
537 2835 567 2861 B.
627 2845 667 2868 23.
689 2836 698 2865 ΙΙ
712 2836 827 2862 racione
838 2835 861 2861 B
874 2835 892 2862 f.
909 2837 958 2863 218
968 2844 996 2862 D.
1047 2845 1088 2870 35.
1107 2837 1294 2871 szgnzficatA
1304 2837 1344 2864 C:
1365 2838 1464 2871 szgnat
1478 2838 1510 2864 B.

1741 232 1798 277 45
