2008 3305
155 170 236 218 182

832 178 897 219 DE
929 178 1149 211 D0M1N1o
1180 178 1357 210 Drvmo
1574 166 1685 226 [CAP.
1708 180 1755 210 11.

428 295 595 335 inferiori
611 295 661 334 ad
680 306 794 333 suum
815 294 987 343 superius
1008 295 1186 344 sequitur,
1205 294 1295 331 Hoc
1315 293 1385 331 fuit
1401 293 1459 331 vel
1474 294 1555 340 erit,
1573 306 1666 342 ergo
1686 292 1760 330 hoc
1777 294 1880 336 [62A

429 374 507 413 est;
537 367 633 405 sicut
652 366 833 415 sequitur,
855 365 896 402 Si
922 363 1066 414 aliquid
1095 365 1209 402 currit
1228 364 1287 402 vel
1313 370 1497 411 movetur,
1521 371 1611 402 tunc
1632 365 1761 413 ipsum

429 443 497 475 est.
555 436 660 475 Sicut
689 436 792 473 enim
822 446 940 473 omne
969 446 1119 473 currere
1139 435 1197 472 vel
1227 435 1414 485 quidquid
1443 434 1544 472 aliud
1571 434 1763 472 adiectum

430 506 652 544 substancie
682 512 740 544 est
760 517 855 550 esse,
877 506 931 543 sic
953 512 990 543 et
1010 515 1125 543 omne
1148 505 1262 543 fuisse
1284 505 1341 542 vel
1361 505 1442 543 fore
1462 511 1518 542 est
1537 517 1644 551 esse;
1674 505 1763 553 quia

430 578 461 615 si
476 575 494 595 *
513 575 657 626 aliquid
677 576 745 613 fuit
758 576 816 613 vel
837 576 917 622 erit,
938 582 1029 613 tunc
1043 575 1152 613 Deus
1171 575 1245 613 hoc
1258 575 1327 613 scit
1344 589 1352 612 :
1384 582 1420 613 et
1435 588 1503 625 per
1518 587 1761 624 consequens
1776 586 1808 614 B

431 647 540 685 sicud
559 659 690 684 verum
710 646 769 683 vel
792 647 926 683 veritas
950 652 1007 683 est
1034 645 1109 683 hoc
1139 645 1231 691 fore,
1253 647 1307 683 sic
1338 658 1407 683 ens
1437 657 1522 684 esse
1542 645 1601 682 vel
1625 645 1763 683 entitas

430 723 486 755 est
507 716 580 755 hoc
600 716 693 754 fore.
750 716 801 753 Et
815 722 916 766 patet
932 716 1038 766 quod
1058 728 1141 754 esse
1162 722 1220 753 est
1242 728 1310 765 per
1326 728 1366 753 se
1385 716 1558 765 superius
1578 715 1627 753 ad
1647 727 1765 753 omne

430 787 546 824 fuisse
568 786 624 824 vel
644 786 737 832 fore,
750 787 841 835 quia
861 798 977 824 omne
998 786 1078 824 fore
1098 786 1157 823 vel
1176 786 1292 823 fuisse
1314 792 1372 823 est
1393 798 1475 823 esse
1490 786 1596 835 quod
1616 798 1675 823 res
1695 785 1765 822 fuit

429 857 489 895 vel
509 858 589 894 erit.
646 855 730 894 Nec
761 856 887 894 solum
916 856 992 894 hoc
1024 856 1241 906 intelligitur
1260 856 1307 894 de
1336 868 1420 894 esse
1451 856 1677 905 intelligibili
1698 854 1765 904 (de

431 939 510 977 quo
544 927 701 964 indubie
726 927 906 976 sequitur,
928 926 968 964 Si
997 939 1065 965 ens
1094 926 1162 963 fuit
1188 927 1246 964 vel
1272 927 1354 972 erit,
1382 933 1474 964 tunc
1505 928 1590 978 est),
1616 927 1683 964 sed
1714 926 1761 964 de
1780 939 1820 961 lo

429 998 636 1036 existencia
660 1004 853 1035 creature:
885 1008 976 1034 nam
1006 1008 1096 1035 cum
1115 997 1275 1034 materia
1294 998 1418 1046 prima
1446 1003 1483 1034 et
1503 997 1663 1046 angelus
1689 997 1765 1034 sint

430 1080 547 1117 supra
585 1074 737 1116 tempus
776 1067 987 1105 secundum
1028 1068 1231 1105 veridicam
1269 1067 1506 1105 sentenciam
1544 1067 1766 1116 Augustini,

430 1138 612 1188 possibile
643 1145 701 1176 est
733 1144 813 1175 tam
842 1139 1054 1176 essenciam
1088 1150 1316 1188 corpoream
1346 1150 1463 1187 quam
1496 1138 1766 1187 incorpoream

430 1209 550 1246 creari
572 1209 653 1246 sine
673 1208 748 1246 hoc
769 1208 875 1258 quod
905 1209 1084 1247 succedet
1105 1209 1321 1247 successiva
1350 1210 1478 1247 mocio
1503 1208 1560 1258 (ut
1579 1207 1765 1259 videtur);

429 1285 467 1316 et
496 1291 566 1328 per
594 1290 836 1328 consequens
866 1280 1047 1328 possibile
1079 1286 1135 1317 est
1168 1291 1290 1329 genus
1324 1279 1544 1317 substancie
1569 1291 1652 1317 esse
1685 1279 1765 1316 sine
1782 1293 1819 1326 15

429 1356 613 1398 ternpore,
629 1360 720 1387 cum
741 1349 788 1386 sit
805 1350 1026 1387 naturaliter
1046 1350 1131 1399 ipso
1152 1350 1278 1399 prius:
1309 1361 1388 1399 quo
1408 1349 1535 1398 posito
1555 1348 1652 1387 foret
1666 1349 1766 1387 exis-

429 1426 508 1457 tere
538 1426 709 1457 creature
747 1419 831 1457 sine
869 1419 950 1457 fore
989 1420 1120 1469 aliquo
1150 1420 1210 1457 vel
1242 1419 1369 1465 fuisse,
1400 1420 1467 1457 sed
1498 1426 1657 1457 econtra
1686 1431 1767 1457 non

430 1496 580 1539 potest;
609 1496 644 1527 et
665 1490 739 1528 hoc
761 1490 900 1539 figurat
920 1491 1043 1536 nobis,
1057 1490 1164 1540 quod
1184 1490 1265 1528 fore
1281 1490 1339 1527 vel
1361 1489 1474 1527 fuisse
1495 1496 1666 1527 eternum
1687 1501 1767 1527 non

373 1586 380 1592 -
430 1567 558 1610 potest
588 1573 671 1598 esse
702 1561 785 1598 sine
814 1560 947 1598 fontali
977 1561 1259 1610 preexistencia
1288 1561 1412 1610 prime
1441 1572 1567 1597 cause.
1624 1559 1768 1598 Tercio

430 1631 683 1670 confirmatur
704 1631 808 1669 idem
828 1644 876 1669 ex
897 1631 970 1669 hoc
991 1632 1098 1681 quod
1117 1638 1268 1681 tempus
1295 1643 1391 1677 esse,
1414 1631 1518 1680 quod
1538 1637 1595 1670 est
1615 1631 1764 1680 species
1780 1644 1821 1670 20

429 1702 626 1751 temporis,
658 1708 715 1740 est
744 1702 1043 1751 incorruptibile,
1075 1702 1355 1751 sempiternum
1384 1701 1570 1739 salvatum
1599 1701 1639 1738 in
1669 1712 1766 1750 quo-

430 1784 598 1822 cumque
627 1779 801 1821 tempore
831 1772 1023 1822 singulari.
1071 1772 1131 1810 Ex
1153 1785 1231 1822 quo
1252 1772 1350 1809 ultra
1370 1785 1458 1810 cum
1478 1772 1576 1809 veris
1597 1772 1768 1820 sequitur

430 1843 536 1891 quod
557 1843 631 1881 hoc
644 1844 804 1881 verbum
825 1855 909 1880 esse
926 1843 972 1881 sit
991 1843 1215 1880 indifferens
1236 1843 1285 1880 ad
1299 1854 1573 1892 quamcunque
1590 1842 1767 1882 differen-

431 1913 532 1950 ciam
569 1914 754 1963 temporis
788 1914 1088 1951 connotandam.
1144 1913 1264 1951 Aliter
1297 1914 1402 1951 enirn
1429 1926 1508 1951 non
1536 1912 1768 1951 concederet

431 1983 566 2021 artifex
597 1984 797 2033 signorum
826 1984 932 2034 quod
951 1983 1021 2021 hec
1042 1984 1178 2022 veritas
1200 1984 1246 2021 sit
1275 1991 1471 2033 perpetua,
1494 1983 1671 2033 Tempus
1697 1990 1765 2028 est,
1781 1998 1820 2030 25

432 2054 504 2092 nisi
524 2055 684 2091 verbum
714 2061 814 2092 esset
844 2055 1146 2103 omnitempore
1176 2055 1420 2101 indifferens;
1451 2067 1541 2092 cum
1570 2066 1665 2103 ergo
1685 2066 1764 2093 non

432 2125 671 2162 contrahitur
700 2138 768 2174 per
792 2125 962 2162 subiecta
987 2126 1206 2163 substancie
1234 2126 1369 2175 pocius
1397 2138 1514 2175 quam
1532 2123 1551 2144 ’¹‘
1570 2126 1623 2163 sic
1650 2125 1763 2171 dicto,
1779 2136 1808 2166 o

432 2195 613 2232 Chimera
633 2202 690 2233 est
703 2196 761 2233 vel
781 2196 1041 2245 quodcunque
1063 2196 1260 2244 signabile,
1277 2196 1447 2245 sequitur
1467 2196 1574 2245 quod
1593 2208 1765 2245 quocun-

431 2277 506 2313 que
528 2266 679 2314 signato
699 2267 945 2303 enunciando
962 2266 1008 2303 de
1030 2266 1092 2304 illo
1106 2278 1190 2304 esse
1211 2273 1267 2303 est
1285 2266 1525 2315 predicatum
1546 2266 1767 2303 indifferens

434 2336 484 2373 ad
511 2336 711 2384 quodlibet
730 2343 883 2385 tempus
907 2336 1092 2386 signabile
1123 2336 1429 2375 connotandum.
1486 2337 1536 2373 Et
1565 2349 1654 2373 cum
1684 2348 1763 2373 non
1780 2349 1822 2379 30

432 2407 479 2443 sit
508 2407 611 2444 racio
632 2419 751 2456 quare
781 2407 854 2443 tale
885 2407 1039 2456 signum
1071 2407 1118 2445 sit
1147 2407 1296 2453 falsum,
1317 2408 1390 2445 hoc
1420 2415 1489 2453 est,
1511 2408 1582 2444 nisi
1611 2413 1766 2456 propter

433 2477 696 2514 differenciam
726 2478 910 2526 temporis
936 2479 1148 2524 connotati‚
1180 2479 1350 2528 sequitur
1379 2478 1485 2528 quod
1515 2478 1662 2514 nullum
1693 2477 1766 2514 tale

435 2548 480 2584 sit
510 2547 648 2584 falsum
679 2548 913 2596 simpliciter,
936 2548 1044 2586 cuius
1073 2549 1288 2586 subiectum
1318 2549 1498 2598 supponit
1527 2560 1598 2598 pro
1627 2561 1667 2585 re
1691 2559 1766 2596 que

434 2617 501 2654 fuit
522 2618 578 2654 vel
599 2618 667 2655 erit
689 2630 759 2667 pro
788 2625 960 2667 tempore
982 2618 1086 2667 quod
1113 2618 1233 2656 fuerat
1253 2631 1438 2667 umquam
1463 2619 1580 2668 prius.
1637 2618 1765 2663 Unde,

469 2715 507 2732 11.
528 2706 588 2731 sint
603 2706 625 2731 B
636 2706 676 2732 C:
700 2706 725 2732 A
738 2706 913 2739 potiussuit.
1034 2716 1072 2739 14.
1094 2708 1181 2732 mocio
1196 2707 1233 2732 B:
1255 2709 1386 2732 motuum
1400 2706 1466 2735 AC,
1586 2716 1625 2738 23.
1646 2706 1766 2732 verbum

434 2739 547 2805 {⁷7:7th3
559 2740 634 2798 AXC.
803 2750 841 2772 30.
863 2740 1007 2772 quodlibet
1027 2743 1138 2772 tempus
1155 2740 1294 2772 signabile
1314 2740 1336 2766 B
1348 2741 1389 2767 C:
1415 2740 1602 2772 quodcunque
1622 2739 1767 2772 signabile
