2008 3305
204 205 253 242 16
878 217 942 248 DE
976 217 1194 249 DOMrNro
1228 218 1404 250 Divmo
1617 206 1722 265 [CAP.
1748 220 1812 249 111.

195 328 385 395 {nglccording
399 367 428 388 to
476 338 512 367 et
547 330 686 368 iurium
722 332 848 381 ipsum
885 332 1148 370 fundancium.
1207 333 1386 371 Variatur
1415 334 1537 371 eciam
1572 346 1616 370 ex
1655 335 1817 371 termino
1834 340 1904 381 [5B

196 395 404 462 ξξεῆξζξθζίἃζζὶ
419 395 446 422 ³¹¹
477 402 678 448 obiectivo,
690 409 729 440 ut
743 415 790 440 ex
804 403 993 453 principio
1009 404 1235 442 subiectivo:
1258 411 1298 441 ut
1314 404 1473 442 dominii
1487 405 1631 453 politici
1646 404 1747 441 aliud
1761 413 1818 442 est

195 463 410 527 ξῧῑξξξοξξυὲε,
477 472 693 510 dominium
706 475 978 520 monasticum,
993 474 1096 511 aliud
1111 475 1230 519 civile,
1245 482 1281 512 et
1298 475 1399 512 aliud
1417 482 1473 512 est
1489 476 1616 523 regale
1630 488 1639 521 ;
1662 487 1817 512 monas-

194 529 463 595 {}{})⁰gf{‘}itt{ge²ffnd
478 543 594 580 ticum
608 551 785 593 respectu
800 545 911 582 unius
925 545 1064 583 domus
1080 546 1158 583 sive
1174 545 1327 591 familie,
1341 545 1447 582 civile
1465 552 1641 594 respectu
1658 546 1818 583 civitatis

477 615 535 651 vel
565 615 853 652 communitatis
880 616 1078 665 amplioris
1102 615 1257 662 familia,
1281 622 1318 653 et
1347 616 1474 665 regale
1504 624 1681 665 respectu
1711 617 1816 666 regni
1833 623 1850 654 5

477 686 553 723 sive
575 686 735 735 imperii.
786 686 900 724 Unde
923 686 1157 733 Aristoteles,
1175 687 1302 735 primo
1324 686 1584 732 Politicorum,
1606 687 1653 725 iii.
1670 699 1717 724 ex
1739 687 1819 725 istis

476 757 672 806 principiis
703 757 901 807 distinguit
930 757 1113 803 dominia,
1135 764 1239 795 etex
1270 758 1349 794 istis
1378 764 1487 807 putat
1516 757 1602 806 capi
1624 757 1820 795 ulteriores

478 827 685 866 divisiones
705 828 881 866 dominii.

195 891 442 958 &gffmdsffip
534 897 609 936 Sed
638 911 728 936 cum
759 899 974 937 dominium
1007 899 1189 944 divinum,
1221 906 1419 948 tamquam
1451 907 1617 937 metrum
1648 906 1684 937 et
1713 900 1819 948 prin-

476 969 619 1018 cipium
640 970 977 1019 simplicissimum,
1000 970 1176 1007 omnium
1197 970 1361 1007 aliorum
1382 970 1529 1007 obtinet
1549 970 1816 1019 principatum,
1835 983 1873 1004 10

477 1040 524 1078 de
563 1041 649 1090 ipso
688 1041 872 1078 naturalis
911 1040 1006 1078 ordo
1045 1041 1162 1089 exigit
1196 1041 1459 1090 principaliter
1492 1041 1816 1089 pertractandum.

476 1111 613 1161 Ipsum
634 1119 776 1158 autem,
798 1112 972 1161 quamvis
997 1112 1269 1160 multiplicetur
1289 1112 1503 1149 secundum
1531 1111 1818 1149 multitudinem

477 1182 741 1227 serviencium,
769 1195 839 1220 nec
871 1182 988 1219 habet
1018 1182 1309 1220 distinccionem
1340 1182 1499 1220 subiecti
1529 1195 1551 1219 a
1581 1195 1651 1219 suo
1681 1182 1819 1219 funda-

477 1260 608 1291 mento
631 1252 735 1304 (cum
756 1266 871 1291 omne
892 1254 949 1290 ius
970 1266 1049 1303 quo
1071 1253 1178 1291 Deus
1194 1253 1409 1303 quidquam
1425 1253 1596 1302 possidet
1612 1254 1657 1290 sit
1673 1253 1820 1291 realiter

476 1324 557 1373 ipse
579 1323 715 1375 Deus),
738 1337 809 1361 nec
830 1325 1033 1373 requiritur
1054 1324 1362 1362 communicacio
1383 1324 1541 1361 ulterior
1560 1332 1717 1373 propter
1736 1325 1817 1362 eius
1835 1337 1872 1368 15

478 1396 786 1444 complecionem
815 1402 942 1444 preter
962 1395 1197 1433 dominabile
1222 1401 1258 1433 et
1283 1396 1410 1445 ipsum
1434 1395 1661 1441 dominium,
1688 1394 1705 1414 *
1729 1408 1817 1433 cum
1834 1403 1862 1432 O

477 1479 557 1504 non
572 1467 695 1516 possit
711 1479 795 1504 esse
816 1467 1052 1504 dominabile
1069 1467 1141 1504 nisi
1158 1466 1265 1503 Deus
1288 1479 1334 1504 eo
1355 1466 1439 1515 ipso
1462 1465 1573 1503 fuerit
1593 1467 1673 1503 eius
1695 1466 1818 1504 domi-

198 1549 290 1576 which
303 1550 326 1576 is
340 1550 414 1611 dieu
478 1549 562 1575 nus.
620 1537 680 1574 Ex
697 1549 776 1586 quo
793 1537 964 1586 sequitur
980 1537 1085 1586 quod
1106 1537 1322 1575 dominium
1339 1536 1411 1574 Dei
1432 1544 1639 1582 mensurat,
1655 1544 1696 1575 ut
1716 1538 1819 1587 prius

197 1593 325 1610 mssaSLll‘e
338 1594 354 1612 0
376 1594 393 1611 a

197 1618 302 1650 others,
478 1615 515 1646 et
541 1609 866 1658 presuppositum‚
892 1609 1025 1646 omnia
1055 1608 1128 1645 alia
1156 1608 1412 1657 assignanda:
1454 1608 1484 1645 si
1515 1608 1618 1645 enim
1648 1615 1819 1646 creatura

197 1686 402 1747 goqeffissnffird
480 1679 597 1717 habet
617 1679 833 1717 dominium
854 1692 969 1729 super
985 1679 1210 1729 quidquam,
1229 1678 1336 1716 Deus
1352 1679 1457 1728 prius
1472 1678 1587 1716 habet
1604 1679 1818 1716 dominium
1835 1691 1875 1712 20

197 1730 274 1781 0521]
288 1754 371 1785 ¹ords,
480 1762 596 1800 super
621 1750 746 1796 idem;
784 1750 870 1788 ideo
898 1750 946 1787 ad
974 1750 1171 1800 quodlibet
1200 1757 1371 1787 creature
1402 1750 1618 1786 dominium
1649 1750 1820 1799 sequitur

480 1821 696 1859 dominium
718 1821 900 1866 divinum,
915 1827 951 1858 et
967 1833 1047 1858 non
1068 1827 1237 1858 econtra.
1286 1819 1512 1866 Quomodo,
1534 1832 1667 1870 queso,
1688 1828 1821 1869 posset

479 1899 656 1931 creatura
676 1891 784 1929 alteri
804 1891 1010 1937 dominari,
1033 1891 1105 1928 nisi
1130 1891 1191 1927 illa
1212 1899 1386 1928 creatura
1413 1891 1580 1927 serviens
1602 1892 1819 1928 crearetur?

479 1963 546 2000 sed
575 1975 622 2000 eo
653 1963 737 2011 ipso
767 1962 872 2011 quod
902 1968 1064 2007 creatur,
1096 1961 1204 1999 Deus
1233 1961 1350 1999 habet
1382 1962 1428 1998 de
1461 1962 1545 2010 ipsa
1577 1961 1818 2009 dominium3

479 2046 572 2082 ergo
603 2045 649 2071 eo
684 2033 769 2082 ipso
804 2033 910 2082 quod
944 2039 1117 2070 creatura
1153 2045 1268 2082 super
1302 2033 1416 2069 aliam
1451 2032 1680 2079 dominatur,
1713 2033 1818 2070 Deus
1834 2048 1872 2079 25

479 2105 607 2154 previe
629 2104 849 2141 dominatur
869 2104 1030 2152 utrique.

199 2184 292 2211 excels
304 2183 381 2209 them
397 2182 426 2208 in
535 2174 584 2213 Et
609 2187 656 2212 ex
681 2175 760 2212 istis
785 2174 973 2224 colligitur
994 2174 1097 2223 quod
1127 2186 1174 2211 ex
1202 2174 1321 2212 tribus
1346 2174 1558 2223 specialiter
1582 2175 1667 2223 capi
1693 2181 1820 2224 potest

199 2219 278 2244 three
291 2222 425 2250 respects.
480 2245 714 2284 excellencia
735 2245 850 2282 divini
872 2245 1031 2282 dominii
1053 2257 1168 2294 super
1189 2245 1448 2294 quodcunque
1473 2245 1689 2282 dominium
1714 2257 1819 2282 crea-

200 2328 227 2344 α·
249 2316 430 2349 astoucffissg
482 2324 588 2363 ture3
633 2315 786 2361 scilicet,
822 2327 870 2352 ex
906 2315 1092 2361 subiecto,
1123 2328 1171 2352 ex
1206 2315 1470 2360 fundamento,
1503 2322 1539 2353 et
1572 2328 1619 2352 ex
1654 2315 1818 2353 obiecto.

200 2352 248 2378 the
262 2351 381 2381 sub'ect‚

201 2360 456 2449 {³§}{,},³;J{{3¹¹eeds
480 2387 540 2424 Ex
562 2386 748 2432 subiecto,
770 2399 857 2424 cum
880 2386 1007 2435 ipsum
1027 2393 1182 2435 propter
1204 2387 1261 2424 sui
1283 2386 1553 2423 excellenciam
1582 2398 1663 2423 non
1690 2393 1817 2435 potest
1833 2395 1873 2425 30

482 2458 530 2496 ad
561 2457 616 2494 sui
646 2457 917 2505 indigenciam‚
942 2456 1156 2494 secundum
1184 2457 1450 2494 necessitatem
1477 2456 1666 2494 servitoris
1695 2463 1732 2493 et
1761 2457 1819 2493 sui

481 2528 655 2578 gloriam,
678 2527 850 2565 nancisci
871 2527 1111 2565 dominium:
1142 2527 1310 2577 quelibet
1338 2534 1467 2564 autem
1496 2534 1670 2564 creatura
1697 2528 1818 2565 domi-

483 2611 581 2636 nans
620 2598 814 2647 preficitur
848 2598 907 2634 vel
945 2597 1092 2646 indiget
1132 2598 1325 2635 servitore.
1393 2597 1443 2633 Et
1477 2597 1589 2634 istam
1622 2598 1818 2635 racionem

517 2692 539 2715 5.
562 2684 716 2715 ragnist've
731 2683 769 2708 B:
791 2683 867 2715 regis
879 2683 929 2708 sui
940 2682 1007 2708 AC.
1148 2691 1174 2715 9.
1194 2683 1331 2708 divinum
1345 2691 1397 2707 orn.
1416 2682 1448 2707 B.
1592 2691 1631 2714 27.
1653 2683 1692 2707 Et
1709 2691 1761 2708 om.
1784 2683 1814 2708 B.

483 2727 514 2749 29
544 2717 656 2742 tertium
676 2725 713 2742 ex
734 2716 809 2742 BC:
831 2725 884 2742 om.
907 2716 940 2742 A.
1057 2725 1095 2748 30.
1114 2723 1200 2741 cum:
1229 2716 1251 2741 B
1264 2716 1286 2741 C
1305 2717 1360 2745 cui,
1381 2717 1457 2747 quod
1478 2724 1542 2741 vero
1561 2721 1587 2740 et
1608 2716 1635 2741 in
1655 2716 1679 2741 A
1699 2716 1816 2747 exstitit,

483 2757 511 2777 at
526 2750 553 2778 in
567 2759 632 2776 culn
647 2756 801 2776 correctum
818 2755 869 2777 est.
972 2759 1012 2782 31.
1031 2753 1039 2780 Η
1053 2750 1210 2776 secundum
1226 2750 1247 2774 B
1262 2750 1279 2774 s.
1293 2759 1340 2781 214
1356 2758 1378 2774 Β.

724 2818 753 2848 6.
778 2818 876 2849 Arist.
896 2817 993 2849 Polit.
1013 2817 1032 2848 i.
1054 2826 1092 2857 3;
1118 2816 1234 2856 rather,
1254 2816 1405 2857 perhaps,
1423 2816 1473 2847 ch.
1495 2825 1521 2847 1.
