2095 3278
211 174 296 217 374
876 173 1080 205 RiCARoi
1113 174 1414 206 ARMACHANI
1863 165 1964 219 [Lm.
1982 176 2028 205 11.

490 283 695 321 potentem,
722 284 760 312 ut
787 277 899 312 michi
928 279 1082 322 videtur,
1112 279 1230 314 facere
1260 291 1332 314 non
1361 280 1530 314 deceret:
1570 279 1647 314 sine
1681 279 1813 314 merito
1829 278 1926 319 [2413

489 335 588 369 enim
619 336 744 380 previo
771 347 995 380 quemquam
1024 338 1240 372 confirmare
1267 337 1302 371 in
1331 338 1440 380 bono,
1466 349 1537 383 que
1564 337 1814 379 confirmacio,

489 404 564 427 non
583 394 748 436 dubium,
761 394 913 437 grandis
931 394 1058 429 suisset
1077 395 1278 439 promocio,
1290 396 1415 430 nescio
1430 395 1584 440 qualiter
1597 401 1815 439 congrueret

491 450 669 495 sapienti;
698 451 870 486 homines
887 464 997 495 enirn,
1017 464 1101 487 cum
1120 459 1270 488 utuntur
1287 453 1499 498 prudencia,
1514 464 1588 488 non
1607 452 1659 487 sic
1677 459 1791 496 agunt
1807 464 1814 486 :

491 516 526 543 et
540 510 656 543 multo
671 516 726 543 est
744 509 937 553 gloriosius
955 510 1122 554 fragilem
1141 510 1448 546 indeclinabiliter
1461 523 1505 546 ac
1518 510 1660 546 fortiter
1673 509 1815 555 operari
1829 515 1846 548 5

491 577 603 611 quam
630 567 798 602 firmum:
830 580 899 603 nec
925 568 1059 612 decuit,
1086 575 1124 603 ut
1148 568 1305 611 videtur,
1332 569 1431 614 quod
1457 568 1645 614 sapiencia
1670 579 1817 602 summa

491 624 584 658 filios
603 625 819 669 parentibus
838 626 1068 670 pretulisset;
1090 633 1262 671 parentes
1277 638 1363 661 vero
1382 626 1419 660 in
1435 626 1615 661 Paradiso
1632 632 1718 661 ante
1735 637 1816 670 pre-

491 682 761 718 varicacionem
779 684 924 718 veniale
945 691 1137 728 peccatum
1163 685 1440 727 commiserunt,
1459 684 1565 719 sicuti
1590 685 1626 720 in
1653 684 1816 729 quodam

490 742 668 785 opusculo
700 748 764 776 tuo
800 741 846 776 de
879 748 1032 787 peccato
1064 742 1267 787 primorum
1300 743 1515 787 angelorum
1548 748 1583 777 et
1624 741 1817 777 hominurn

492 798 653 833 suasisti.
1833 807 1873 831 10

211 858 476 918 ξοοῶιξῇὴῑέὲὲγνὲἶξι
538 858 625 891 RIC.
663 856 762 901 Quid
790 857 820 891 si
849 857 915 892 tibi
949 859 1177 903 respondero
1205 858 1299 894 filios
1334 858 1510 903 ipsorum,
1536 869 1612 892 non
1645 857 1818 892 obstante

211 926 264 957 sin,
490 915 777 950 confirmacione
796 916 831 950 in
850 917 959 959 bono,
972 915 1164 951 venialiter
1181 916 1344 961 potuisse
1358 928 1523 961 peccare,
1539 916 1631 952 sicut
1646 921 1817 960 parentes

490 972 526 1007 in
546 973 758 1008 innocencie
777 980 874 1008 statu
893 977 1112 1018 potuerant?

541 1032 630 1066 IOH.
664 1030 725 1066 Sic
754 1043 829 1066 non
862 1031 976 1066 michi
1007 1032 1067 1067 via
1097 1032 1254 1067 occurrit
1284 1032 1414 1077 quovis
1440 1032 1476 1067 in
1502 1032 1555 1067 eis
1585 1043 1661 1067 non
1687 1030 1817 1066 fuisset

489 1089 658 1131 facultas,
677 1097 823 1134 recepto
847 1090 1035 1132 mandato,
1053 1090 1233 1135 peccandi
1259 1091 1485 1134 mortaliter3
1513 1090 1688 1135 quoniam
1712 1095 1816 1123 actus
1833 1093 1871 1126 15

491 1147 570 1182 sine
597 1154 771 1192 precepto
788 1147 942 1183 venialis
968 1147 1139 1191 existens,
1160 1155 1310 1193 recepta
1335 1148 1588 1194 prohibicione
1614 1148 1818 1183 efficeretur

490 1205 670 1241 mortalis.

211 1263 419 1324 {ltffiggdrssr-OEn
538 1265 626 1299 RIC.
661 1263 761 1308 Quid
789 1263 819 1300 si
849 1270 1000 1299 econtra
1033 1264 1229 1310 quisquam
1258 1271 1438 1300 astrueret
1465 1264 1563 1310 quod
1596 1262 1633 1299 in
1663 1263 1819 1310 posteris

213 1332 312 1357 mortal
326 1331 387 1358 sin?
490 1322 585 1365 Ade,
606 1322 635 1357 si
654 1322 831 1358 innocens
848 1322 1080 1367 perstitisset,
1100 1323 1227 1358 habita
1252 1322 1508 1368 prohibicione
1528 1329 1633 1358 actus
1651 1322 1714 1368 qui
1739 1322 1819 1358 sine

491 1387 646 1424 peccato
671 1380 825 1415 venialis
850 1380 993 1425 fuisset,
1020 1382 1247 1417 voluntatem
1277 1381 1315 1416 in
1342 1381 1395 1416 eis
1426 1380 1654 1417 cohibuisset
1680 1381 1728 1415 ab
1758 1381 1819 1416 illo
1834 1387 1875 1409 20

491 1445 576 1473 actu
594 1439 833 1473 confirmacio
850 1439 1048 1482 naturalis3
1070 1440 1169 1485 quod
1186 1439 1223 1475 in
1241 1452 1285 1475 eo
1299 1451 1399 1484 casu,
1411 1446 1450 1474 ut
1467 1439 1622 1482 videtur,
1635 1438 1818 1484 aliquibus

492 1497 733 1542 probabiliter
762 1497 836 1532 dici
866 1504 1017 1542 posset:
1051 1504 1087 1533 et
1117 1499 1169 1535 ita
1198 1505 1467 1544 consequenter
1494 1505 1592 1533 esset
1619 1497 1819 1533 dicendum

493 1555 592 1600 quod
610 1555 759 1599 posteri,
778 1562 816 1590 ut
838 1562 1023 1600 parenteS,
1042 1556 1080 1592 in
1106 1556 1325 1593 innocencia
1350 1568 1505 1601 peccare
1523 1555 1727 1599 venialiter,
1745 1567 1820 1590 non

492 1613 708 1657 mortaliter,
727 1613 944 1658 potuissent,
963 1613 1252 1650 confirmacione
1278 1614 1341 1649 uni
1367 1621 1520 1660 peccato
1545 1614 1716 1649 obstante
1742 1623 1818 1647 non

492 1671 625 1706 alteri?
1835 1676 1873 1708 25

543 1730 633 1764 IOH.
661 1729 860 1774 Quomodo
887 1729 924 1764 in
951 1729 1164 1765 hominibus
1191 1729 1419 1765 confirmatis
1446 1736 1482 1765 et
1508 1740 1584 1765 non
1612 1728 1649 1764 in
1678 1729 1820 1774 angelis

492 1787 720 1823 confirmatis
738 1788 879 1831 fuisset,
897 1795 1081 1833 oporteret
1099 1789 1312 1834 exprimere.

540 1847 628 1881 RIC.
657 1846 713 1881 Ibi
733 1847 855 1882 adhuc
873 1847 1113 1891 probabiliter
1130 1847 1201 1881 dici
1226 1854 1352 1892 posset
1370 1847 1481 1893 quod,
1500 1846 1586 1892 quia
1603 1846 1724 1891 angeli
1745 1857 1820 1881 non

492 1910 640 1939 tantum
658 1911 743 1939 sunt
762 1904 969 1940 confirmati
993 1905 1030 1940 in
1053 1906 1152 1940 bono
1170 1905 1348 1950 originali,
1369 1912 1423 1940 set
1446 1904 1483 1940 in
1501 1905 1618 1950 gloria
1635 1904 1692 1940 cui
1711 1916 1820 1940 omne

493 1969 688 2007 peccatum
715 1969 908 2008 repugnat,
936 1964 984 1998 ob
1014 1964 1085 1998 hoc
1112 1975 1242 1998 eorum
1271 1963 1508 1999 confirmacio
1538 1963 1679 2008 repellit
1709 1974 1819 1998 omne
1834 1970 1875 2001 30

494 2027 706 2065 peccatum3
734 2022 926 2056 hominum
938 2033 1025 2056 vero
1043 2022 1290 2065 confirmacio,
1304 2021 1390 2067 quia
1406 2032 1481 2056 non
1494 2020 1622 2056 fuisset
1641 2020 1678 2055 in
1692 2020 1818 2065 gloria,

495 2085 550 2113 set
577 2079 613 2113 in
639 2079 738 2114 bono
763 2086 894 2114 nature
920 2080 973 2114 eis
1000 2080 1208 2125 congenito,
1234 2091 1309 2115 non
1334 2079 1546 2114 necessario
1572 2079 1820 2124 cuiuscunque

217 2152 238 2168 1.
258 2141 392 2180 children
406 2151 471 2175 may
494 2137 636 2182 peccati
664 2138 850 2172 exclusiva
874 2138 1014 2173 fuisset.
1065 2138 1105 2173 Si
1132 2138 1231 2173 enim
1257 2138 1452 2183 quisquam
1482 2139 1550 2172 hec
1580 2137 1721 2179 dixerit,
1747 2137 1820 2172 tuis

215 2182 463 2241 Ξὲῗζινῗὴξῗῗξῗῑῑ
494 2203 618 2240 posset
654 2195 782 2240 primis
816 2196 1022 2231 obiectibus
1056 2196 1281 2241 respondere
1314 2196 1414 2241 quod
1449 2195 1710 2230 inconveniens
1744 2206 1820 2229 non
1835 2204 1911 2241 post
1927 2200 1987 2232 obi.
2006 2207 2026 2230 B

215 2244 466 2308 {}{{2{{¹}1{'etr}¹t}¹r
493 2253 640 2288 videtur
657 2255 756 2298 quod
774 2254 837 2288 filii
856 2254 904 2289 ad
922 2255 1100 2289 maiorem
1117 2254 1272 2299 gloriam
1290 2255 1413 2299 quoad
1439 2255 1521 2297 hoc,
1539 2254 1622 2289 licet
1640 2265 1715 2289 non
1735 2254 1820 2289 sim-
1829 2244 1951 2318 -i’ffifit

494 2312 647 2357 pliciter,
660 2325 771 2358 quam
785 2325 912 2348 eorum
925 2320 1096 2358 parentes
1109 2320 1171 2348 aut
1186 2314 1308 2358 angeli
1326 2313 1341 2332 *
1359 2314 1395 2348 in
1411 2325 1478 2348 sua
1491 2313 1640 2357 origine,
1655 2312 1820 2357 accepis·
1835 2298 1864 2362 ᾗ
1902 2292 1936 2319 it.

495 2378 599 2415 sent3
627 2372 716 2406 dum
735 2378 859 2406 tamen
878 2378 1028 2416 propter
1048 2371 1218 2407 meritum
1245 2383 1395 2406 suorum
1412 2378 1607 2416 parentum
1626 2370 1663 2405 id
1680 2371 1821 2406 facturn

492 2430 632 2472 fuisset,
660 2430 834 2475 quoniam
861 2430 933 2464 hoc
963 2430 999 2464 in
1025 2436 1221 2474 parentum
1248 2430 1402 2474 gloriam
1432 2430 1675 2473 redundaret3
1714 2428 1820 2464 sicuti

495 2488 683 2532 sapiencia
708 2496 818 2534 atque
845 2488 988 2524 diviciis
1016 2490 1130 2531 Deus,
1150 2495 1299 2534 propter
1323 2489 1455 2523 merita
1481 2487 1607 2523 David
1629 2490 1725 2522 servi
1752 2487 1820 2531 sui,

495 2547 735 2580 Salomonem
762 2557 828 2580 suo
855 2553 958 2591 patre
985 2547 1109 2580 David
1135 2546 1294 2591 amplius
1319 2546 1481 2582 reddidit
1509 2546 1720 2590 gloriosum,
1746 2556 1820 2579 non
1834 2552 1877 2584 40

495 2610 620 2639 tamen
647 2604 872 2649 simpliciter,
891 2616 973 2639 curn
998 2604 1043 2639 de
1069 2604 1193 2639 David
1219 2611 1322 2649 patre
1348 2616 1415 2639 suo
1442 2604 1488 2640 sit
1514 2604 1666 2646 dictum,
1685 2604 1824 2637 Inveni
1835 2604 1910 2635 Act.
1929 2603 1996 2634 xiii.

218 2670 242 2719 ἶς’
255 2659 474 2726 Joffsssrggcerffisse
496 2663 625 2696 virum
651 2663 851 2696 secundum
874 2674 1084 2697 cormeum.
1138 2664 1243 2706 Item,
1262 2674 1335 2697 non
1361 2668 1458 2698 recte
1484 2662 1647 2706 appellas
1674 2661 1711 2695 id
1737 2672 1820 2705 pro·
1839 2657 1886 2677 ²¹·

219 2728 307 2753 called
317 2735 482 2760 μωηωιιωη.
497 2721 704 2755 mocionem
732 2721 767 2755 in
794 2722 901 2763 bono,
922 2721 949 2756 si
976 2721 1011 2755 in
1037 2721 1118 2755 filiis
1139 2722 1185 2755 ab
1204 2721 1340 2765 origine
1359 2733 1425 2756 sua
1444 2720 1573 2755 fuisset
1592 2733 1600 2762 ;
1625 2731 1709 2755 cum
1735 2730 1820 2764 pro-

496 2779 615 2813 mocio
644 2779 680 2813 in
707 2780 806 2814 nullo
828 2780 947 2814 valeat
974 2786 1058 2824 apte
1085 2779 1168 2822 dici,
1188 2779 1257 2814 nisi
1284 2786 1366 2824 post
1393 2778 1601 2814 carenciam
1629 2776 1818 2822 dignitatis
