2008 3305
207 196 293 224 CAP.
319 180 402 238 111.]
698 190 841 222 LIBER
874 189 1068 222 PRIMUS.
1772 190 1786 216 1
1798 190 1821 230 9

119 312 193 354 6B]
209 307 379 345 cundum
399 306 575 343 ultimum
592 306 661 343 sibi
683 305 874 355 possibile,
895 317 974 342 non
994 304 1132 342 exinde
1150 304 1318 353 aliquam
1339 303 1537 340 utilitatem

206 378 317 415 infert
338 377 447 415 Deo:
481 384 517 414 et
537 376 586 413 ad
612 377 724 414 istum
752 388 907 413 sensum
928 383 985 413 est
1006 375 1091 413 Deo
1118 376 1271 421 zbzulilis,
1295 387 1383 411 cum
1404 374 1537 411 omnia

206 449 263 486 sui
290 448 476 485 naturalia
495 455 530 485 et
551 447 713 496 gratuita
739 447 982 496 superaddita
1003 446 1051 483 ad
1082 446 1282 482 utilitatem
1312 444 1535 494 accipientis

206 531 254 556 ex
276 531 381 556 mera
400 519 527 568 gracia
546 518 619 555 Dei
641 518 788 555 dantur.
847 517 1010 566 Insuper
1030 522 1067 554 et
1086 515 1195 553 Deus
1218 515 1476 565 preveniendo
1498 523 1533 552 et
1546 524 1601 549 and
1615 524 1800 550 a11111eritwe

175 606 192 637 5
207 589 471 628 continuando
508 589 710 627 coadiuvat
744 588 793 626 ad
825 588 1053 625 merendum
1088 587 1137 624 ad
1178 599 1314 636 puram
1352 586 1532 623 merentis
1547 558 1725 624 111315ῑῖ1ιεί15·
1739 591 1785 617 aid

205 661 403 698 utilitatem
424 668 460 698 et
480 660 750 709 indigenciam,
773 659 855 697 sine
879 658 954 696 hoc
978 657 1083 707 quod
1104 657 1315 706 quidquam
1337 664 1532 694 accrescat

205 731 297 769 boni
334 731 435 768 utilis
470 730 556 768 Deo
595 742 665 767 suo
681 743 690 776 ;
733 729 799 767 sed
838 736 960 767 totum
1001 728 1201 766 servicium
1240 727 1320 764 iure
1359 727 1531 765 debitum
1545 736 1601 761 and
1615 737 1743 762 abouuds

204 801 391 839 redundat
442 802 482 838 in
535 801 754 838 ulteriorem
803 799 1084 848 obligacionem
1131 804 1168 835 et
1221 798 1431 835 comodum
1480 798 1532 834 sic
1546 770 1792 841 sssscfflbtssssfffgsssvss'g

204 873 409 910 merentis:
439 878 476 909 et
502 878 625 909 totum
654 871 727 909 hoc
758 870 916 920 insurgit
947 870 1101 907 indubie
1129 881 1175 906 ex
1206 880 1357 905 summa
1386 868 1533 917 perfec·
1546 837 1612 863 hm·

153 963 192 985 10
204 944 315 981 cione
328 943 444 981 divini
458 943 628 981 dominii.
663 942 778 979 Unde
791 949 949 991 propter
962 948 1039 978 tam
1055 941 1247 989 disparem
1261 939 1535 976 excellenciam

164 1026 191 1055 c
205 1014 315 1051 huius
336 1014 385 1051 ad
405 1021 529 1052 cetera
550 1014 620 1051 sibi
642 1013 743 1051 canit
764 1012 935 1058 ecclesia,
953 1010 970 1031 *
992 1011 1048 1048 Tu
1067 1012 1167 1048 solus
1186 1010 1373 1046 Dominus
1390 1025 1401 1047 :
1430 1010 1535 1046 iuxta

202 1085 295 1122 illud
309 1085 474 1135 apostoli
488 1085 536 1122 ad
551 1084 647 1134 Eph.
667 1085 710 1121 iv.
728 1094 761 1132 5,
781 1084 886 1120 Unus
901 1082 1098 1127 Dominus,
1116 1094 1191 1118 una
1200 1081 1298 1130 fides
1311 1094 1329 1124 ‚·
1354 1087 1390 1117 et
1410 1093 1424 1117 1
1444 1080 1533 1118 Cor.

202 1157 274 1194 viii.
298 1158 334 1202 6,
355 1155 475 1194 Nobis
495 1168 590 1192 unus
609 1160 661 1192 est
678 1154 781 1192 Deus
798 1159 920 1204 pater,
942 1166 992 1191 ex
1011 1166 1080 1202 quo
1099 1153 1222 1189 omnia
1242 1156 1275 1188 el
1292 1164 1357 1188 nos
1377 1152 1417 1187 in
1437 1151 1500 1187 illo
1512 1164 1532 1194 ,-

202 1232 235 1264 et
247 1240 342 1264 unus
357 1227 525 1264 domimts
540 1226 646 1263 Iesus
665 1225 851 1270 Christus,
862 1232 929 1273 per
943 1237 1044 1273 quem
1061 1224 1183 1260 omnia
1202 1227 1236 1259 et
1253 1235 1316 1259 nos
1328 1229 1399 1271 per
1414 1223 1531 1258 illum.

152 1319 188 1351 15
258 1298 373 1335 Unde
401 1297 570 1347 precipui
598 1297 777 1334 doctores
804 1295 981 1333 catholici
1010 1299 1258 1343 sumpserunt
1286 1305 1356 1343 pro
1386 1292 1528 1342 regula,

204 1369 541 1418 Quandocumque
571 1369 739 1405 dominus
768 1366 989 1405 affirmative
1018 1372 1055 1402 et
1084 1365 1260 1402 assertive
1293 1376 1359 1413 per
1389 1376 1428 1400 se
1458 1375 1528 1412 po·
1544 1371 1793 1432 (floudtherespreis

202 1441 302 1478 nitur
330 1440 370 1477 in
400 1439 603 1489 Scriptura,
633 1439 794 1476 sumitur
822 1450 892 1487 pro
919 1437 1091 1474 Domino
1121 1435 1352 1484 simpliciter,
1380 1435 1446 1483 qui
1475 1441 1531 1471 est
1570 1416 1596 1433 0¹
1634 1417 1684 1432 W
1705 1410 1804 1439 εξοχην

201 1510 329 1557 Deus3
363 1518 402 1548 ut
424 1511 462 1547 in
485 1510 642 1547 Hebreo
663 1509 830 1559 ponitur,
851 1509 938 1546 loco
959 1508 1101 1545 domini
1123 1506 1162 1543 in
1183 1505 1335 1551 Latino,
1358 1505 1530 1555 pluribus

201 1582 294 1619 locis
314 1594 459 1619 nomen
476 1581 634 1619 Domini
655 1579 1018 1629 thetragramathon,
1035 1585 1076 1616 ut
1096 1577 1187 1615 dicit
1207 1577 1343 1614 doctor
1363 1576 1411 1614 (10
1427 1575 1530 1625 Lyra

150 1668 189 1690 20
201 1660 237 1690 et
270 1653 344 1690 alii.
402 1652 486 1690 Nec
524 1658 677 1702 oportet
711 1652 843 1688 timere
882 1649 1090 1687 instancias
1128 1647 1356 1697 sophisticas
1394 1654 1531 1684 contra

200 1724 293 1770 ista;
324 1724 426 1774 quia,
443 1735 531 1761 cum
553 1722 734 1760 dominus
755 1722 904 1759 dicatur
923 1721 1118 1770 equivoce,
1135 1725 1271 1768 utputa
1291 1724 1370 1755 tam
1391 1718 1532 1767 dispari

200 1795 355 1833 racione
371 1794 419 1832 de
436 1794 522 1832 Deo
536 1800 573 1832 et
587 1800 771 1839 creatura,
788 1799 862 1830 stat
877 1791 1147 1829 distribucione
1203 1789 1261 1827 vel
1275 1789 1489 1837 negacione
1496 1801 1532 1826 m

200 1865 339 1903 cadere
360 1878 473 1915 super
493 1865 700 1903 terminum
721 1863 935 1901 secundum
956 1874 1075 1900 unam
1095 1861 1290 1898 racionem
1311 1860 1531 1908 analogam,

201 1938 416 1976 omittendo
449 1937 658 1987 reliquam3
703 1942 740 1973 et
773 1935 848 1973 hoc
881 1934 950 1972 erit
984 1946 1099 1983 super
1132 1932 1341 1978 famosiori,
1376 1931 1535 1982 quando

150 2009 388 2054 25terminus
417 2020 486 2058 per
514 2021 554 2046 se
584 2007 757 2045 sumitur.
815 2005 955 2044 Omnis
984 2016 1079 2053 ergo
1110 2011 1283 2041 creatura
1309 2015 1389 2040 non
1418 2002 1535 2040 habet

201 2080 466 2130 possessiones
490 2079 562 2117 nisi
590 2091 637 2116 ex
664 2084 811 2124 mutuo,
833 2077 938 2115 iuxta
966 2075 1059 2114 illud
1088 2075 1263 2125 apostoli,
1291 2087 1307 2112 1
1332 2074 1381 2112 ad
1402 2074 1532 2111 Thim.

200 2151 246 2189 vi.
275 2160 333 2200 17,
353 2150 547 2188 Divitibus
565 2150 676 2187 huius
694 2150 810 2186 seculi
826 2149 974 2198 precipe
998 2160 1070 2184 non
1099 2147 1250 2184 sublime
1274 2153 1398 2196 sapere
1410 2159 1429 2190 ,·
1460 2159 1532 2183 non

199 2230 350 2272 sperare
382 2223 421 2259 in
455 2224 590 2260 incerto
620 2222 857 2266 diviciarum,
887 2220 952 2257 sed
978 2220 1017 2256 in
1050 2218 1130 2256 Deo
1163 2220 1233 2267 qui
1250 2222 1399 2267 prestat
1430 2218 1531 2255 nobis

200 2294 368 2332 habunde
405 2295 527 2331 omnia
565 2294 618 2330 ad
637 2293 862 2344 fruendum.
924 2291 1039 2338 Ecce,
1079 2291 1184 2340 quod
1232 2290 1339 2328 Deus
1387 2296 1530 2339 prestat
1544 2301 1716 2341 wlgogzvqtu
1730 2302 1817 2327 mall

148 2383 189 2414 30
202 2365 425 2403 hominibus
455 2365 641 2415 quidquid
673 2364 841 2402 habent:
885 2369 921 2400 et
953 2362 1041 2400 hinc
1075 2363 1115 2399 in
1148 2353 1393 2399 oracionibus
1427 2361 1530 2398 canit
1541 2335 1641 2402 ἔξιῦἷῖῗ
1653 2335 1786 2367 mmyw

201 2436 373 2483 ecclesia,
412 2437 561 2482 Presta,
600 2447 805 2485 quesumus,
843 2433 918 2472 hoc
956 2433 1013 2470 vel
1051 2432 1154 2470 illud.
1212 2432 1398 2470 Creatura
1436 2443 1530 2481 ergo

236 2544 274 2568 19.
297 2533 571 2567 thetragramatkon
584 2533 625 2559 A:
647 2531 884 2567 tetragamaffian
899 2530 921 2556 B
936 2537 941 2556 :
964 2532 1181 2563 tetragramaton
1195 2529 1227 2556 C.
1286 2539 1326 2562 ²7·
1346 2537 1401 2555 non
1413 2531 1532 2562 sperare

200 2569 226 2596 A
238 2569 260 2595 C
271 2576 278 2595 ε
298 2578 347 2595 nec
359 2572 459 2601 sapere
472 2568 503 2593 B.
609 2568 649 2593 28.
664 2569 780 2599 prestat
791 2566 902 2600 (pstat)
915 2565 937 2590 B
949 2572 954 2590 t
968 2565 1043 2597 th
1056 2566 1082 2590 A
1091 2564 1121 2591 C.

246 2657 295 2680 11.
320 2648 419 2679 From
434 2646 490 2678 the
506 2646 621 2678 Gloria
638 2645 670 2677 in
688 2645 834 2677 Excelsis
849 2646 881 2676 in
898 2643 953 2676 the
970 2643 1095 2676 Missal.

246 2710 297 2740 19.
322 2700 396 2732 Nic.
411 2699 452 2729 de
469 2699 552 2740 Lyra
569 2698 694 2729 Postill.
706 2699 738 2728 in
754 2698 813 2729 Ex.
827 2697 883 2736 vi.,
902 2696 1011 2728 Biblia
1029 2706 1117 2728 sacra
1134 2707 1207 2728 cum
1227 2696 1337 2738 glossa
1355 2696 1529 2735 ordinaria,

204 2762 230 2783 1.
249 2761 320 2793 534,
341 2751 462 2783 Venice
482 2750 576 2789 1603,
593 2750 685 2781 folio.

247 2816 296 2847 25.
322 2807 372 2838 Cf.
388 2807 428 2837 de
445 2806 534 2837 civili
551 2806 650 2836 Dom.
669 2805 688 2835 i.
710 2815 759 2837 20.

917 2878 979 2905 C2
