2008 3305
186 188 239 240 36
863 194 926 225 DE
960 193 1180 225 DOMINIO
1214 193 1393 224 nrero
1632 181 1738 239 [CAP.
1756 195 1794 223 v.

184 308 438 368 ἓὲῑξξέςῖξζξὲῑξέ
524 310 574 346 Et
604 322 672 358 per
700 310 770 346 ista
800 309 1023 358 responderi
1048 315 1175 358 potest
1205 309 1357 345 duobus
1387 307 1622 356 argumentis
1652 307 1799 344 domini
1814 311 1902 352 [11])

182 376 445 440 ξῇξιζῗὲξὴῗξζζὲῑ
470 380 715 425 Ardmacani,
743 381 840 416 libro
867 380 1003 428 primo,
1026 379 1194 428 capitulo
1222 379 1348 423 xxvii„
1370 379 1507 427 quibus
1534 378 1700 427 probare
1728 378 1798 414 sibi
1810 384 1890 413 12A

183 442 431 474 ‘hesamethinff
469 450 617 488 videtur
643 450 749 499 quod
775 449 882 486 Deus
910 461 989 486 non
1016 456 1143 498 potest
1169 449 1215 486 de
1240 449 1376 486 eadem
1397 461 1434 485 re
1455 455 1637 486 manente
1659 448 1799 485 habere

182 519 442 584 ffirgffigaffifssffe
468 521 632 557 vicissim
661 520 807 557 diversa
835 520 1028 556 dominia:
1060 520 1183 567 primo
1203 531 1249 556 ex
1270 518 1343 556 hoc
1363 518 1468 568 quod
1488 518 1595 554 Deus
1615 517 1731 554 habet
1752 517 1799 553 de

182 586 442 644 gffjtdffiffiffi‘ZCL
468 591 635 639 qualibet
653 597 825 627 creatura
844 589 1059 626 dominium
1080 589 1344 638 plenissimum
1367 595 1402 625 et
1423 588 1796 625 sufficientissimum:
1812 596 1829 627 5

181 652 232 678 mit
245 652 277 678 Of
286 652 449 678 additi⁰¹¹²'
468 673 558 698 cum
588 661 700 709 igitur
713 661 879 711 frustra
895 660 950 709 fit
966 661 1168 708 perplura
1188 661 1285 708 quod
1290 663 1409 708 polest
1415 659 1514 708 fieri
1519 665 1592 707 per
1602 659 1801 707 pauciora,

465 731 554 781 quia
576 731 855 768 frustratorium
882 742 962 766 non
988 736 1115 778 potest
1138 729 1225 767 Deo
1250 736 1481 778 competere,
1505 729 1675 778 sequitur
1695 728 1801 777 quod

462 801 571 838 Deus
624 808 715 849 post
770 800 847 837 tale
898 800 1113 837 dominium
1152 800 1498 849 completissimum
1547 811 1625 836 non
1673 805 1800 847 potest

467 871 764 920 superaddendo
817 882 961 907 novum
1009 871 1216 919 acquirere.
1284 869 1335 907 Et
1382 869 1483 906 istud
1527 880 1660 905 verum
1707 880 1799 905 con-

462 942 633 979 cluderet
662 941 735 978 nisi
764 941 934 978 servitori
961 940 1156 978 adveniret
1182 952 1282 978 nova
1310 947 1492 985 creatura,
1515 940 1672 977 racione
1692 939 1799 976 cuius
1815 949 1853 970 10

462 1012 726 1061 acquireretur
753 1010 799 1047 de
828 1011 1001 1047 subiecto
1027 1011 1180 1048 racione
1207 1011 1263 1047 sui
1290 1010 1500 1047 accidentis
1528 1021 1672 1046 novum
1698 1009 1798 1046 acci-

180 1090 428 1150 ’ΪῗῖιὲιῃξὴίῐέἒὲῗιῗΥ-ΠΕ
464 1082 615 1119 dentale
650 1081 878 1118 dominium.
937 1080 1020 1118 Nec
1056 1081 1172 1117 habet
1203 1080 1309 1118 Deus
1345 1080 1391 1117 de
1423 1080 1593 1129 qualibet
1628 1087 1800 1117 creatura

180 1157 248 1183 with
261 1164 369 1190 respect
382 1158 413 1184 of
465 1152 829 1189 sufficientissimum
849 1157 885 1188 et
906 1151 1251 1199 completissimum
1272 1150 1500 1195 dominium,
1522 1150 1588 1187 sed
1609 1150 1731 1188 solum
1753 1149 1799 1186 de

180 1199 214 1215 ea
233 1192 249 1215 h
279 1192 283 1195 '

181 1192 451 1261 crssatffi‘ssgffitoffly
464 1222 708 1259 universitate
740 1228 867 1258 creata
894 1233 966 1270 pro
992 1227 1165 1270 tempore
1193 1227 1328 1258 eterno
1355 1226 1391 1257 et
1422 1221 1525 1257 nulla
1554 1220 1635 1257 eius
1665 1226 1772 1269 parte
1788 1232 1797 1265 ;

179 1258 370 1316 gzitpgrsegnre
465 1293 528 1330 illa
562 1293 664 1330 enim
695 1293 900 1328 dominacio
928 1298 985 1328 est
1013 1292 1053 1327 in
1082 1292 1184 1328 omni
1202 1292 1442 1340 generacione
1469 1295 1503 1327 el
1523 1291 1798 1339 generacionem
1814 1298 1851 1329 15

462 1375 537 1412 que
557 1362 626 1399 fuit
644 1362 703 1398 vel
724 1362 803 1406 erit,
825 1368 866 1398 ut
886 1361 976 1398 dicit
996 1361 1171 1399 Psalmus
1191 1361 1301 1398 cxliv.
1327 1374 1372 1409 13
1391 1374 1399 1397 z
1429 1366 1466 1397 et
1486 1361 1536 1397 ita
1556 1360 1603 1397 de
1631 1361 1800 1410 qualibet

460 1439 634 1471 creatura
661 1438 912 1481 permanente
941 1432 1056 1469 habet
1086 1431 1433 1480 completissimum
1464 1431 1545 1467 eius
1580 1430 1798 1467 dominium

461 1516 542 1541 non
562 1504 750 1552 adequate
776 1514 847 1551 pro
868 1502 1025 1539 instanti
1046 1502 1104 1539 vel
1124 1509 1231 1551 parte
1253 1502 1310 1539 sui
1332 1502 1503 1550 peryodi,
1525 1501 1593 1539 sed
1612 1502 1738 1550 primo
1758 1502 1798 1538 in

460 1580 542 1611 tota
571 1574 629 1610 sui
659 1573 841 1622 peryodo.
899 1572 950 1609 Et
970 1579 1074 1621 patet
1095 1573 1200 1621 quod
1221 1572 1407 1622 quotlibet
1431 1571 1503 1609 Dei
1525 1572 1697 1609 dominia
1716 1584 1797 1609 non

459 1651 624 1693 possunt
658 1643 833 1680 desinere
869 1643 916 1679 de
952 1643 1009 1679 sui
1049 1643 1227 1691 potencia
1261 1642 1446 1689 absoluta,
1483 1642 1551 1680 sed
1586 1642 1796 1679 secundum
1812 1653 1851 1673 20

459 1723 635 1764 partern;
675 1726 755 1751 non
789 1719 919 1749 autem
954 1713 1165 1749 secundum
1199 1719 1322 1750 totum
1353 1719 1514 1760 possunt
1544 1713 1724 1762 incipere,
1756 1720 1796 1750 ut

178 1792 387 1852 {geldossignmeeis
461 1792 565 1834 patet
590 1785 637 1821 de
661 1791 847 1832 tempore.
905 1783 1021 1820 Unde
1042 1789 1145 1832 patet
1165 1783 1299 1832 triplex
1321 1783 1424 1820 racio
1444 1784 1547 1820 unde
1569 1783 1671 1820 solus
1688 1783 1795 1821 Deus

361 1847 368 1858 '
463 1862 587 1905 potest
624 1855 738 1903 plene
777 1854 941 1902 tempori
980 1853 1192 1890 dominari:
1241 1853 1379 1901 primo,
1418 1853 1509 1902 quia
1546 1859 1699 1902 tempus
1737 1860 1795 1891 est

460 1926 617 1963 duracio
645 1924 791 1970 mundi,
815 1936 890 1972 que
920 1936 1000 1961 non
1030 1930 1155 1972 potest
1182 1923 1303 1960 alcius
1332 1923 1349 1942 ’¹‘
1380 1923 1592 1969 deservire;
1623 1924 1837 1964 secundOB

458 1997 548 2045 quia
569 1995 784 2033 dominium
805 1994 989 2043 temporis
1015 2001 1073 2031 est
1099 1994 1304 2031 subiective
1328 1994 1482 2043 ubique,
1503 2000 1540 2031 et
1564 2006 1632 2042 per
1659 2006 1794 2032 conse·
1809 2013 1847 2045 25

457 2078 582 2115 quens
611 2066 693 2103 eius
722 2077 836 2111 usus;
867 2072 903 2102 et
933 2065 1051 2101 tercio
1080 2065 1169 2112 quia
1199 2071 1351 2112 tempus
1382 2064 1496 2101 habet
1527 2065 1793 2102 extensionem

459 2136 725 2181 successivam,
751 2136 846 2172 sicut
873 2141 910 2171 et
936 2135 1017 2172 eius
1043 2135 1269 2180 dominium,
1297 2134 1403 2184 quod
1430 2135 1583 2172 racione
1610 2135 1794 2172 inmensi-

459 2207 545 2243 tatis
565 2206 776 2243 eternitatis
797 2212 852 2242 est
872 2205 959 2242 Deo
979 2205 1188 2253 proprium.
1244 2204 1294 2241 Et
1315 2205 1403 2241 hinc
1425 2204 1608 2250 Salvator,
1631 2218 1699 2254 per
1719 2204 1792 2242 hoc

458 2277 562 2325 quod
577 2276 669 2313 dixit
684 2288 724 2313 se
746 2276 968 2324 simpliciter
981 2275 1185 2311 Dominum
1206 2275 1353 2311 sabbati
1366 2274 1504 2324 (Math.
1518 2275 1580 2311 xii.
1600 2277 1621 2311 8
1644 2281 1681 2312 et
1698 2274 1791 2312 Luc.

457 2349 504 2384 vi,
528 2347 580 2396 5),
604 2348 790 2384 innuebat
812 2359 850 2383 se
872 2359 957 2383 esse
979 2346 1118 2390 Deum,
1139 2352 1174 2382 et
1196 2358 1265 2394 per
1285 2345 1730 2394 consequens'faciendo
1753 2346 1791 2382 in
1806 2354 1846 2384 30

180 2420 441 2485 gfffffijesssffihas
462 2419 625 2454 sabbato
659 2417 843 2454 miracula
882 2429 962 2454 non
1001 2416 1129 2465 ipsum
1164 2416 1323 2453 solvere.
1391 2415 1626 2453 Conceditur
1660 2422 1791 2453 tamen

179 2487 322 2519 ¹0¹⁶⁵¹³³P>=
463 2489 660 2525 hominem
692 2488 730 2523 in
764 2494 869 2536 parte
905 2487 1046 2524 habere
1085 2498 1198 2523 usum
1237 2487 1432 2534 temporis,
1468 2498 1547 2523 non
1586 2492 1716 2523 tamen
1749 2493 1791 2523 ut

493 2574 515 2590 2.
535 2565 630 2589 xxvii.
647 2563 719 2590 AC:
741 2573 772 2595 25
788 2564 818 2588 B.
978 2564 1002 2588 6.
1015 2563 1061 2595 fit
1075 2563 1114 2588 B:
1134 2564 1173 2588 sit
1187 2562 1256 2588 Ac.
1291 2562 1636 2595 qnodpotestfie2-2·AC:
1656 2564 1794 2595 quofim·

452 2600 547 2629 potest
562 2598 591 2622 B.
681 2607 717 2622 11.
739 2598 944 2628 acquireretur
956 2597 981 2622 A
991 2597 1014 2622 C
1027 2604 1032 2621 :
1053 2597 1227 2628 acquiretur
1240 2596 1270 2621 B.
1383 2606 1423 2628 23.
1438 2596 1538 2628 primo
1552 2596 1574 2621 B
1588 2603 1594 2621 :
1607 2598 1710 2628 prima
1724 2596 1790 2623 AC.

458 2641 496 2662 24.
519 2632 614 2656 alcius
627 2631 651 2655 A
663 2631 702 2656 C:
723 2631 847 2656 alterins
864 2631 894 2655 Β.

504 2691 530 2712 2.
558 2682 598 2712 R.
618 2680 810 2721 FitzRalph,
827 2681 867 2711 de
885 2682 986 2721 Paup.
1004 2679 1091 2711 Salv.
1110 2680 1129 2710 i.
1151 2686 1188 2720 27
1208 2680 1227 2710 f.
1246 2689 1281 2709 12
1298 2688 1329 2717 B,
1347 2688 1377 2710 C.

501 2732 532 2762 6.
558 2733 712 2767 Frustra,
740 2734 822 2763 &c.:
853 2732 974 2772 quoted
1002 2732 1033 2762 in
1060 2731 1111 2762 De
1135 2731 1224 2762 civili
1250 2731 1349 2762 Dom.
1375 2732 1397 2763 i.
1423 2740 1465 2772 44
1489 2742 1519 2772 p.
1546 2741 1621 2772 401,
1645 2741 1680 2762 as
1704 2730 1789 2763 from

457 2785 557 2814 Arist.
576 2784 661 2823 Phys
690 2784 708 2814 i.
731 2784 766 2824 [4
783 2795 819 2814 or
836 2784 904 2824 (fij.
