2008 3305
43 214 237 272 CAP.111.]
595 226 660 257 DE
693 226 935 258 PAUPERIE
969 224 1277 257 SALVATORIS.
1778 214 1856 257 281

172 333 245 375 213]
262 329 332 363 hoc
350 330 462 364 verbo
479 339 589 374 rego:
614 329 771 373 amplius
795 336 917 363 tamen
939 329 1078 364 habent
1104 329 1139 363 in
1166 341 1275 364 sensu
1299 340 1408 373 quam
1427 329 1580 363 verbum

261 387 391 431 ipsum,
417 387 555 422 scilicet
581 387 784 421 dominium
811 387 848 421 in
879 387 1000 431 ipsum
1030 398 1184 431 regnum
1214 387 1384 429 habente,
1410 395 1580 432 respectu

258 444 375 479 tocius
394 445 491 490 quod
511 445 727 489 supponitur
745 457 807 480 sue
832 445 930 489 regie
954 445 1123 490 dignitati
1141 458 1150 487 ;
1176 446 1329 479 verbum
1348 457 1434 480 vero
1457 456 1581 490 regere

259 502 462 537 dominium
481 515 554 537 non
574 503 758 548 importat.

227 575 244 606 5
308 562 396 596 IOH.
424 561 590 605 Qualiter
616 573 678 595 rex
708 560 882 595 affirmari
912 560 1029 605 possit
1059 560 1231 596 dominus
1261 561 1425 605 bamnie,
1456 566 1495 595 ut
1524 568 1578 596 est

257 625 397 653 tactum
416 630 538 663 supra,
557 630 632 653 non
651 619 770 662 video,
797 630 840 653 ex
867 630 939 663 quo
966 630 1034 653 nec
1053 619 1213 653 vendere
1239 618 1430 654 baroniam
1457 626 1578 664 potest

258 688 327 711 nec
345 677 433 711 dare
451 688 519 711 nec
536 677 648 711 libere
666 677 905 721 proventibus
923 676 1002 711 eius
1021 676 1083 711 uti.

304 735 390 769 RIC.
420 735 540 779 Supra
557 734 622 769 tibi
641 734 813 778 respondi
833 735 932 779 quod
949 735 1021 769 tale
1041 733 1244 768 dominium
1262 745 1334 769 non
1356 740 1411 769 est
1430 735 1580 778 plenum

257 799 320 826 aut
336 792 517 836 integrum
533 805 540 836 ;
568 799 623 827 set
641 792 727 837 quia
744 792 813 827 sibi
840 799 1053 837 competunt
1080 791 1190 837 aliqui
1208 798 1312 827 actus
1332 792 1499 836 dominii,
1518 792 1579 837 qui

206 859 245 883 10
258 857 341 884 sunt
366 850 503 895 proprii
529 857 632 885 actus
659 850 748 893 eius,
775 850 858 884 ideo
885 861 953 884 suo
978 850 1090 883 modo
1108 856 1260 884 vocatur
1285 856 1320 884 et
1344 857 1443 885 extat
1462 850 1580 884 domi-

256 908 368 942 nium.
432 908 566 942 Nullus
595 907 693 942 enim
720 908 790 942 nisi
819 908 990 942 dominus
1024 914 1147 952 potest
1179 908 1397 943 auctoritate
1431 908 1580 953 propria

255 965 436 1000 minorem
451 965 642 1000 dominum
660 965 730 1000 sibi
750 965 955 1000 subiectum
981 966 1201 1010 compellere
1227 966 1275 1000 ad
1302 972 1471 1011 sumptus
1489 967 1579 1001 saci-

254 1024 382 1067 endos,
409 1030 445 1058 et
472 1031 639 1068 sumptus
665 1024 757 1059 tales
783 1023 819 1058 in
845 1035 932 1058 casu
958 1023 1004 1058 de
1030 1023 1135 1058 bonis
1161 1023 1310 1058 alterius
1334 1024 1465 1067 facere,
1484 1025 1579 1060 sicut

39 1086 129 1118 bonis
139 1094 242 1118 om.B.
256 1093 367 1127 supra
385 1082 649 1127 descripsimus
666 1093 793 1126 regem
819 1093 929 1126 posse
951 1082 1072 1116 facere
1090 1082 1136 1116 de
1155 1082 1260 1117 bonis
1278 1083 1425 1117 baronis
1446 1095 1452 1117 :
1480 1083 1579 1118 unde

207 1139 329 1180 15ista
347 1139 520 1183 dominia,
540 1140 743 1175 secundum
768 1140 839 1174 hoc
865 1140 963 1184 quod
988 1140 1107 1184 magis
1134 1146 1196 1174 aut
1222 1140 1342 1175 minus
1368 1141 1505 1175 habent
1534 1141 1580 1175 de

254 1197 473 1232 auctoritate
521 1198 680 1243 propria,
728 1204 896 1242 respectu
942 1204 1090 1232 actuum
1136 1197 1368 1242 propriorum
1411 1198 1578 1242 dominii,

254 1255 425 1289 dicuntur
450 1255 616 1290 dominia
641 1255 758 1299 magis
787 1262 850 1290 aut
876 1255 1033 1299 amplius
1061 1255 1245 1290 disiuncta
1271 1262 1380 1300 atque
1406 1257 1579 1301 perfecta.

254 1313 311 1346 Ex
338 1312 417 1347 istis
438 1313 550 1355 vales,
569 1313 599 1347 si
618 1313 717 1356 velis,
745 1313 937 1348 attendere
964 1313 1120 1357 qualiter
1144 1313 1200 1347 ius
1226 1314 1353 1348 utendi
1371 1326 1393 1348 a
1411 1314 1577 1349 dominio

255 1369 301 1404 sit
330 1369 564 1414 distinctum;
602 1370 776 1415 quoniam
809 1382 918 1405 omne
961 1370 1169 1404 dominium
1211 1377 1265 1405 est
1308 1371 1488 1406 veraciter
1523 1372 1577 1406 ius
1593 1372 1822 1413 Distinctionssq-

202 1438 242 1460 20
255 1427 393 1471 utendi,
421 1427 527 1462 sicud
555 1428 677 1463 omnis
711 1429 916 1473 proprietas
950 1434 1005 1463 est
1040 1428 1257 1471 dominium,
1292 1440 1368 1463 non
1402 1408 1856 1474 econtra;{vrigegfsl‘izzgzzczz'iim

254 1485 429 1530 quoniam
448 1485 502 1520 ius
522 1486 649 1520 utendi
669 1498 742 1521 non
767 1498 913 1531 semper
934 1493 988 1521 est
1013 1486 1229 1529 dominium,
1249 1498 1332 1521 cum
1356 1499 1450 1522 unus
1473 1489 1577 1523 alteri

253 1543 369 1588 possit
389 1544 592 1578 concedere
609 1545 660 1579 uti
679 1556 717 1579 re
735 1556 812 1587 sua,
827 1545 864 1578 in
885 1545 965 1589 ipso
983 1544 1209 1579 concedente
1226 1552 1442 1580 remanente
1461 1546 1578 1581 domi-

254 1601 340 1635 nio:
367 1601 506 1636 habent
524 1601 623 1636 enim
641 1601 808 1636 locatarii
834 1608 870 1637 et
898 1602 1181 1636 commodatarii
1207 1609 1243 1637 et
1269 1603 1452 1639 licenciati
1471 1605 1579 1639 rebus

256 1658 325 1693 sibi
350 1659 481 1693 locatis
505 1665 540 1694 et
569 1659 815 1694 commodatis
842 1660 890 1694 ab
920 1659 1002 1695 aliis
1030 1659 1086 1694 ius
1113 1661 1253 1704 utendi,
1283 1667 1319 1696 et
1347 1667 1473 1696 tamen
1504 1673 1579 1696 non

203 1725 241 1757 25
256 1716 395 1751 habent
415 1717 452 1751 in
471 1716 540 1751 illis
560 1718 667 1752 rebus
686 1717 903 1752 dominium.

304 1775 393 1809 IOH.
421 1775 525 1809 Istud
553 1774 642 1810 satis
669 1775 833 1819 attendo,
864 1782 899 1810 et
927 1776 1047 1821 placet
1081 1775 1159 1810 istis
1186 1776 1397 1813 nominibus
1427 1777 1479 1812 uti
1507 1778 1579 1812 hoc

255 1832 379 1866 modo.
429 1832 502 1867 Dic
522 1832 679 1878 qualiter
703 1833 889 1877 possessio
915 1845 937 1868 a
963 1833 1127 1868 dominio
1153 1840 1189 1869 et
1213 1834 1294 1869 aliis
1315 1834 1505 1880 principiis
1522 1842 1577 1870 est

255 1889 441 1925 distincta.

303 1948 391 1981 RIC.
419 1948 610 1983 Possessio
635 1954 691 1983 est
718 1948 955 1984 immediatus
980 1949 1118 1985 fructus
1146 1962 1210 1985 seu
1235 1950 1389 1986 effectus
1415 1950 1578 1994 dominii,
1593 1964 1764 1991 Distinction
1778 1965 1824 1991 be-

202 2016 243 2047 30
256 2005 400 2040 medius
434 2005 528 2040 inter
561 2006 765 2041 dominium
798 2007 849 2042 rei
879 2014 915 2042 et
948 2019 1056 2042 usum
1085 2008 1223 2053 ipsius;
1263 2009 1440 2053 quoniam
1467 2021 1578 2044 nemo
1591 1999 1857 2065 ἑζὲῗθῇζζζξζξωη

255 2063 397 2098 habens
416 2063 620 2098 dominium
638 2071 759 2109 potest
777 2065 828 2099 uti
854 2076 921 2099 suo
947 2065 1113 2100 dominio
1138 2065 1209 2101 nisi
1234 2066 1336 2111 prius
1362 2079 1441 2101 rem
1458 2068 1578 2102 domi-

254 2128 383 2155 natam
400 2121 600 2166 possideat,
619 2129 655 2157 et
681 2122 869 2167 possessio
895 2123 946 2158 rei
974 2123 1020 2158 de
1047 2123 1192 2158 iusticia
1217 2124 1370 2159 domino
1397 2125 1577 2161 debetur:

254 2179 352 2213 unde
379 2185 524 2213 constat
550 2180 651 2224 quod
676 2179 757 2224 ipsa
782 2181 969 2225 possessio
996 2193 1018 2215 a
1044 2181 1210 2216 dominio
1237 2194 1303 2216 suo
1330 2182 1580 2227 distinguitur.

255 2238 319 2272 Set
338 2237 384 2272 de
402 2237 472 2272 hiis
492 2237 585 2272 infra
602 2237 728 2283 apcior
744 2238 812 2273 erit
830 2238 933 2273 locus
952 2238 1119 2274 diffusius
1136 2240 1404 2284 perscrutandi.

201 2361 240 2392 35
305 2350 534 2385 IOHANNES.
587 2351 702 2395 Perge
737 2361 825 2395 ergo
860 2351 1020 2396 ulterius,
1058 2352 1144 2397 quia
1177 2365 1286 2388 usum
1319 2355 1471 2389 credam
1504 2355 1579 2389 dis·
1598 2354 1668 2388 ΙΙΙ.

255 2407 410 2442 tinctum
437 2409 485 2442 ab
515 2408 596 2443 aliis
625 2408 825 2453 principiis,
854 2410 971 2444 donec
997 2410 1147 2445 inferius
1174 2423 1240 2445 suo
1267 2412 1348 2446 loco
1375 2424 1485 2457 super
1509 2414 1580 2447 hoc
1592 2411 1737 2470 &⁴3⁵de
1753 2410 1859 2444 always

254 2465 472 2510 inquirendo
496 2466 667 2501 obiciam.
718 2467 852 2501 Fuitne
872 2468 976 2502 Deus
998 2468 1118 2503 factus
1141 2469 1314 2504 dominus
1336 2482 1381 2504 ex
1402 2476 1577 2515 tempore,

254 2523 331 2557 sive
349 2523 385 2557 in
404 2531 578 2568 tempore,
598 2524 676 2558 sive
694 2531 780 2559 ante
797 2531 943 2569 tempus
963 2525 1150 2570 inceptum
1165 2529 1176 2561 ?

300 2582 527 2616 RICARDUS.
556 2583 658 2616 Deus
681 2582 852 2617 dominus
871 2583 1004 2617 dicitur
1021 2584 1173 2618 relative
1191 2585 1356 2629 adextra‚
1374 2591 1411 2620 et
1437 2587 1484 2620 ob
1507 2587 1577 2621 hoc

198 2649 241 2679 40
254 2639 302 2672 ad
320 2645 526 2673 creaturam
545 2639 598 2673 sic
616 2640 769 2675 dicitur:
797 2652 926 2675 verum
945 2641 1029 2685 quia
1047 2642 1082 2675 in
1103 2642 1340 2687 philosophia
1357 2644 1577 2688 Aristotelis,

254 2702 385 2730 octavo
413 2696 654 2739 Phisicorum,
673 2697 835 2732 didicisti
854 2699 953 2743 quod
971 2710 1028 2733 res
1046 2711 1268 2744 permanens
1287 2701 1447 2745 primum
1465 2703 1578 2738 habet

186 2759 243 2789 3A
257 2753 422 2788 essencie
436 2753 458 2775 ÷÷
473 2766 547 2797 sue,
567 2766 641 2789 non
660 2755 828 2789 ultimum
844 2768 851 2799 ;
879 2762 1025 2800 tempus
1044 2769 1131 2792 vero
1150 2758 1317 2793 essencie
1337 2771 1400 2793 sue
1419 2760 1578 2804 primum

255 2823 328 2845 non
359 2812 483 2856 habet,
510 2819 544 2847 et
570 2812 806 2848 nihilominus
834 2814 1040 2849 subiectum
1065 2826 1284 2859 permanens
1310 2818 1576 2862 presupponit3
