2008 3305
193 231 279 261 CAP.
297 217 356 276 v.]
650 229 793 261 LIBER
825 229 1048 262 TERTIUS.
1714 227 1795 269 239

74 345 175 387 83A]
190 343 239 381 Et
258 344 363 393 quod
383 343 510 381 omnis
528 344 613 381 talis
633 344 763 393 gracia
789 344 836 381 sit
862 344 1094 393 contingens
1117 348 1222 392 patet
1247 354 1294 380 ex
1315 342 1391 380 hoc
1412 341 1518 391 quod

190 414 316 451 omnis
336 414 471 451 volicio
492 426 569 463 qua
592 414 698 451 Deus
719 414 796 452 vult
822 414 978 464 aliquod
998 413 1151 451 volibile
1180 419 1288 450 extra
1314 413 1441 461 ipsum
1461 417 1517 450 est

190 484 445 532 contingens;
477 484 603 522 omnis
632 484 852 522 huiusmodi
881 484 1009 533 gracia
1037 489 1096 521 est
1124 483 1210 520 talis
1234 483 1394 529 volicio;
1425 494 1518 530 ergo

190 553 390 592 conclusio
411 553 540 603 quoad
560 554 724 603 primam
744 560 904 603 partem.
960 553 1011 591 Et
1037 553 1209 591 secunda
1236 564 1326 601 pars
1346 558 1448 601 patet
1468 564 1516 589 ex
1530 553 1728 613 iaffffiereoeive
1739 586 1798 612 also

145 630 175 659 Β
190 624 264 662 hoc
285 624 391 673 quod
412 622 430 643 *
453 624 581 662 omnis
609 624 695 661 talis
721 624 850 673 gracia
879 636 967 662 cum
987 623 1132 661 veritati
1158 623 1459 672 correspondeat
1478 623 1518 659 in
1530 621 1643 648 created
1655 629 1747 653 grace·

189 694 339 741 effectu,
360 700 509 744 oportet
529 694 636 744 quod
663 695 899 743 gratificatus
926 695 973 732 sit
999 694 1272 732 denominatus
1302 693 1517 731 accidenta-

190 765 274 802 liter
294 772 424 814 gratus
445 765 556 812 Deo;
587 772 624 803 et
649 765 711 803 illa
736 765 1006 803 denominacio
1037 764 1282 802 accidentalis
1311 770 1368 802 est
1388 764 1520 813 gracia

190 848 308 885 quam
346 835 544 885 rectiloqui
581 842 803 884 posuerunt.
878 836 928 873 Et
974 841 1080 884 patet
1115 847 1233 884 quam
1272 842 1519 873 monstruose

191 906 345 955 sapiunt
364 906 429 955 qui
448 912 599 955 ponunt
618 906 788 955 graciam
816 905 1038 943 huiusmodi
1066 917 1150 942 rem
1178 911 1282 943 tante
1303 905 1520 942 substancie

140 988 180 1010 10
192 976 297 1025 quod
326 976 466 1026 poterit
499 989 567 1025 per
601 989 642 1014 se
674 988 757 1014 esse
774 989 784 1022 ;
814 977 904 1026 quia
932 976 1037 1014 idem
1068 983 1167 1014 esset
1198 976 1273 1014 hoc
1307 988 1450 1025 ponere
1484 980 1521 1012 et

190 1059 334 1096 ponere
364 1046 469 1096 quod
502 1053 674 1084 creatura
706 1047 963 1095 gratificabilis
996 1047 1205 1097 aliquando
1234 1059 1316 1084 non
1345 1047 1401 1092 sit,
1429 1058 1519 1084 cum

190 1118 264 1155 hoc
284 1124 416 1154 tamen
437 1117 541 1166 quod
569 1124 659 1155 tunc
681 1117 726 1154 sit
747 1124 855 1166 grata
874 1117 1160 1155 accidentaliter
1180 1118 1289 1165 Deo;
1319 1118 1394 1155 hoc
1415 1117 1518 1154 enim

190 1194 248 1225 est
266 1188 396 1237 gracia
415 1188 634 1225 subiectiva.
691 1187 742 1225 Et
772 1189 810 1226 in
835 1188 951 1225 istum
974 1200 1143 1226 errorem
1164 1200 1341 1238 grossum
1364 1194 1521 1238 propter

191 1258 383 1296 defectum
403 1258 679 1307 methaphisice
700 1259 815 1296 credo
836 1258 1034 1308 Pelagium
1055 1271 1145 1297 cum
1169 1259 1246 1297 suis
1267 1259 1520 1308 complicibus

140 1329 396 1369 15incidisse:
435 1329 564 1378 posuit
592 1329 697 1366 enim
727 1329 927 1367 hominem
960 1341 1076 1379 posse
1111 1330 1247 1367 mereri
1279 1330 1362 1367 sine
1393 1335 1520 1366 creata

191 1400 330 1449 gracia,
362 1399 450 1437 licet
483 1399 592 1437 detur
623 1400 783 1437 merenti
818 1399 867 1437 ad
900 1400 1027 1449 ipsum
1062 1399 1337 1445 facilitandum,
1370 1406 1407 1436 et
1439 1411 1521 1437 non

189 1471 390 1521 requiritur
409 1470 594 1516 absolute,
616 1471 713 1508 sicut
742 1476 847 1519 patet
866 1483 934 1520 per
954 1470 1226 1519 Augustinum,
1257 1471 1354 1508 libro
1382 1482 1451 1508 suo
1472 1470 1520 1507 de

191 1541 415 1588 Heresibus,
437 1540 561 1578 heresi
588 1541 744 1586 lxxxix„
774 1541 839 1578 ubi
869 1541 1039 1578 declarat
1068 1541 1174 1591 quod
1204 1541 1347 1578 heresis
1376 1541 1522 1590 Pelagii

193 1618 267 1650 stat
299 1612 339 1648 in
370 1617 530 1660 septem.
586 1611 749 1649 Indubie
782 1611 866 1649 talis
897 1624 957 1649 res
992 1611 1238 1661 superaddita
1269 1612 1517 1656 naturalibus,

140 1695 180 1717 20
193 1695 268 1733 que
299 1683 439 1732 poterit
472 1695 541 1731 per
575 1694 614 1720 se
647 1695 743 1729 esse,
783 1695 855 1720 nec
886 1682 956 1719 fuit
988 1683 1134 1720 intenta
1167 1683 1216 1719 ab
1247 1682 1427 1732 apostolo
1462 1682 1521 1720 vel

193 1754 336 1791 sanctis
357 1753 587 1798 doctoribus,
612 1765 682 1791 nec
706 1759 834 1802 potest
859 1753 1013 1791 racione
1033 1752 1093 1791 vel
1120 1753 1343 1790 auctoritate
1370 1752 1521 1790 fundari

193 1823 452 1873 probabiliter,
484 1824 515 1861 si
536 1836 615 1862 non
635 1823 756 1861 fallor.
815 1823 892 1861 Sed
914 1824 1110 1861 sentencia
1134 1824 1299 1873 apostoli
1329 1831 1386 1861 est
1414 1824 1521 1861 lucu-

191 1894 311 1932 lenter
330 1894 546 1940 fundabilis,
568 1894 673 1943 quod
695 1907 811 1932 nemo
839 1901 966 1944 potest
991 1896 1127 1933 mereri
1149 1895 1290 1945 aliquid
1316 1896 1389 1933 nisi
1416 1896 1523 1933 Deus

192 1977 240 2002 ex
261 1971 392 2002 eterna
420 1965 549 2014 gracia
577 1965 692 2003 faciat
722 1977 812 2003 eum
842 1973 1005 2015 gratum,
1036 1979 1084 2003 ex
1114 1979 1190 2016 qua
1218 1966 1444 2015 gratitudine
1466 1967 1523 2004 vel

140 2045 177 2076 25
193 2037 322 2085 gracia
350 2036 571 2074 naturaliter
599 2036 726 2085 previe
751 2036 934 2085 requisita
962 2037 1135 2086 precedit
1161 2037 1421 2087 quodcunque
1441 2050 1522 2075 me-

152 2107 305 2144 critum
334 2113 515 2144 creature.
573 2105 688 2144 Unde
714 2114 869 2156 propter
890 2108 1049 2145 verbum
1072 2107 1090 2127 *
1113 2108 1340 2146 infundendi
1364 2109 1523 2158 quidam

192 2178 241 2215 ad
263 2183 412 2214 tantum
432 2177 626 2226 desipiunt
646 2177 751 2226 quod
771 2184 919 2226 ponunt
940 2179 1111 2227 graciam
1129 2191 1244 2228 posse
1264 2179 1524 2216 indifferenter

193 2248 233 2285 in
262 2248 434 2297 quolibet
465 2260 627 2296 corpore
657 2260 725 2296 per
754 2259 794 2285 se
823 2248 919 2297 poni
947 2255 984 2286 et
1014 2249 1063 2286 ad
1093 2249 1255 2286 modum
1282 2249 1523 2298 leguminum

193 2318 387 2355 inhauriri.
443 2318 520 2355 Alii
546 2323 685 2362 autem,
713 2318 819 2366 quod
847 2324 979 2367 posset
1008 2319 1103 2367 poni
1130 2319 1170 2356 in
1197 2319 1325 2368 lapide
1349 2320 1406 2357 vel
1439 2320 1522 2356 ubi-

140 2389 284 2431 3olibet
303 2401 371 2437 per
390 2400 430 2425 se
450 2389 585 2437 ipsam,
609 2388 677 2426 sed
704 2400 785 2426 non
814 2395 946 2438 posset
972 2389 1178 2427 informare
1207 2397 1365 2439 propter
1385 2390 1523 2439 inepti-

192 2459 377 2504 tudinem,
414 2459 488 2496 nisi
534 2465 693 2508 propter
733 2460 954 2508 potenciam
992 2460 1197 2497 volitivam.
1269 2460 1344 2498 Alii
1382 2468 1524 2507 autem,

192 2536 361 2567 errantes
381 2529 420 2566 in
441 2530 642 2579 questione
667 2530 759 2579 quid
786 2536 843 2567 est
866 2530 1008 2579 gracia,
1037 2537 1189 2580 ponunt
1219 2530 1324 2580 quod
1344 2525 1450 2568 nulla
1467 2538 1524 2569 est

192 2606 316 2649 preter
344 2600 621 2638 substanciam„
678 2600 725 2637 In
754 2600 850 2638 tales
879 2612 1027 2638 errores
1056 2607 1215 2650 propter
1243 2607 1401 2651 peccata
1429 2602 1523 2639 inci-

261 2731 284 2754 5.
307 2724 316 2751 11
330 2722 408 2754 quod
419 2722 441 2747 Β
455 2731 503 2755 249
518 2731 541 2747 B.
782 2731 822 2754 25.
838 2723 970 2755 precedit
983 2723 1067 2749 A²C:
1082 2723 1215 2755 percedz't
1226 2723 1272 2755 Al⁷
1280 2724 1412 2755 procedit
1427 2723 1461 2750 B.

415 2818 462 2852 17.
489 2813 627 2852 August.
644 2812 684 2842 de
702 2812 839 2843 Haeres.
858 2812 1014 2850 lxxxviii„
1034 2813 1123 2854 Opp.
1142 2814 1171 2844 8.
1192 2822 1228 2853 25
1246 2823 1311 2854 seq.
