2095 3278
60 177 145 206 CAP.
165 162 261 220 ΧΠ]
595 173 659 204 DE
692 172 935 205 PAUPERIE
968 171 1282 204 SALVATORIS,
1797 180 1820 221 3
1825 175 1878 221 53

168 281 261 321 1913]
275 275 384 319 facto,
403 275 433 310 si
459 287 524 320 per
548 287 751 320 pronomen
772 276 882 310 illum
909 275 1154 319 intelligamus
1173 276 1467 310 demonstratum
1488 277 1599 311 Para-

275 334 407 376 disum,
427 345 511 368 cum
531 333 729 368 Paradisus
753 333 858 368 fuerit
884 333 966 375 Dei,
986 333 1080 367 sicut
1098 333 1238 367 domini
1265 333 1367 367 cuius
1394 333 1600 368 dominium

277 391 330 436 (ut
357 403 467 436 supra
496 391 630 436 patuit)
664 391 840 425 Paradiso
868 397 1043 425 manente
1076 392 1179 425 Deus
1208 402 1230 424 a
1257 402 1296 425 se
1322 391 1496 426 abdicare
1523 403 1599 425 non

274 449 402 493 potuit,
422 449 572 483 omnino
591 448 826 493 consequitur
843 449 940 493 quod
959 449 1080 491 homo,
1099 455 1137 482 ut
1157 448 1206 482 ibi
1225 448 1488 492 obsequeretur
1506 450 1599 492 Deo,

244 509 262 541 5
275 506 321 541 sit
339 506 492 551 positus,
512 507 712 549 scilicet,ut
731 506 799 540 sub
815 507 897 541 Deo
916 512 1013 540 esset
1030 505 1239 550 prepositus
1256 505 1444 540 Paradisi:
1472 506 1600 541 sivero
1614 514 1638 541 b.

274 576 340 609 pro
358 575 561 608 pronomen
578 565 689 598 illum
708 564 952 608 intelligamus
976 563 1165 598 hominem
1189 564 1483 598 demonstratum
1502 564 1601 598 idem

275 622 533 666 consequitur;
574 633 657 656 curn
692 623 795 656 Deus
827 621 986 656 hominis
1029 621 1124 655 illius
1159 621 1333 656 dominus
1371 634 1478 656 verus
1512 628 1600 656 tunc

274 679 402 723 fuerat,
429 686 464 714 et
494 679 545 714 ita
570 679 649 724 ipse
676 679 725 713 ibi
751 685 805 714 est
831 679 984 724 positus,
1010 685 1049 713 ut
1076 679 1144 713 sub
1171 680 1253 713 Deo
1281 679 1335 713 sui
1362 678 1477 723 ipsius
1504 686 1601 714 esset

274 737 481 781 prepositus
508 737 585 772 sive
603 743 748 779 custos;
775 737 828 771 sic
854 737 953 781 quod
976 736 1126 771 omnino
1151 736 1386 781 consequitur
1411 737 1601 772 hominem

225 795 312 829 10in
337 795 514 829 Paradiso
539 795 712 839 positum,
731 801 769 829 ut
795 794 844 829 ibi
874 796 956 829 Deo
984 793 1148 829 debitum
1174 796 1342 838 preberet
1369 795 1600 839 obsequium.

59 867 166 897 supi-a,
186 867 219 898 p.
277 854 381 896 Item,
401 853 562 887 adducta
588 852 755 897 superius
782 853 828 887 de
853 852 945 886 libro
971 851 1225 886 Ecclesiastici
1252 859 1287 887 et
1314 852 1509 897 Sapiencie
1535 864 1600 897 pa-
1614 870 1643 901 3,

60 908 133 940 347-
274 916 395 945 tenter
412 911 598 944 affirmant
617 911 714 955 quod
733 922 799 955 pro
817 910 1018 954 prestando
1040 911 1124 944 Deo
1143 910 1333 955 obsequio,
1353 910 1471 945 eciam
1494 911 1600 953 iusto,

275 968 412 1013 recepit
443 968 666 1002 dominium:
704 975 738 1003 et
768 968 1027 1002 nichilominus
1061 968 1160 1002 racio
1195 968 1416 1003 invincibilis
1447 968 1483 1002 id
1514 980 1602 1003 con-

275 1026 409 1070 vincit;
439 1037 522 1060 cum
540 1026 637 1060 enim
655 1027 703 1060 ad
720 1026 882 1060 hominis
900 1026 1105 1070 profectum
1124 1026 1330 1060 dominium
1357 1026 1455 1060 istud
1482 1026 1527 1060 sit
1551 1026 1602 1060 illi

224 1087 260 1119 15
276 1084 459 1126 collatum,
477 1095 546 1118 nec
572 1089 692 1128 potest
719 1083 788 1118 sibi
815 1084 992 1128 proficere
1017 1083 1088 1118 nisi
1115 1083 1315 1128 prestando
1341 1095 1406 1118 suo
1435 1084 1602 1118 Creatori

275 1141 503 1186 obsequium,
530 1141 681 1176 omnino
710 1141 946 1186 consequitur
975 1142 1074 1186 quod
1104 1153 1170 1186 pro
1201 1141 1379 1186 obsequio
1406 1142 1489 1176 Deo
1519 1153 1602 1187 pre-

275 1200 408 1235 stando
427 1199 569 1244 accepit
586 1199 674 1234 illud
693 1199 909 1234 dominium.

323 1314 552 1348 IOHANNES.
581 1315 665 1348 Hac
689 1313 837 1348 racione
863 1313 1019 1358 probare
1045 1313 1180 1358 poteris
1199 1313 1299 1358 quod
1325 1314 1437 1348 homo
1461 1313 1600 1358 primus
1614 1314 1702 1348 XII.

275 1371 465 1415 peccando
483 1371 642 1415 perdidit
659 1383 788 1406 omnes
806 1372 968 1414 virtutes,
986 1378 1021 1406 et
1039 1371 1157 1405 eciam
1175 1371 1339 1405 animam
1364 1371 1601 1417 racionalem‚
1613 1369 1796 1435 ἷξῇὲὲξῒγῗὲ
1825 1403 1881 1429 and

224 1440 264 1461 20
277 1428 361 1473 quia
379 1429 449 1463 ista
468 1428 546 1473 ipse
563 1429 705 1474 accepit
722 1440 789 1474 pro
808 1430 1008 1474 prestando
1028 1430 1110 1463 Deo
1130 1428 1318 1473 obsequio.
1613 1437 1656 1463 his
1669 1422 1810 1463 sou'la150'.

324 1487 551 1521 RICARDUS.
577 1487 716 1521 Verum
751 1487 939 1521 concludis
969 1498 1034 1531 per
1066 1486 1192 1520 omnia
1223 1487 1267 1521 de
1298 1485 1493 1521 virtutibus
1524 1486 1600 1532 qui·
1618 1496 1645 1519 1.

273 1542 489 1588 buscunque
522 1544 621 1588 quod
648 1544 770 1578 Adam
805 1555 933 1579 omnes
967 1544 1120 1578 virtutes
1154 1555 1245 1589 quas
1279 1544 1409 1579 habuit
1442 1544 1604 1589 perdidit

274 1600 533 1645 delinquendo,
561 1607 597 1636 et
625 1601 789 1636 animam
818 1601 1042 1636 racionalem
1072 1601 1251 1644 similiter,
1280 1612 1391 1646 quam
1426 1602 1603 1646 obligavit

59 1655 205 1696 inferius
221 1663 250 1687 B·
274 1659 322 1693 ad
340 1665 497 1693 mortem
515 1665 692 1702 eternam,
705 1670 774 1704 que
789 1660 970 1694 veraciter
986 1659 1151 1704 perdicio
1170 1661 1394 1704 appellatur;
1413 1661 1602 1704 Infernas,

223 1725 260 1756 25
275 1715 403 1761 inquit,
431 1720 467 1750 et
485 1718 653 1761 perdicio
686 1728 809 1751 coram
836 1718 1000 1751 Domino
1032 1716 1156 1761 (Prov.
1177 1730 1235 1752 xv.
1258 1716 1335 1761 11):
1365 1717 1483 1752 eciam
1514 1729 1602 1762 pec-

52 1774 206 1816 prevz'am
219 1783 249 1807 B.
274 1774 394 1808 cando
420 1773 627 1808 incurrebat
656 1781 813 1809 mortem
840 1775 997 1819 primam
1023 1774 1186 1819 corporis
1213 1781 1249 1809 et
1275 1775 1398 1809 anime
1424 1775 1602 1819 similiter,

275 1831 378 1866 cuius
404 1831 479 1866 vita
504 1838 559 1866 est
586 1833 710 1875 Deus;
745 1838 780 1866 et
808 1832 894 1877 quia
921 1832 973 1867 sic
1003 1832 1208 1866 dominium
1238 1833 1341 1877 perdi
1368 1844 1442 1867 non
1472 1833 1602 1878 potuit,

275 1888 423 1932 scilicet,
451 1895 490 1923 ut
519 1889 690 1934 punitum
718 1896 895 1932 maneret,
926 1889 1009 1924 ideo
1040 1890 1254 1935 simpliciter
1282 1890 1388 1935 periit
1422 1902 1486 1936 per
1518 1902 1600 1936 pec-

275 1953 411 1981 catum.

223 2013 264 2044 30
325 2006 415 2039 IOH.
443 2005 558 2049 Perge
576 2016 648 2050 quo
665 2005 799 2040 tendis.

324 2063 409 2097 RIC.
437 2063 544 2106 Item,
564 2073 608 2096 ex
626 2073 698 2107 quo
717 2064 820 2097 Deus
838 2062 946 2098 iudex
964 2062 1079 2098 iustus
1101 2071 1250 2108 propter
1276 2075 1383 2099 suum
1409 2071 1601 2109 peccatum
1618 2074 1645 2095 2-

276 2130 360 2153 eum
391 2120 436 2154 de
463 2120 640 2155 Paradiso
666 2121 814 2165 expulit,
841 2127 875 2155 et
901 2121 1001 2155 viam
1029 2121 1116 2165 ligni
1142 2121 1216 2156 vite
1241 2122 1409 2165 angelica
1435 2123 1604 2157 custodia

236 2176 345 2211 G*et
374 2178 545 2212 flammeo
573 2178 697 2221 gladio
723 2177 884 2212 versatili
911 2178 943 2213 ei
970 2179 1155 2223 preclusit,
1182 2191 1228 2214 ne
1252 2180 1344 2214 forte
1372 2187 1533 2215 sumeret
1559 2180 1605 2214 de

275 2233 373 2278 ligno
398 2234 471 2269 vite
497 2241 532 2269 et
557 2235 694 2270 viveret
721 2235 756 2269 in
783 2242 949 2270 eternum
977 2236 1086 2279 (sicut
1111 2237 1243 2281 legitur
1272 2236 1309 2270 in
1341 2238 1435 2272 Gen.
1460 2237 1508 2271 iii.
1532 2237 1605 2281 22),

223 2302 262 2333 35
276 2303 320 2326 ex
343 2292 531 2327 sentencia
556 2292 626 2326 ista
652 2292 841 2327 iustissimi
862 2292 999 2327 Iudicis
1019 2300 1128 2338 atque
1148 2294 1422 2338 sapientissimi,
1442 2295 1502 2340 qui
1529 2295 1604 2330 falli

275 2360 350 2383 non
376 2356 531 2394 poterat,
550 2350 704 2393 videtur,
723 2356 900 2395 tanquam
927 2352 1133 2394 forefactor,
1153 2352 1241 2396 ligni
1261 2352 1333 2386 vite
1356 2359 1467 2397 atque
1493 2353 1603 2387 Para-

276 2406 345 2441 disi
375 2407 493 2441 tocius
518 2407 618 2452 prius
648 2414 840 2452 acceptum
865 2420 888 2442 a
914 2409 997 2443 Deo
1026 2409 1234 2453 perdidisse
1260 2410 1476 2444 dominium.
1529 2411 1604 2444 Cur

276 2464 374 2499 enim
392 2477 414 2499 a
433 2476 498 2499 suo
516 2465 681 2499 dominio
706 2465 797 2499 alias
824 2465 950 2500 fuisset
969 2467 1152 2511 expulsus,
1171 2479 1245 2501 non
1264 2467 1408 2502 videtur
1426 2479 1535 2512 posse
1554 2469 1601 2502 de

275 2522 373 2556 facili
399 2522 558 2567 reperiri.
611 2524 705 2557 Cum
731 2523 840 2567 igitur
865 2524 943 2568 pari
970 2524 1046 2559 iure
1073 2536 1137 2559 seu
1164 2525 1272 2559 unico
1294 2532 1508 2559 cunctorum
1532 2526 1602 2560 col-

223 2594 266 2625 40
277 2581 434 2614 latorum
460 2580 529 2614 sibi
556 2581 761 2615 dominium
789 2593 811 2616 a
841 2582 924 2617 Deo
954 2589 1160 2627 acceperat,
1187 2583 1337 2617 omnino
1369 2584 1604 2627 consequitur

277 2638 377 2681 quod
402 2638 480 2682 pari
511 2637 654 2673 iusticia
679 2645 893 2673 cunctorum
924 2639 1129 2674 dominium
1159 2641 1350 2684 peccando
1380 2640 1603 2685 perdiderat.

276 2695 399 2729 Aliam
425 2695 550 2740 accipe
576 2696 781 2731 racionem:
809 2697 955 2732 Veritas
981 2697 1043 2741 ait,
1066 2699 1196 2732 Omnis
1212 2699 1280 2742 qui
1292 2699 1394 2742 facit
1410 2701 1601 2743 peccatum
1617 2710 1645 2741 3.

276 2764 408 2787 servus
437 2758 491 2787 est
515 2756 660 2798 peccati
690 2755 756 2798 (lo.
784 2755 855 2789 viii.
883 2755 968 2798 34);
1005 2756 1107 2791 cuius
1137 2755 1224 2791 dicti
1256 2756 1442 2791 racionem
1474 2757 1603 2793 Petrus

904 2828 982 2860 Aa
