2008 3305
171 513 240 555 112]
411 509 602 550 INCIPIT
634 518 777 548 LIBER
811 508 1023 548 RICARDI
1056 515 1432 548 ARCHIEPISCOPI

255 583 605 624 ARDMACHANI
650 591 883 622 PRIMATIS
929 582 1180 622 HIBERNIE
1222 590 1286 621 DE
1330 582 1582 621 PAUPERIE

758 656 1080 697 SALVATORIS.

304 794 532 827 IOHANNES.
584 791 681 836 Quia
707 791 804 825 circa
830 802 951 826 rerum
978 797 1130 836 propter
1157 789 1348 824 hominem
1378 795 1584 824 creatarum
1602 795 1630 828 1,

223 850 404 890 5inferius
431 850 466 884 in
495 850 564 884 hoc
591 849 730 883 mundo
756 848 974 890 dominium,
999 848 1275 893 proprietatem,
1295 846 1583 891 possessionem,
1598 850 1642 876 To
1655 850 1829 888 understand

254 909 309 942 ius
328 908 466 950 utendi,
482 914 516 942 et
530 919 649 949 usum,
665 918 708 941 ac
726 906 824 941 circa
841 906 1089 941 voluntariam
1107 905 1354 940 abiectionem
1373 903 1584 938 huiusmodi
1599 884 1838 947 ζῙέῗῐῗζΞξ-ᾊΓὲῗὲῗῃε

253 977 374 1000 rerum
405 972 440 1000 et
472 976 598 1000 earum
626 964 757 999 iurium
786 971 937 1009 propter
965 965 1099 1008 Deum,
1128 963 1273 1008 plurimi
1301 962 1449 997 diversa
1477 952 1771 1006 atqueproprietas,
1788 950 1849 982 &⁶⁴²

253 1023 410 1058 adversa
445 1023 680 1068 scripserunt,
711 1023 906 1057 occasione
935 1029 1085 1067 sumpta
1117 1034 1161 1057 ex
1194 1021 1362 1056 doctrina
1394 1032 1438 1055 ac
1471 1019 1585 1064 gestis

255 1081 470 1124 Salvatoris,
498 1081 636 1116 domini
665 1080 779 1115 nostri
810 1082 905 1125 Iesu,
933 1086 969 1115 et
999 1081 1255 1125 apostolorum
1285 1086 1394 1124 atque
1423 1078 1585 1123 discipu-

203 1150 242 1172 10
255 1140 373 1174 lorum
391 1139 516 1184 ipsius,
533 1151 602 1184 que
622 1139 658 1173 in
678 1138 883 1183 Evangelio
901 1150 944 1173 ac
963 1139 1226 1183 Apostolorum
1244 1137 1399 1172 Actibus
1417 1143 1453 1172 et
1471 1136 1586 1171 literis

255 1197 513 1232 describuntur
527 1208 534 1240 3
563 1197 660 1231 unde
674 1196 807 1231 diversi
822 1196 888 1230 viri
908 1196 1106 1231 sanctitate
1120 1196 1275 1241 preclari
1291 1202 1399 1240 atque
1413 1194 1586 1239 sciencia,

255 1254 421 1288 diversos
445 1253 592 1288 ordines
614 1253 854 1295 instituendo,
872 1254 925 1288 eis
947 1254 1113 1288 diversas
1134 1254 1279 1298 regulas
1301 1253 1508 1296 ediderunt,
1526 1264 1586 1287 ve-

255 1312 320 1346 luti
361 1312 479 1346 sancti
521 1311 690 1355 Basilius,
725 1311 968 1355 Augustinus,
1010 1311 1246 1353 Benedictus,
1286 1311 1518 1353 Dominicus,
1552 1317 1587 1345 et

258 1369 489 1413 Franciscus,
509 1369 712 1404 eorundem
733 1369 905 1403 ordinum
928 1370 1073 1413 regulas
1092 1368 1278 1404 institutas
1303 1368 1527 1413 evangelicis
1551 1375 1587 1403 et

205 1443 241 1475 15
256 1427 467 1472 apostolicis
493 1426 676 1471 preceptis
702 1433 738 1461 et
764 1427 963 1461 Salvatoris
991 1426 1105 1461 nostri
1132 1428 1384 1472 apostolorum
1410 1438 1453 1461 ac
1479 1426 1586 1460 disci-

256 1487 425 1530 pulorum
457 1484 573 1529 ipsius
608 1484 721 1529 gestis
756 1491 791 1519 et
822 1485 977 1528 actibus,
1013 1491 1051 1519 ut
1085 1491 1266 1528 asserunt,
1299 1484 1587 1526 conformando;

257 1555 365 1587 super
391 1543 522 1587 quibus
553 1542 814 1577 nichilominus
841 1542 996 1577 diversis
1022 1543 1250 1587 temporibus
1280 1543 1399 1577 sancti
1426 1542 1587 1577 Romani

185 1607 244 1635 2A
256 1601 449 1645 pontifices
478 1600 712 1645 questionum
739 1601 904 1635 surculos
930 1612 974 1635 ex
999 1600 1089 1645 ipsis
1112 1601 1247 1645 regulis
1275 1601 1291 1619 ‘¹‘
1313 1601 1437 1646 sepius
1463 1612 1587 1635 excre-

257 1665 401 1693 scentes
420 1658 638 1693 auctoritate
653 1658 857 1703 apostolica
871 1658 1125 1701 succiderunt3
1151 1659 1188 1693 in
1206 1659 1312 1693 nullis
1327 1666 1452 1694 tamen
1471 1659 1587 1703 scrip-

204 1727 244 1749 20
257 1716 347 1751 turis
366 1727 457 1761 quas
475 1716 618 1760 repperi
639 1727 747 1761 super
770 1716 960 1761 premissis
983 1723 1104 1761 potest
1122 1728 1225 1751 meus
1245 1717 1390 1751 animus
1409 1717 1562 1762 quietari
1578 1729 1585 1751 :

258 1774 368 1817 unde,
396 1773 482 1819 quia
513 1773 586 1808 iam
616 1785 727 1808 cerno
757 1781 792 1808 te
822 1781 944 1819 preter
971 1774 1120 1809 solitum
1146 1786 1168 1809 a
1194 1775 1316 1809 studio
1346 1775 1525 1818 ociosum,
1552 1774 1588 1808 in

261 1833 345 1866 Iesu
372 1832 522 1866 nomine
551 1838 585 1866 te
613 1833 758 1877 requiro
785 1838 824 1867 ut
846 1833 945 1877 quod
973 1844 1083 1878 super
1110 1833 1190 1877 ipsa
1213 1833 1369 1867 materia
1391 1834 1494 1867 Deus
1523 1832 1589 1867 tibi

258 1890 400 1924 dederit
425 1890 462 1924 in
486 1890 694 1933 scribendo,
717 1891 966 1935 profunditate
992 1891 1145 1926 materie
1172 1903 1215 1925 ac
1242 1891 1475 1926 multitudine
1501 1891 1589 1926 doc-

258 1954 379 1983 torum
398 1959 508 1993 super
524 1959 569 1982 ea
587 1948 831 1983 scribencium
849 1960 1085 1994 nequaquam
1107 1949 1351 1993 obstantibus,
1371 1949 1470 1984 omni
1489 1960 1590 1984 vere-

206 2019 244 2051 25
260 2006 395 2040 cundia
428 2017 472 2040 ac
505 2005 636 2041 timore
669 2006 895 2051 postpositis,
928 2008 1088 2041 eundem
1125 2008 1248 2042 Iesum
1288 2009 1406 2042 solum
1445 2007 1589 2042 habens

259 2075 323 2108 pre
347 2063 473 2105 oculis,
492 2063 582 2097 mihi
604 2064 760 2108 pandas,
782 2064 833 2098 ita
854 2071 893 2099 ut
914 2076 984 2109 que
1008 2076 1052 2099 ac
1073 2065 1191 2109 qualis
1219 2064 1264 2099 sit
1291 2065 1351 2099 illa
1376 2072 1588 2110 paupertas,
1602 2077 1643 2093 we
1657 2068 1827 2106 musti—<now

260 2133 330 2166 que
352 2121 388 2155 in
412 2122 539 2165 regula
564 2121 662 2156 beati
688 2121 875 2156 Francisci
899 2129 935 2156 et
960 2122 1217 2157 Decretalibus
1243 2134 1472 2157 summorum
1499 2102 1869 2168 ΡοΠ-Ξῇῗιῇἶῖῗιέῗῖξὲἰ-

258 2179 413 2222 tificum,
431 2186 467 2213 et
485 2179 658 2224 precipue
676 2178 713 2212 in
731 2179 793 2213 illa
812 2180 999 2214 Decretali
1019 2179 1158 2214 domini
1182 2180 1355 2215 Nicholai
1373 2182 1446 2224 III,
1464 2181 1579 2215 Exiit
1602 2169 1711 2200 Vffiffly
1720 2169 1871 2201 explained

1580 2209 1587 2225 ι
1603 2202 1630 2227 in
1644 2203 1691 2227 the
1705 2203 1763 2228 rule
1774 2203 1806 2228 of

260 2237 306 2271 de
320 2237 515 2271 verborum
534 2236 884 2281 significacionibus,
897 2237 989 2272 libro
1008 2244 1122 2279 sexto,
1138 2238 1370 2282 describitur,
1383 2245 1419 2273 et
1435 2239 1590 2284 qualiter
1603 2236 1676 2261 Saint
1693 2236 1807 2261 Fsasscss

207 2309 248 2339 30
260 2295 341 2340 ipsa
354 2295 486 2329 eadem
502 2294 708 2329 Decretalis
723 2301 759 2329 et
774 2296 990 2330 Decretales
1006 2295 1144 2330 domini
1162 2296 1338 2330 Iohannis
1351 2307 1446 2341 pape
1459 2298 1588 2341 XXII,
1602 2270 1761 2335 ῗὲἒιζῗεξὴε
1773 2269 1829 2295 De-

261 2354 331 2387 Ad
348 2354 580 2396 conditorem,
603 2353 694 2387 Cum
719 2354 828 2396 inter,
856 2354 955 2398 Quia
979 2355 1227 2397 quorundam,
1248 2361 1283 2388 et
1307 2354 1451 2389 libellus
1474 2355 1590 2400 ipsius

265 2412 451 2455 Quoniam
480 2412 547 2445 vir
573 2411 757 2455 reprobu5‚
788 2423 854 2445 sua
886 2411 986 2445 bulla
1019 2412 1195 2455 munitus,
1223 2423 1262 2446 se
1293 2412 1450 2446 invicem
1481 2425 1591 2458 super

263 2469 368 2503 istius
385 2469 614 2513 paupertatis
638 2468 792 2503 materia
814 2480 887 2503 non
911 2468 1137 2513 impugnant,
1157 2470 1186 2503 si
1209 2469 1285 2504 fieri
1308 2470 1453 2514 poterit,
1471 2472 1590 2505 mani-

262 2527 385 2561 festes.
437 2528 486 2561 Et
511 2538 557 2561 ne
582 2533 733 2571 propter
757 2527 932 2560 librorum
958 2533 1104 2561 tuorum
1131 2528 1338 2561 carenciam
1365 2535 1401 2563 te
1427 2541 1590 2573 excuses,

211 2600 249 2631 35
264 2595 349 2618 ecce
378 2584 548 2619 tradendi
575 2584 727 2619 modum
755 2584 854 2618 hunc
882 2584 947 2618 tibi
974 2584 1173 2629 prescribo,
1200 2591 1238 2619 ut
1270 2585 1299 2619 si
1328 2597 1372 2620 ea
1399 2597 1469 2630 que
1499 2587 1589 2621 mihi

263 2642 426 2686 querenti
445 2643 628 2677 affirmare
647 2642 838 2677 conaberis
857 2643 971 2676 sacris
991 2642 1189 2687 Scripturis
1207 2643 1505 2688 diffinicionibuS,
1525 2657 1590 2680 seu

48 2714 134 2734 sacre
151 2712 180 2735 Β,
264 2696 535 2732 assercionibus
562 2709 791 2731 summorum
817 2697 1044 2742 pontificum,
1068 2709 1131 2732 seu
1156 2706 1392 2733 sacrosancte
1420 2701 1590 2735 Romane

265 2755 418 2789 ecclesie
449 2762 511 2790 aut
538 2755 748 2790 racionibus
774 2755 867 2790 vivis
895 2756 1125 2790 communias
1153 2757 1427 2801 respondendo,
1458 2759 1588 2792 nullius

265 2813 476 2848 testimonio
495 2813 656 2848 doctoris
675 2813 831 2856 adiecto,
851 2813 940 2847 mihi
960 2813 1128 2848 satisfieri
1147 2815 1338 2859 reputabo.
