2095 3278
228 197 312 248 456
898 206 1101 239 RicARDI
1134 207 1437 240 ARMACHANI
1867 197 1971 256 [Lm.
1995 212 2050 240 1v.

508 332 665 365 persona
682 328 870 356 remaneat
887 333 894 356 :
923 322 1021 357 unde
1042 321 1137 356 inter
1154 328 1258 356 actus
1277 334 1341 368 per
1360 334 1398 357 se
1416 322 1561 367 proprie
1580 322 1699 358 dictos
1718 322 1834 358 civilis
1850 323 1946 364 [4313

508 378 660 413 dominii
678 390 753 413 non
771 386 826 413 est
844 380 1095 425 computanda
1113 380 1284 422 donacio,
1303 380 1372 414 nisi
1391 391 1461 425 que
1485 381 1525 414 fit
1548 392 1613 425 per
1630 381 1929 418 communi-pers·
1947 387 2012 408 om.
2023 384 2052 407 Β·

507 437 697 471 cacionein
724 437 876 471 dominii
903 437 953 472 rei
981 438 1131 480 donate,
1148 449 1218 472 nec
1244 438 1336 472 alias
1357 437 1410 481 (ut
1428 444 1483 473 est
1502 437 1658 483 dictum)
1679 439 1836 473 donacio
1850 447 1955 478 supra,
1973 447 2029 478 pp-

508 506 529 529 a
548 494 713 529 dominio
732 494 769 528 in
787 495 949 530 donante
968 496 1196 540 procederet.
1850 490 1909 520 4²¹
1929 491 1995 521 seq‘

228 558 495 617 Kazeenlffglagllords
557 555 648 589 IOH.
677 554 789 589 Unde
807 560 861 588 est
879 565 966 598 ergo
989 554 1088 598 quod
1107 553 1276 587 dominos
1304 553 1521 597 magnificos
1547 565 1592 588 ex
1618 553 1837 589 liberalitate
1853 560 1869 592 5

227 625 295 657 gifts
507 611 713 655 laudamus,
740 623 812 645 non
842 623 925 645 cum
952 610 1228 645 communicant
1253 611 1334 645 aliis
1361 617 1416 645 set
1443 622 1527 645 cum
1554 612 1777 646 transferunt
1801 612 1837 646 in
1850 624 2054 645 cuma-amm„-

507 670 598 704 alios
624 681 762 713 magna
779 669 945 712 donaria,
966 669 994 703 si
1022 669 1219 703 translacio
1246 668 1399 703 dominii
1426 681 1448 703 a
1474 669 1627 703 domino
1654 681 1729 704 non
1755 681 1838 715 pro·
1851 661 1887 688 ²⁴⁷3
1900 665 2054 689 ⁶⁰7⁷²⁷7²·B·

506 728 639 762 cedat?

227 787 284 812 this
298 788 432 819 proceeds
553 788 641 820 RIC.
680 787 800 820 Immo
830 792 981 820 econtra
1016 785 1171 820 dominii
1202 784 1401 819 translacio
1435 785 1636 829 aliquando
1670 784 1837 829 procedit

226 821 486 893 3333&ng
506 855 528 878 a
555 843 706 878 domino
731 850 767 878 et
794 844 1075 887 magnificencie
1103 844 1138 877 in
1166 844 1245 888 ipso
1269 843 1412 886 virtute,
1434 854 1509 877 non
1536 849 1659 877 autem
1685 844 1733 878 ab
1760 843 1838 878 eius
1855 855 1895 877 10

227 889 446 954 ῗοῖᾏζᾏᾛὼω
507 901 698 943 dominio3
725 908 761 936 et
786 902 833 935 ob
859 902 931 935 hoc
953 902 1047 936 dans
1067 913 1088 936 a
1106 901 1387 945 magnificencie
1406 901 1540 935 virtute
1564 901 1757 935 laudatur:
1787 901 1840 935 sic

507 961 617 1005 quod,
636 959 719 994 licet
743 959 859 994 civilis
886 959 1044 993 donacio
1070 971 1143 1004 qua
1169 959 1219 994 rei
1246 960 1463 1003 cuiusquam
1487 958 1706 993 transfertur
1723 958 1839 993 dorni-

506 1019 609 1053 nium
636 1029 702 1052 suo
727 1018 837 1052 modo
862 1029 926 1062 per
943 1018 1116 1052 accidens
1143 1029 1216 1052 non
1242 1018 1287 1052 sit
1307 1024 1411 1051 actus
1430 1015 1595 1058 dominii,
1615 1027 1690 1050 non
1716 1016 1840 1050 minus

506 1083 561 1111 est
592 1083 697 1110 actus
728 1075 882 1110 virtutis.
935 1076 1048 1110 Unde
1077 1076 1113 1109 in
1140 1087 1229 1109 casu
1255 1075 1314 1109 ubi
1352 1075 1512 1108 donator
1544 1074 1691 1108 nonnisi
1726 1085 1840 1108 unum

506 1134 658 1169 haberet
684 1133 892 1176 donarium,
919 1140 953 1167 et
981 1133 1082 1167 illurn
1108 1145 1152 1167 ex
1178 1133 1330 1167 caritate
1358 1132 1538 1176 indigenti
1566 1132 1733 1174 donaret,
1760 1131 1838 1166 eius
1858 1141 1894 1172 15

507 1192 613 1227 civile
641 1191 846 1226 dominium
873 1192 1085 1226 abdicando
1109 1203 1152 1226 ac
1177 1192 1433 1226 transferendo
1460 1191 1497 1224 in
1523 1201 1723 1235 pauperem
1750 1190 1839 1224 illud

507 1250 691 1284 volentem
725 1250 933 1293 admittere,
965 1257 1063 1284 esset
1098 1249 1258 1294 quedam
1293 1248 1452 1283 donacio
1487 1254 1522 1282 et
1556 1255 1660 1282 actus
1694 1247 1838 1282 virtutis

507 1308 727 1352 magnifice3
766 1315 819 1342 set
855 1319 927 1342 non
959 1315 1057 1342 esset
1084 1315 1188 1342 actus
1218 1307 1408 1350 originalis
1437 1306 1591 1341 dominii
1619 1312 1681 1340 aut
1709 1305 1838 1348 civilis,

506 1367 680 1412 quoniam
703 1366 817 1411 (iuxta
834 1367 1030 1411 premissa)
1053 1367 1132 1411 ipsa
1151 1366 1370 1400 donacionis
1389 1365 1594 1410 complecio
1615 1370 1840 1409 supponeret
1853 1375 1961 1406 supra,
1974 1376 2005 1406 p.

507 1427 543 1461 in
572 1426 766 1460 donatario
794 1425 900 1460 civile
930 1425 1146 1469 dominium,
1175 1431 1210 1459 et
1242 1424 1449 1459 dominium
1476 1436 1499 1458 a
1528 1423 1722 1458 donatario
1751 1429 1840 1457 tunc
1853 1417 1927 1449 455·

506 1484 675 1518 habitum
708 1494 784 1518 non
815 1489 940 1528 posset
971 1482 1007 1517 in
1039 1482 1274 1517 donatarium
1306 1483 1503 1517 transferre
1538 1493 1578 1516 se
1608 1482 1741 1526 ipsum,
1770 1492 1840 1515 nec

506 1541 683 1586 originale
712 1541 918 1576 dominium
944 1547 1067 1586 potest
1095 1552 1177 1576 esse
1204 1540 1287 1575 talis
1316 1539 1578 1575 translacionis
1606 1538 1839 1584 principium,

505 1612 590 1635 curn
610 1600 715 1634 civile
734 1599 941 1634 dominium
959 1611 1148 1644 nunquam
1166 1598 1334 1643 originali
1354 1598 1530 1641 dominio,
1542 1597 1613 1632 nisi
1632 1596 1842 1633 adventicie

506 1665 542 1693 et
560 1670 626 1703 per
643 1658 829 1701 accidens,
848 1657 1091 1702 coniungatur
1109 1664 1145 1692 et
1164 1658 1212 1691 ob
1230 1658 1301 1692 hoc
1319 1657 1398 1691 eius
1418 1655 1610 1691 abdicacio
1630 1656 1706 1690 sive
1724 1661 1841 1689 trans—

507 1716 600 1751 lacio
619 1717 667 1750 ad
685 1716 890 1750 dominium
908 1716 1086 1759 originale
1105 1727 1180 1749 non
1199 1715 1369 1760 pertinet.
1857 1725 1896 1757 25

557 1775 646 1808 IOH.
688 1773 793 1808 Istud
827 1773 1016 1817 intellig03
1060 1780 1115 1807 set
1149 1772 1316 1817 nunquid
1351 1771 1550 1806 translacio
1593 1769 1841 1816 possessionis

508 1832 624 1866 civilis
666 1843 731 1876 per
768 1831 1015 1866 donacionem
1057 1831 1127 1865 hoc
1170 1842 1257 1865 casu
1291 1837 1353 1865 aut
1386 1830 1458 1864 alio
1493 1835 1549 1864 est
1584 1836 1689 1864 actus
1724 1827 1841 1863 civilis

507 1889 687 1924 dominii?

555 1949 642 1982 RIC.
672 1948 791 1992 Supra
816 1947 874 1982 hic
893 1947 1023 1981 claruit
1046 1947 1146 1992 quod
1165 1958 1251 1982 vera
1273 1946 1390 1981 civilis
1414 1945 1602 1991 possessio
1628 1955 1696 1989 pro
1720 1942 1840 1988 possi·
1855 1949 1961 1980 supra,
1972 1950 2003 1981 Ρ-

509 2005 629 2040 dentis
656 2016 817 2049 persona
842 2016 1033 2050 nunquam
1058 2005 1217 2039 habetur
1242 2004 1322 2039 sine
1348 2003 1424 2038 iure
1450 2002 1577 2038 utendi
1604 2001 1721 2044 civili;
1749 2012 1840 2046 quo·
1853 1993 1927 2024 453·

508 2063 620 2107 niam,
652 2064 797 2097 sublato
826 2063 927 2098 omni
963 2062 1040 2097 iure
1071 2062 1167 2097 civili
1198 2074 1220 2096 a
1250 2062 1380 2107 quavis
1411 2072 1573 2106 persona
1605 2060 1729 2105 quoad
1763 2070 1841 2094 rem

509 2128 730 2166 occupatam
756 2133 821 2166 per
841 2132 935 2164 eam,
955 2132 1030 2155 non
1054 2127 1220 2156 remanet
1239 2121 1275 2154 in
1295 2120 1356 2154 illa
1379 2131 1539 2165 persona
1564 2118 1635 2153 nisi
1661 2117 1840 2152 naturalis

510 2179 697 2224 possessio
724 2185 786 2214 aut
813 2180 913 2213 nulla
939 2178 1085 2223 penitus
1113 2178 1301 2223 possessio
1327 2189 1394 2223 pro
1420 2189 1459 2212 se
1485 2177 1577 2222 ipsa.
1629 2176 1667 2211 Si
1687 2187 1775 2219 ergo
1794 2176 1842 2210 ad

510 2238 705 2272 licenciam
736 2249 801 2272 seu
831 2237 880 2271 ad
907 2237 1255 2271 eommodacionem
1289 2241 1465 2281 sequatur
1494 2234 1611 2270 civilis
1644 2233 1843 2279 possessio,

511 2296 593 2341 ipsa
611 2296 857 2341 possessionis
876 2295 1086 2336 translacio,
1106 2295 1210 2329 sicud
1227 2293 1426 2328 translacio
1445 2293 1523 2328 sive
1542 2291 1736 2327 concessio
1754 2291 1842 2326 iuris
1857 2299 1896 2331 35

511 2354 636 2389 utendi
664 2354 713 2388 ad
739 2365 851 2399 quarn
878 2353 961 2398 ipsa
986 2352 1234 2397 consequitur,
1260 2358 1316 2387 est
1343 2358 1448 2386 actus
1475 2349 1630 2385 dominii
1658 2349 1695 2383 in
1721 2348 1842 2383 taliter

511 2412 740 2447 concedente
756 2424 764 2454 ;
791 2423 866 2446 non
885 2417 1012 2445 tamen
1031 2422 1119 2445 vera
1136 2409 1306 2453 donacio,
1326 2409 1411 2454 quia
1437 2409 1613 2444 retinetur
1634 2407 1841 2452 proprietas

508 2482 533 2504 ¹a
551 2470 726 2504 donante.
782 2469 819 2504 Si
838 2480 925 2503 vero
946 2468 1068 2513 (sicuti
1088 2468 1125 2502 in
1142 2474 1271 2502 nostro
1290 2467 1394 2510 casu)
1417 2465 1632 2501 donatarius
1650 2464 1841 2500 admiserit

512 2528 617 2562 civile
647 2526 865 2570 dominium,
895 2527 943 2561 ad
974 2526 1095 2571 ipsum
1126 2525 1232 2560 civile
1261 2525 1468 2560 dominium
1495 2523 1731 2568 consequitur
1756 2534 1842 2556 con-

510 2585 638 2620 formis
663 2585 852 2629 possessio
878 2596 916 2619 re
942 2591 1104 2629 recepta,
1129 2595 1203 2617 non
1230 2584 1354 2617 aliter:
1382 2594 1466 2616 cum
1492 2593 1579 2625 ergo
1606 2592 1713 2615 suum
1740 2579 1840 2625 prin-
1853 2588 1897 2619 40

510 2643 647 2688 cipium
665 2642 713 2677 ad
735 2643 834 2687 quod
855 2644 973 2676 solum
998 2642 1069 2676 hoc
1095 2653 1182 2676 casu
1208 2640 1454 2685 consequitur,
1474 2639 1623 2681 scilicet,
1642 2637 1842 2673 translacio

511 2701 628 2735 civilis
655 2700 821 2744 dominii,
845 2712 919 2734 non
948 2700 993 2734 sit
1021 2706 1124 2733 actus
1152 2698 1317 2742 dominii,
1337 2698 1426 2732 satis
1453 2698 1565 2732 claret
1593 2696 1691 2741 quod
1719 2695 1892 2739 ipsumfit
1908 2704 1938 2727 Β.

511 2771 694 2793 annexum
739 2770 812 2793 non
848 2765 905 2793 est
939 2765 1042 2792 actus
1079 2757 1175 2791 illius
1210 2756 1374 2800 dominii,
1410 2755 1559 2797 scilicet,
1594 2752 1839 2799 possessionis

511 2817 720 2851 translacio.
