2008 3305
223 243 309 272 off.
331 229 407 287 1v.]
659 240 804 271 LIBER
837 240 1106 273 SECUNDUS.
1749 233 1827 284 189

108 358 205 400 640]
219 355 439 404 partibiliter
472 354 685 392 secundum
725 355 1087 404 multiplicacionem
1126 355 1408 392 subiectorum:
1455 362 1547 392 tunc

219 426 323 462 enim
352 431 451 463 esset
473 425 661 462 infinitum
687 425 868 471 intensus,
892 425 1090 463 distinctus
1111 425 1242 474 quoad
1263 427 1395 463 omnia
1416 426 1547 475 singu-

218 495 322 540 laria,
348 502 384 532 et
415 495 540 533 solum
559 507 681 532 unum
708 495 1001 545 aggregacione,
1022 495 1119 532 sicut
1144 495 1233 533 alibi
1254 495 1391 533 diffuse
1414 508 1546 545 prose-

218 570 330 601 cutus
351 576 447 601 sum.

188 643 205 675 5
275 633 362 679 Sed,
376 641 416 671 ut
436 634 528 671 alias
550 634 638 680 dixi,
656 634 729 672 hoc
748 635 995 683 probabiliter
1007 634 1163 680 elicitur,
1178 635 1283 684 quod
1304 635 1402 672 sicut
1416 634 1544 672 Deum
1558 643 1582 666 3·
1602 634 1642 659 AS
1656 634 1742 660 God’s

1558 667 1644 699 being
1657 668 1679 693 is
1692 669 1739 693 the
1752 667 1812 693 first

218 716 302 741 esse
318 709 374 741 est
386 704 552 753 primum
566 716 706 750 verum,
718 705 770 742 sic
783 711 839 741 est
854 705 1021 753 primum
1034 717 1057 741 a
1072 711 1243 742 creatura
1258 705 1440 742 racionali
1456 718 1546 755 cog·
1559 700 1724 765 ξζζξὴοζξεὲξ
1734 701 1825 760 ijf‘tlffe

1559 768 1708 793 creature's
1720 767 1814 793 know-

217 774 401 811 noscibile
416 774 454 811 in
471 774 667 823 multiplici
682 786 822 823 genere
840 775 1110 822 cognoscendi.
1135 774 1265 812 Primo
1279 775 1384 812 enim
1397 788 1544 825 cogno·
1558 801 1649 832 ledge,

172 855 204 883 D
219 844 362 882 scendo
378 856 446 882 ens
461 844 500 881 in
520 856 587 881 sua
602 844 879 881 communitate
901 844 1077 893 analoga,
1087 846 1336 894 cognoscitur
1346 846 1366 868 *
1376 846 1546 895 quadam
1558 851 1586 868 ‘²-
1600 842 1638 875 by
1647 842 1824 875 ¹<¹¹0W¹edg²=

218 914 470 963 precellencia
484 914 613 952 Deum
629 926 723 952 esse.
760 914 939 953 Secundo
952 915 991 951 in
1009 915 1175 953 sciencia
1190 915 1481 953 demonstrandi
1497 918 1546 954 ab
1559 920 1584 946 b·
1604 919 1642 953 by
1655 920 1804 952 inference,

165 1001 204 1022 10
217 985 356 1022 effectu
370 985 418 1022 ad
433 997 601 1031 causam,
620 985 867 1034 cognoscitur
880 985 945 1022 illo
959 998 1102 1034 genere
1115 985 1406 1024 demonstrandi
1422 987 1546 1036 primo

217 1055 391 1092 omnium
420 1054 549 1092 Deum
583 1067 688 1101 esse;
719 1067 808 1092 cum
838 1055 952 1092 nichil
981 1062 1107 1105 potest
1135 1056 1301 1105 perfecte
1333 1057 1547 1095 secundum

216 1137 374 1163 causam
387 1126 583 1174 cognosci,
597 1126 718 1163 eciam
734 1126 773 1162 in
789 1125 1125 1164 demonstraeione
1146 1127 1360 1177 potissima,
1375 1128 1445 1165 nisi
1462 1141 1547 1177 pre-

215 1196 372 1244 cognito
389 1195 518 1233 Deum
533 1208 628 1243 esse,
644 1208 732 1234 cum
749 1196 812 1233 illa
825 1197 871 1233 sit
884 1209 1066 1246 suprema
1078 1198 1401 1236 necessariissima
1416 1211 1545 1245 causa,

216 1266 297 1304 sine
310 1278 386 1315 qua
400 1266 615 1315 specialiter
628 1267 783 1316 cognita
796 1267 912 1304 nichil
925 1266 1199 1316 perfectissima
1212 1268 1546 1306 demonstracione

165 1346 202 1378 15
217 1338 472 1385 cognoscitur,
492 1343 533 1374 ut
562 1343 664 1386 patet
693 1337 731 1373 in
760 1337 925 1386 prologo
954 1338 1065 1386 primi
1095 1338 1347 1376 Phisicorum.
1405 1339 1546 1377 Tercio
1559 1352 1581 1371 c·
1602 1344 1640 1377 by
1654 1344 1739 1377 sight,

215 1407 254 1443 in
289 1407 457 1444 sciencia
491 1407 593 1444 clare
623 1407 780 1445 visionis
811 1414 868 1444 est
902 1407 977 1445 Dei
1007 1408 1180 1445 intuitiva
1211 1409 1313 1446 basis
1343 1410 1546 1448 cuiuslibet

213 1477 366 1514 alterius
382 1477 551 1523 visionis,
572 1489 661 1515 cum
677 1478 715 1514 in
732 1477 864 1515 Verbo
885 1478 1002 1516 nichil
1024 1479 1270 1528 cognoscitur
1290 1481 1362 1517 nisi
1383 1493 1550 1531 precog:

214 1547 296 1584 nito
326 1547 410 1596 ipso
439 1547 583 1585 Verbo.
639 1548 690 1584 Et
719 1548 750 1585 si
781 1555 919 1597 quarto
948 1561 1132 1586 vocemus
1162 1549 1277 1587 fidem
1311 1552 1586 1589 meritoriamd·
1605 1556 1643 1589 by
1656 1556 1736 1583 saith-

213 1618 427 1655 maneriem
457 1618 728 1666 cognoscendi,
751 1625 854 1667 patet
884 1618 989 1668 quod
1008 1620 1134 1668 primo
1162 1622 1336 1658 omnium
1357 1621 1414 1672 (ut
1440 1628 1546 1671 patet

162 1688 255 1725 20in
276 1687 465 1739 simbolis)
486 1695 636 1738 oportet
659 1701 895 1739 cognoscere
916 1689 1043 1727 Deum
1065 1703 1164 1729 esser

660 1924 986 1964 CAPITULUM
1027 1926 1094 1964 IV.

269 2032 359 2070 Hoc
379 2044 472 2081 ergo
490 2032 690 2081 supposito
704 2045 775 2082 pro
790 2034 967 2082 presenti,
982 2034 1177 2072 dubitatur
1201 2036 1230 2073 si
1247 2048 1316 2074 ens
1330 2037 1540 2087 analogum
1554 2046 1616 2073 The
1629 2056 1678 2086 gns
1690 2049 1787 2074 analo-

1549 2089 1623 2113 gunz
1637 2091 1659 2107 15
1672 2091 1800 2108 COmssson

214 2103 262 2140 sit
282 2114 492 2140 commune
506 2102 592 2140 Deo
609 2109 647 2140 et
660 2103 738 2140 suis
754 2104 952 2142 effectibus
969 2117 978 2151 ς
1008 2111 1044 2142 et
1064 2106 1212 2143 videtur
1228 2107 1420 2156 tripliciter
1436 2110 1659 2174 quod-ffisffiod
1673 2117 1733 2175 ῗηοὲ
1742 2122 1771 2141 to

1625 2158 1671 2174 ΓΕΒ.
1685 2159 1717 2174 ur
1736 2159 1755 2175 S.

216 2173 269 2210 sic
286 2186 294 2210 :
329 2173 466 2222 primo,
490 2185 537 2209 ex
558 2173 630 2210 hoc
647 2174 753 2222 quod
770 2181 849 2212 tota
869 2181 994 2212 ereata
1014 2176 1237 2213 universitas
1257 2183 1313 2214 est
1333 2190 1421 2215 curn
1442 2178 1639 2241 Deo‚·}““0trfle
1651 2215 1741 2242 whole

163 2253 200 2283 25
215 2256 308 2292 ergo
328 2255 412 2280 esse
424 2250 481 2281 est
496 2256 705 2281 commune
719 2244 806 2282 Deo
820 2251 857 2281 et
873 2246 1019 2283 ceteris.
1051 2245 1241 2284 Probatur
1253 2251 1540 2298 consequencia
1553 2249 1807 2309 ξζῗξξξὲἓὲνθῑδθ

215 2326 262 2351 ex
294 2313 367 2351 hoc
401 2314 506 2363 quod
540 2320 644 2352 actus
673 2314 732 2351 vel
762 2315 932 2352 intencio
967 2316 1151 2364 predicati
1183 2318 1337 2367 analogi
1368 2326 1425 2356 est
1454 2333 1543 2358 vere
1737 2302 1742 2309 ι

215 2395 315 2421 unus
330 2396 340 2430 ;
374 2390 411 2421 et
440 2396 530 2421 curn
559 2396 645 2422 vere
675 2385 883 2422 affirmatur
911 2385 958 2422 de
988 2385 1075 2423 Deo
1104 2393 1141 2423 et
1169 2389 1360 2434 creaturis,
1390 2397 1542 2439 oportet

214 2454 320 2502 quod
350 2454 543 2491 obiectum
563 2454 660 2492 illius
689 2461 795 2492 actus
816 2455 862 2492 sit
889 2467 1009 2492 unum
1030 2468 1238 2494 commune
1268 2458 1355 2496 Deo
1380 2466 1415 2496 et
1439 2473 1541 2498 crea-

215 2524 318 2561 turis.
376 2524 636 2562 Confirmatur
663 2525 879 2575 tripliciter:
908 2527 1032 2575 primo
1054 2540 1101 2564 ex
1131 2527 1205 2566 hoc
1227 2530 1334 2578 quod
1361 2531 1413 2568 sic
1435 2543 1541 2569 com·
1591 2551 1618 2568 a.

162 2607 204 2638 30
216 2595 411 2643 ponendo,
432 2594 539 2632 Deus
560 2601 627 2642 est,
650 2596 889 2644 predicatum
909 2603 965 2634 est
985 2598 1204 2647 analogum,
1228 2600 1317 2649 quia
1337 2601 1442 2638 aliter
1462 2613 1542 2639 non

250 2689 274 2706 1.
294 2681 569 2713 multzfflicacionem
587 2681 665 2707 AC:
684 2682 907 2708 multitudinem
921 2683 952 2708 B.
1091 2693 1129 2716 13.
1151 2684 1191 2710 sit
1210 2684 1284 2712 BC:
1310 2694 1365 2712 om.
1385 2686 1417 2712 A.
1454 2696 1541 2713 neces-

215 2714 383 2740 sariz'ssz'ma
397 2714 465 2740 BC:
486 2716 681 2741 necessissima
693 2716 727 2740 A.
825 2726 865 2748 17.
885 2719 893 2745 ll
903 2717 1023 2742 visionis
1036 2717 1059 2743 B
1073 2717 1091 2743 f.
1106 2727 1153 2751 241
1165 2727 1188 2744 c.
1287 2729 1327 2751 24.
1348 2722 1391 2746 est
1402 2729 1467 2746 cum
1481 2721 1546 2747 Deo‘

215 2747 254 2772 Α2
265 2747 305 2779 (in
319 2748 420 2780 marg.)
435 2748 456 2773 B
468 2748 499 2774 C.
605 2750 645 2774 28.
666 2749 706 2774 sit
718 2757 809 2774 unum
824 2749 894 2776 BC:
915 2759 968 2775 om.
985 2751 1018 2775 A.

690 2825 738 2856 15.
764 2816 864 2848 Arist.
883 2817 978 2858 Phys.
999 2817 1019 2849 i.
1043 2827 1070 2849 ῐ.
