2095 3278
42 219 129 248 CAP.
145 208 204 261 x.]
582 218 645 249 DE
679 217 923 250 PAUPERIE
956 216 1269 249 SALVATORIS.

150 324 245 366 18D]
260 320 373 355 fluum
393 319 445 365 (ut
463 319 659 365 affirmas);
687 320 860 365 quoniam
888 319 1054 354 divinum
1072 319 1277 355 dominium
1304 319 1340 354 in
1367 319 1514 355 Christo
1541 321 1590 355 ad

258 389 365 412 usum
388 379 537 423 plenum
560 378 774 420 humanum,
793 389 858 412 seu
875 377 924 412 ad
948 378 1057 422 plene
1083 377 1353 412 dominandum
1378 378 1590 412 humaniter

257 435 433 470 creaturis
459 442 587 470 nature
612 436 774 470 humane
800 435 836 469 in
864 435 1013 469 Christo
1041 434 1226 478 subiectis,
1246 436 1453 470 nullatenus
1479 436 1590 470 suffe-

258 493 387 527 cisset:
414 505 499 528 cum
523 494 634 538 plena
660 492 870 528 dominacio
896 493 933 526 in
959 492 1059 527 omni
1085 499 1229 536 natura,
1248 499 1418 537 respectu
1436 493 1590 527 alicuius

225 551 449 595 5dominati,
484 552 633 596 plenum
666 550 871 585 dominium
907 550 944 584 in
979 549 1207 593 dominante,
1242 556 1420 594 tanquam
1453 550 1490 584 in
1524 562 1591 585 suo

258 608 436 652 subiecto,
466 614 673 653 supponat;
713 620 787 643 non
818 614 875 643 est
905 614 1029 643 autem
1064 607 1269 642 dominium
1304 608 1471 642 divinum
1506 609 1588 643 sub-

258 666 394 700 iectum
412 666 448 700 in
466 672 598 700 natura
617 665 753 700 Christi
779 666 954 709 humana,
973 676 1041 700 nec
1062 665 1098 699 in
1116 665 1194 700 eius
1220 676 1390 710 persona,
1409 671 1592 710 quatenus

40 724 191 754 humana
257 724 432 767 humana,
445 735 528 758 cum
546 724 591 758 sit
605 723 811 768 proprietas
826 729 958 757 nature
976 722 1100 757 divine
1115 733 1123 757 :
1149 722 1249 757 unde
1261 722 1512 757 necessarium
1525 722 1593 757 fuit

40 777 105 798 om.
123 775 154 797 Β·
257 780 294 814 in
323 781 470 815 Christo
500 780 549 815 ad
579 781 849 816 dominandum
879 780 1068 823 creaturis,
1094 779 1207 814 modo
1237 786 1273 815 et
1304 780 1380 815 iure
1407 780 1591 824 humanis,

206 846 245 869 10
258 837 435 881 originale
461 838 598 872 habere
626 837 844 872 dominium.
893 837 1069 882 Alioquin
1095 837 1132 871 in
1162 836 1243 882 ipsa
1271 844 1404 872 natura
1430 838 1592 872 humana

259 895 396 930 Christi
422 907 497 930 non
523 896 652 931 fuisset
679 895 806 931 titulus
830 907 894 931 seu
914 906 1027 930 causa
1054 894 1239 930 sufficiens
1257 895 1306 930 ad
1323 895 1592 930 dominandum

257 954 364 988 rebus
383 959 419 988 et
437 953 491 988 eis
510 953 709 996 utendum3
736 959 791 988 set
810 954 1014 988 secundum
1041 953 1111 987 hoc
1129 952 1259 988 fuisset
1277 959 1410 988 natura
1427 953 1591 988 humana

256 1010 293 1044 in
313 1010 461 1045 Christo
479 1011 638 1056 amplius
656 1010 841 1045 diminuta
859 1022 970 1056 quam
998 1011 1035 1045 in
1062 1010 1182 1055 primo
1208 1022 1275 1045 suo
1301 1017 1454 1055 parente
1474 1017 1536 1045 aut
1554 1010 1591 1045 in

257 1068 387 1103 ceteris
406 1068 510 1103 iustis
528 1068 764 1104 hominibus:
783 1069 881 1103 unde
894 1080 968 1103 non
981 1068 1048 1103 fuit
1067 1068 1155 1103 illud
1170 1068 1374 1102 dominium
1392 1069 1429 1102 in
1443 1068 1591 1103 Christo

206 1136 243 1168 15
257 1138 415 1170 cassum,
435 1133 489 1161 set
506 1126 756 1162 necessarium
774 1126 913 1171 pocius,
933 1126 1138 1161 secundum
1156 1127 1277 1170 legem
1293 1132 1432 1161 nature.
1483 1128 1589 1169 Item,
1606 1142 1633 1163 2.

255 1184 292 1218 in
320 1183 469 1219 Christo
494 1190 626 1218 natura
652 1185 815 1219 humana
840 1184 953 1219 nichil
982 1190 1094 1227 creat,
1116 1184 1203 1228 quia
1227 1183 1371 1218 creacio
1398 1183 1479 1227 sibi,
1506 1195 1591 1219 cum

256 1241 304 1276 sit
322 1248 498 1286 creatura,
516 1253 591 1276 non
609 1248 730 1286 potest
749 1248 957 1286 competere
974 1254 982 1286 ;
1010 1253 1054 1277 ex
1079 1242 1271 1277 creacione
1293 1253 1380 1277 vero
1406 1241 1528 1286 (sicuti
1555 1242 1591 1277 in

41 1313 150 1344 supra,
166 1302 222 1334 lib.
257 1299 438 1344 principio
449 1299 558 1334 huius
570 1299 690 1344 operis
703 1305 759 1334 est
771 1299 978 1344 ostensum)
994 1299 1180 1344 consurgit
1193 1299 1358 1334 divinum
1370 1299 1591 1334 dominium:

38 1347 106 1388 i·4·
257 1358 354 1392 unde
384 1368 613 1402 consequens
644 1363 700 1392 est
730 1357 829 1402 quod
864 1357 1031 1392 divinum
1060 1356 1267 1392 dominium
1300 1368 1376 1392 non
1412 1357 1591 1402 competit

204 1427 244 1449 20
258 1421 387 1449 nature
413 1415 584 1458 humane,
602 1426 672 1450 nec
697 1421 754 1450 est
777 1415 999 1459 principium
1027 1414 1283 1450 immediatum
1309 1414 1528 1449 dominandi
1555 1415 1591 1450 in

258 1473 360 1517 ipsa;
396 1479 450 1507 set
480 1472 690 1507 necessario
722 1473 834 1508 habet
864 1472 963 1507 aliud
997 1472 1206 1507 dominium
1233 1483 1299 1517 pro
1333 1472 1514 1517 principio
1547 1483 1591 1508 ac

166 1536 247 1566 19A
259 1530 365 1565 titulo
382 1529 611 1573 dominandi,
630 1530 778 1573 scilicet,
796 1531 999 1564 humanum
1015 1530 1032 1550 *
1047 1530 1264 1565 dominium.
1306 1531 1419 1565 Unde
1443 1536 1591 1565 constat

257 1588 356 1633 quod
380 1599 456 1622 non
483 1588 592 1622 debet
618 1587 655 1622 in
682 1587 831 1622 Christo
857 1587 999 1623 censeri
1026 1598 1186 1630 cassum,
1206 1587 1313 1622 sicuti
1335 1587 1372 1622 in
1390 1588 1473 1622 Deo
1491 1594 1589 1623 esset

256 1656 404 1680 cassum
430 1645 592 1687 omnino,
618 1645 654 1679 in
681 1656 753 1690 quo
780 1645 829 1679 ad
854 1656 1004 1679 omnem
1030 1656 1139 1679 usum
1166 1645 1291 1679 divino
1317 1644 1484 1680 dominio
1510 1645 1589 1681 sive

205 1709 243 1741 25
259 1704 342 1738 Deo
355 1714 556 1747 congruum
571 1702 925 1737 sufficientissimum
937 1709 1035 1738 esset
1051 1714 1158 1737 suum
1173 1702 1390 1745 dominium,
1409 1703 1587 1747 originale

257 1760 474 1795 dominium.
526 1762 632 1803 Item,
662 1760 711 1795 ad
740 1761 892 1805 plenum
925 1771 1032 1795 usum
1064 1771 1187 1794 rerum
1217 1760 1253 1794 in
1285 1760 1432 1795 Christo
1464 1760 1586 1805 (usum
1600 1767 1628 1799 3.

257 1818 474 1862 humanum,
501 1817 678 1862 intelligo)
707 1829 781 1852 non
814 1824 936 1863 potest
966 1818 1134 1853 sufficere
1164 1818 1330 1852 divinum
1360 1818 1588 1862 dominium3

257 1875 434 1920 quoniam
458 1887 529 1911 nec
553 1875 698 1911 iusticia
724 1875 851 1911 divina
875 1887 944 1910 nec
971 1875 1096 1910 divina
1122 1875 1325 1910 clemencia
1354 1887 1424 1910 nec
1454 1876 1588 1912 caritas

257 1933 383 1968 divina
409 1933 576 1968 sufficere
608 1940 728 1978 potest
755 1940 817 1968 aut
845 1933 963 1978 potuit
992 1933 1028 1967 in
1060 1933 1209 1968 Christo
1239 1934 1287 1968 ad
1313 1939 1419 1969 actus
1445 1933 1588 1970 iusticie

204 2006 244 2036 30
257 2002 321 2026 seu
335 1990 535 2026 clemencie
554 1991 630 2026 sive
644 1991 781 2026 amoris
798 1990 1005 2036 (humanos,
1021 1990 1212 2035 intelligo),
1226 1990 1320 2026 sicut
1333 2003 1401 2026 nec
1419 1991 1589 2036 potencia

258 2049 383 2083 divina
403 2048 440 2083 in
460 2048 608 2084 Christo
626 2049 792 2083 sufficere
818 2049 937 2093 potuit
963 2048 1012 2083 ad
1038 2055 1141 2083 actus
1167 2049 1351 2084 humanos
1376 2049 1412 2083 in
1440 2050 1590 2085 Christo

256 2106 404 2141 racione
437 2106 634 2150 potencie:
675 2106 862 2151 quoniam,
897 2106 927 2140 si
962 2112 1066 2140 actus
1105 2105 1238 2151 aliquis
1272 2107 1374 2141 fieret
1407 2118 1430 2141 a
1464 2106 1589 2142 divina

256 2163 428 2209 potencia
453 2163 675 2199 sufficienter
700 2164 737 2198 in
761 2164 886 2198 anima
905 2163 1052 2207 Christi,
1072 2163 1132 2198 ille
1150 2170 1256 2198 actus
1273 2170 1371 2199 esset
1397 2164 1522 2209 passio
1549 2164 1587 2199 in

257 2221 382 2256 anima
413 2221 561 2265 Christi,
588 2233 660 2256 non
687 2221 801 2265 accio,
829 2233 913 2256 cum
938 2222 986 2255 ab
1012 2233 1055 2256 ea
1084 2233 1158 2256 non
1189 2222 1312 2265 fieret;
1346 2227 1382 2256 et
1410 2222 1461 2256 ita
1489 2229 1588 2258 esset

205 2288 243 2320 35
257 2286 361 2314 actus
385 2278 539 2323 iusticie,
560 2279 730 2314 similiter
748 2279 946 2314 clemencie
971 2285 1007 2313 et
1024 2279 1172 2322 amoris,
1193 2279 1222 2313 si
1250 2279 1303 2314 sic
1329 2280 1442 2323 fieret,
1463 2280 1589 2324 passio

257 2337 347 2380 eius,
366 2348 441 2371 non
458 2337 571 2372 accio.
625 2337 731 2371 Idem
757 2336 993 2381 consequitur
1018 2337 1065 2371 de
1091 2343 1175 2371 actu
1203 2336 1370 2380 dominii,
1389 2337 1538 2381 scilicet,
1559 2338 1588 2373 si

258 2395 359 2429 fieret
386 2395 422 2429 in
450 2395 574 2429 anima
605 2394 743 2429 Christi
770 2406 792 2429 a
819 2394 945 2429 divino
973 2394 1147 2436 dominio,
1174 2393 1349 2438 intelligo,
1376 2395 1412 2429 in
1439 2395 1589 2430 racione

257 2452 411 2489 dominii
446 2452 676 2495 sufficienter,
711 2458 808 2487 esset
846 2452 972 2496 passio
1008 2452 1043 2485 in
1077 2452 1201 2486 anima
1235 2452 1324 2495 eius,
1360 2464 1433 2487 non
1475 2453 1588 2488 accio.

260 2511 392 2553 Immo,
420 2510 450 2544 si
476 2516 582 2544 acute
609 2510 792 2553 advertas,
820 2509 914 2544 sicut
940 2515 1044 2544 actus
1070 2509 1152 2543 talis
1179 2521 1201 2544 a
1228 2509 1371 2544 iusticia
1396 2510 1521 2545 divina
1550 2511 1587 2545 in
1601 2527 1631 2558 4.

204 2576 247 2607 40
259 2567 384 2602 anima
407 2567 542 2602 Christi
570 2568 794 2602 sufficienter
818 2567 1019 2612 productus
1045 2578 1120 2601 non
1146 2567 1316 2602 redderet
1340 2568 1525 2603 Christum
1551 2569 1588 2603 in

259 2625 487 2659 humanitate
517 2625 654 2659 iustum
683 2625 720 2659 in
747 2632 844 2668 actu,
874 2625 1024 2667 scilicet,
1054 2625 1146 2659 iuste
1179 2631 1365 2669 agentem,
1394 2626 1481 2670 quia
1513 2637 1589 2661 non

258 2689 357 2718 esset
389 2688 493 2718 actus
525 2690 655 2717 nature
691 2683 827 2717 Christi
862 2683 1044 2727 humane;
1081 2683 1134 2717 sic
1167 2694 1237 2718 nec
1270 2689 1374 2718 actus
1408 2695 1430 2718 a
1464 2684 1589 2719 divino

260 2740 424 2775 dominio
436 2740 486 2775 ita
500 2741 699 2785 productus
711 2740 881 2775 redderet
896 2740 1084 2775 Christum
1095 2741 1308 2775 humanitus
1322 2741 1588 2777 dominantem.

263 2799 376 2833 Unde
394 2797 628 2843 consequitur
647 2799 746 2843 quod
764 2798 812 2833 ad
830 2804 933 2833 actus
959 2799 1141 2833 humanos
1159 2799 1383 2834 exercendos
1400 2811 1423 2834 a
1442 2799 1587 2835 Christo
1601 2806 1631 2839 5·

1784 217 1864 264 351
