2008 3305
151 181 203 223 72
826 181 893 211 DE
926 179 1141 212 DOMINIO
1173 179 1349 211 D1V1No
1587 167 1692 226 [CAP.
1716 181 1756 209 x.

424 294 548 331 dentis
595 305 721 342 agere,
762 293 984 342 producitur
1021 305 1069 330 ex
1107 293 1309 331 movencia
1348 291 1421 329 Dei
1459 297 1495 329 et
1534 291 1675 329 obiecti
1714 290 1762 329 de
1785 295 1889 337 [24A

423 364 604 413 potencia
637 364 794 401 materie
827 364 886 400 vel
916 364 1085 401 subiecti.
1158 362 1251 401 Non
1285 363 1389 400 enirn
1421 369 1509 400 sunt
1538 361 1763 399 aceidencia

425 435 551 472 anime
587 446 646 472 res
685 434 779 472 tales
818 446 894 483 que
928 440 1108 482 poterunt
1139 446 1206 483 per
1240 446 1282 472 se
1315 445 1410 471 esse.
1478 433 1529 470 Et
1560 445 1629 482 per
1659 432 1762 469 idem

427 507 597 555 sequitur
630 505 736 554 quod
765 505 1002 542 luminosum
1032 517 1112 542 non
1147 511 1251 542 creat
1279 503 1533 553 producendo
1563 504 1602 540 in
1632 502 1762 540 medio

426 577 484 614 vel
518 577 557 613 in
589 588 712 613 vacuo
746 576 878 613 lumen
911 588 1034 621 suum,
1062 576 1151 625 quia
1180 575 1311 612 lumen
1339 575 1571 619 huiusmodi,
1601 586 1689 611 cum
1719 573 1796 616 sit5

427 647 634 696 disposicio
669 660 743 696 que
771 654 828 684 est
856 647 1026 684 medium
1055 647 1281 692 illuminare,
1307 646 1480 683 educitur
1508 646 1555 682 de
1585 645 1765 694 potencia

427 718 597 763 subiecti,
620 725 660 754 ut
682 723 806 755 cetere
828 717 1039 766 qualitates.
1101 717 1197 754 Sunt
1218 723 1346 754 autem
1366 717 1431 765 qui
1461 721 1613 765 ponunt
1634 715 1764 752 huius-

426 789 530 826 modi
551 788 768 826 accidencia
796 800 878 826 esse
905 800 965 825 res
991 788 1200 833 absolutas,
1222 799 1295 836 que
1316 793 1498 836 poterunt
1518 799 1587 835 per
1607 798 1647 823 se
1669 797 1765 830 esse,

426 866 467 896 ut
487 860 688 908 qualitates
718 860 862 908 primas
891 860 930 896 in
962 859 1088 897 hostia
1113 858 1172 896 vel
1206 858 1324 896 calice
1355 863 1582 895 consecrato
1615 864 1766 906 ponunt

428 942 613 979 generare
629 930 848 976 molliciem,
861 930 1093 974 acredinem,
1101 929 1160 967 vel
1173 929 1287 966 aliam
1295 929 1515 978 qualitatem
1529 927 1739 965 secundam
1755 939 1765 972 3
1782 940 1822 962 10

430 1012 505 1050 que
529 1001 662 1038 omnia
686 1007 775 1038 sunt
802 1001 978 1038 absolute
1004 1000 1175 1038 essencie
1202 1000 1406 1049 possibiles
1427 1012 1496 1048 per
1516 1011 1556 1036 se
1577 1011 1662 1036 esse
1684 998 1766 1035 sine

430 1071 504 1109 hoc
542 1073 648 1121 quod
687 1072 908 1109 substancia
946 1071 1077 1121 quevis
1116 1071 1200 1120 ipsa
1238 1070 1416 1119 recipiat:
1458 1082 1562 1118 ymo,
1594 1076 1637 1106 ut
1675 1068 1767 1106 alias

430 1142 596 1188 ostendi,
618 1155 690 1180 nec
720 1143 914 1192 quantitas
949 1154 1022 1179 nec
1054 1141 1218 1190 qualitas
1249 1141 1352 1190 ipsas
1382 1141 1518 1190 recipit
1549 1140 1766 1177 subiective.

430 1213 510 1250 Illis
531 1220 658 1250 autem
687 1214 861 1262 relinquo
882 1212 1179 1250 sollicitudinem
1209 1211 1506 1260 responsionum
1527 1210 1576 1248 ad
1596 1211 1769 1248 obiectus

430 1283 664 1329 huiusmodi,
685 1283 847 1321 credens
870 1283 987 1333 quod,
1010 1283 1040 1320 si
1069 1289 1244 1320 creatura
1267 1289 1398 1331 posset
1417 1281 1633 1332 producere
1653 1282 1767 1319 abso-
1784 1292 1822 1325 15

430 1354 551 1390 lutam
573 1355 787 1390 essenciam
812 1354 894 1391 sine
924 1354 1194 1403 presupposita
1218 1359 1348 1390 creata
1371 1353 1557 1399 essencia,
1579 1352 1661 1389 sine
1690 1352 1767 1389 hoc

431 1424 538 1475 quod
568 1425 739 1462 subiecta
762 1425 983 1462 substancia
1009 1424 1066 1462 vel
1096 1437 1214 1462 causa
1243 1424 1415 1462 secunda
1445 1424 1570 1473 ipsam
1598 1423 1769 1472 recipiat,

430 1495 645 1533 secundum
666 1507 777 1532 suam
798 1502 996 1532 causatam
1017 1496 1236 1544 potenciam
1256 1507 1343 1532 vere
1367 1501 1498 1543 posset
1518 1506 1659 1539 creare,
1680 1506 1769 1531 cum

432 1566 450 1585 *
474 1579 603 1604 creare
625 1566 671 1603 sit
691 1565 904 1614 producere
925 1566 1144 1603 absolutam
1164 1566 1379 1604 essenciam
1399 1565 1481 1603 sine
1500 1564 1769 1614 presupposita
1782 1568 1813 1597 B

431 1643 559 1674 creata
580 1637 753 1674 essencia
775 1643 1049 1674 concausante.
1783 1645 1825 1668 20

151 1725 174 1748 3-
197 1714 259 1740 The
272 1719 398 1739 creature
486 1708 629 1746 Tercio
664 1708 923 1757 principaliter
954 1708 1101 1745 videtur
1135 1707 1261 1745 inferri
1301 1707 1406 1756 quod
1438 1705 1675 1756 impossibile
1713 1712 1771 1743 est

152 1758 204 1774 can
218 1749 340 1780 produce
355 1756 401 1772 uo-

152 1779 419 1842 tfihrisrggcffgacteepittfhd
434 1785 650 1817 creaturam
691 1779 904 1828 quidquam
941 1778 1155 1828 producere
1192 1778 1264 1815 nisi
1296 1777 1404 1815 Deus
1445 1778 1548 1826 prius
1589 1776 1771 1814 creaverit

434 1850 526 1887 illud
547 1849 649 1887 idem
667 1861 674 1886 ε
705 1862 797 1886 nam
818 1849 848 1886 si
869 1856 1045 1886 creatura
1062 1848 1273 1898 quidquam
1289 1848 1523 1897 produxerit,
1538 1847 1645 1884 Deus
1667 1847 1771 1895 prius

435 1927 473 1959 et
494 1920 738 1970 principalius
758 1919 848 1957 illud
869 1919 995 1965 efficit,
1017 1931 1105 1957 cum
1132 1919 1324 1957 concurrit
1350 1919 1389 1956 in
1420 1919 1580 1956 accione
1605 1918 1772 1967 qualibet

437 1998 628 2037 creature;
659 1997 695 2028 et
724 2003 813 2028 cum
842 2003 912 2039 pro
942 1990 1005 2027 illo
1035 1990 1149 2039 priori
1179 2002 1259 2027 non
1290 1990 1453 2027 coefficit
1474 1989 1532 2026 vel
1562 1994 1772 2026 concausat
1787 2002 1825 2035 25

437 2063 563 2112 aliqua
606 2069 789 2106 creatura,
821 2061 988 2110 sequitur
1027 2061 1238 2098 conclusio.
1307 2060 1415 2097 Deus
1448 2060 1552 2097 enirn
1581 2060 1773 2098 concurrit

436 2147 525 2171 cum
551 2133 717 2182 qualibet
744 2138 916 2169 creatura
941 2132 1261 2169 communicative
1291 2130 1567 2169 concausando
1591 2143 1680 2169 cum
1699 2131 1773 2177 illa,

437 2211 473 2242 et
496 2210 620 2254 preter
642 2203 715 2241 hoc
742 2203 858 2240 habet
882 2203 1074 2252 propriam
1105 2202 1350 2240 causanciam
1380 2202 1420 2238 in
1450 2213 1526 2250 qua
1555 2213 1635 2238 non
1665 2213 1772 2239 com-

437 2276 608 2313 municat
642 2281 837 2312 creatura:
881 2280 921 2311 ut
951 2274 981 2311 si
1012 2273 1145 2310 Petrus
1185 2273 1364 2322 producit
1397 2278 1548 2310 motum
1576 2272 1635 2309 vel
1668 2272 1772 2309 aliud

438 2346 618 2384 accidens
639 2345 892 2394 respectivum
914 2344 1019 2393 quod
1038 2344 1185 2382 videtur
1206 2356 1228 2381 a
1251 2343 1452 2381 creacione
1475 2342 1641 2380 maxime
1665 2343 1772 2380 elon—
1788 2360 1828 2390 30

439 2424 583 2467 gatum,
614 2415 721 2453 Deus
750 2416 854 2465 prius
883 2422 1055 2464 tempore
1076 2420 1113 2451 et
1132 2420 1266 2452 natura
1291 2413 1469 2463 producit
1491 2414 1617 2462 ipsum
1636 2414 1676 2452 in
1696 2414 1775 2452 suis

438 2487 647 2537 principiis,
669 2492 710 2523 ut
738 2487 776 2523 in
804 2486 935 2535 spiritu
966 2492 1003 2523 et
1034 2485 1072 2522 in
1102 2485 1256 2523 attomis
1287 2484 1603 2533 principiantibus
1634 2495 1774 2534 corpus

440 2558 550 2603 Petri,
566 2564 602 2594 et
621 2569 763 2607 genere
784 2556 962 2605 analogo,
984 2568 1072 2593 cum
1094 2555 1173 2592 aliis
1195 2555 1319 2593 causis
1341 2555 1520 2592 secundis
1540 2555 1774 2604 principian-

439 2631 539 2665 tibus
560 2630 685 2677 ipsum
707 2628 873 2674 Petrum,
894 2627 933 2663 in
954 2626 1092 2676 quibus
1116 2626 1319 2663 virtualiter
1339 2625 1396 2663 vel
1425 2625 1658 2674 originaliter
1683 2637 1773 2675 pro-

477 2776 513 2794 14-
538 2766 752 2797 mspnnsismum
768 2764 789 2789 B
802 2771 807 2789 t
829 2763 889 2789 {72⁰³
902 2764 925 2788 A
936 2763 967 2788 C.
1057 2771 1097 2788 21.
1121 2761 1231 2794 infi’rri
1243 2762 1282 2787 B:
1303 2761 1415 2794 inferre
1428 2761 1453 2787 A
1464 2761 1495 2788 C.
1578 2763 1617 2787 26.
1640 2761 1717 2787 enim
1731 2759 1772 2786 B:

440 2808 495 2825 non
510 2800 534 2824 A
547 2806 552 2825 :
577 2804 611 2825 ιιῡ
625 2799 656 2831 C,
671 2799 762 2824 littera
775 2802 789 2823 ὁ
802 2798 829 2823 in
843 2802 921 2829 parte
935 2805 1021 2822 erasa.
1127 2804 1165 2828 34.
1188 2797 1196 2825 ΙΙ
1210 2796 1305 2828 ίρενιηι
1320 2796 1342 2820 B
1356 2795 1372 2820 f.
1390 2805 1438 2828 223
1450 2803 1474 2820 Α.
