2008 3305
203 1201 258 1227 His
271 1200 395 1233 lordship
409 1200 431 1226 is

200 1241 311 1267 greater
322 1236 389 1260 than
404 1235 466 1260 that

201 1269 233 1294 of
242 1278 299 1301 any
312 1269 393 1294 other

201 1303 259 1328 lord
272 1310 278 1333 ς

202 1343 243 1367 for
257 1342 291 1366 he
304 1341 355 1367 has
368 1350 426 1373 use,

201 1376 228 1401 iz.
248 1377 277 1400 of
290 1375 337 1400 the
350 1384 463 1401 essence

201 1409 287 1435 ofthe
301 1414 437 1440 creature,

202 1554 224 1579 b.
247 1555 278 1580 of
287 1554 329 1581 his
343 1554 406 1581 sub-

202 1594 307 1620 stance‚

201 2056 256 2081 and

200 2099 223 2117 c.
245 2090 277 2115 os
285 2088 328 2115 his
342 2090 413 2116 acci-

200 2124 293 2150 dents.

879 227 943 258 DE
979 227 1194 258 mommo
1226 224 1400 259 DiviNo
1652 216 1757 274 [mr.
1781 229 1817 256 v.

484 342 530 378 sit
551 341 604 378 uti
628 341 713 387 Dei,
735 349 790 379 est
812 342 849 378 in
872 342 958 379 Deo
984 342 1204 388 formaliter,
1227 349 1262 380 et
1287 343 1472 380 obiective
1496 343 1552 379 vel
1578 343 1820 379 materialiter
1834 342 1926 384 [lCC

483 413 521 448 in
549 418 722 449 creatura
749 425 795 450 ex
824 412 904 450 eius
933 414 1220 462 gubernacione
1250 421 1401 460 creata3
1438 421 1474 450 et
1504 426 1581 450 non
1614 413 1821 451 formaliter

482 483 717 531 gubernacio
748 484 868 521 activa
889 484 946 521 vel
977 485 1139 533 passiva,
1165 490 1205 520 ut
1235 490 1338 533 patet
1368 484 1658 533 methaphisico.
1715 484 1820 521 Usus

482 555 608 603 itaque
643 567 759 603 quem
796 554 904 592 Deus
938 555 1052 592 habet
1086 555 1132 592 de
1169 567 1399 604 quacunque
1433 561 1605 592 creatura
1644 555 1820 592 consistit

483 625 689 662 inmediate
717 632 752 662 et
780 626 1023 663 materialiter
1045 627 1084 662 in
1113 627 1250 663 eadem
1279 627 1452 663 essencia
1472 633 1508 663 et
1528 627 1566 663 in
1588 638 1818 676 quacunque
1836 641 1851 671 5

483 697 564 733 eius
594 697 796 734 causancia
827 697 1023 744 ordinata;
1063 705 1113 742 ut,
1136 709 1183 735 eo
1211 698 1296 746 ipso
1323 698 1427 746 quod
1456 704 1628 735 creatura
1652 697 1740 734 facit
1760 697 1820 735 vel

480 774 614 803 causat
635 767 739 816 quod
761 767 887 814 debet,
910 766 1016 805 Deus
1038 768 1120 817 ipsa
1141 768 1269 805 utitur.
1326 768 1377 805 Et
1398 780 1486 805 cum
1508 768 1648 805 claudit
1669 774 1819 805 contra-

481 838 708 883 diccionem‚
730 845 943 875 creaturam
965 851 1048 875 esse
1069 851 1139 888 pro
1163 839 1287 887 primo
1308 839 1463 875 instanti
1484 839 1618 876 mundi
1639 838 1696 875 vel
1717 839 1820 884 alias,

482 910 553 945 nisi
580 916 711 946 causet
732 909 838 958 quod
861 910 986 956 debet,
1010 916 1113 959 patet
1139 910 1248 959 quod
1275 922 1355 947 non
1382 917 1509 959 potest
1538 922 1623 947 esse
1650 919 1820 947 creatura

481 980 552 1016 nisi
580 980 663 1028 ipsa
691 979 799 1017 Deus
826 979 843 999 *
871 986 1021 1027 utatur;
1057 981 1222 1030 quelibet
1250 981 1353 1017 enim
1381 980 1619 1030 particularis
1647 987 1866 1018 creaturan

482 1052 681 1089 causando
711 1052 857 1100 perficit
892 1052 1121 1098 universum,
1154 1058 1190 1089 et
1220 1052 1346 1101 ipsum
1376 1052 1596 1089 universum
1627 1052 1821 1100 reciproce

485 1123 646 1160 finaliter
661 1129 791 1160 causat
806 1123 1019 1172 quamlibet
1033 1123 1112 1160 eius
1127 1129 1276 1172 partem
1290 1123 1533 1160 materialiter
1545 1130 1821 1160 recausantem.

541 1194 588 1231 Et
616 1201 730 1243 patet,
752 1194 856 1230 iuxta
881 1194 1117 1231 sentenciam
1145 1194 1416 1242 supradictam,
1441 1193 1546 1243 quod
1572 1193 1678 1230 Deus
1708 1193 1822 1230 habet

488 1265 612 1302 maius
635 1265 848 1303 dominium
870 1277 984 1314 super
1005 1264 1218 1314 quamlibet
1241 1264 1322 1301 eius
1342 1271 1567 1310 creaturam,
1590 1277 1706 1314 quam
1727 1265 1822 1302 alius

487 1336 668 1374 dominus
690 1336 830 1374 habere
861 1336 1010 1385 poterit.
1069 1335 1174 1373 Nam
1195 1336 1275 1385 ipse
1300 1335 1417 1372 utitur
1438 1336 1611 1373 essencia
1636 1342 1762 1373 creata
1781 1336 1820 1372 in
1840 1344 1875 1376 15

486 1416 673 1458 quantum
706 1408 790 1457 ipsa
821 1407 1043 1445 naturaliter
1073 1407 1161 1444 dicit
1190 1406 1319 1444 Deum
1348 1419 1432 1444 esse
1464 1419 1577 1444 suum
1608 1407 1821 1453 dominum,

484 1481 589 1530 quod
613 1480 754 1517 faceret
784 1480 852 1517 etsi
873 1491 953 1516 non
981 1486 1079 1517 esset
1103 1479 1271 1515 mundus
1291 1478 1349 1516 vel
1378 1478 1481 1515 aliud
1509 1479 1591 1516 eius
1621 1479 1822 1516 servicium

488 1551 689 1588 fundatum
709 1551 748 1588 in
770 1550 1040 1588 accidentibus.
1100 1549 1280 1587 Secundo
1301 1550 1416 1587 utitur
1436 1549 1543 1587 Deus
1564 1557 1748 1595 creatura,
1762 1557 1821 1587 ut-

485 1630 578 1672 puta
598 1629 725 1660 creata
746 1622 974 1667 substancia,
988 1634 1034 1658 ex
1055 1621 1130 1658 hoc
1151 1621 1256 1671 quod
1276 1621 1360 1670 ipsa
1380 1634 1426 1658 ex
1447 1621 1627 1670 potencia
1641 1620 1699 1658 vel
1719 1621 1821 1658 suffi-

482 1695 627 1733 ciencia
666 1694 913 1731 substanciali
951 1694 1158 1730 intrinseca
1197 1693 1372 1742 producit
1411 1692 1561 1729 adintra
1599 1699 1727 1729 actum
1761 1692 1817 1730 vel
1836 1705 1876 1727 20

482 1766 672 1811 formam3
717 1772 754 1803 et
785 1764 953 1802 secundo
984 1778 1031 1802 ex
1062 1764 1297 1802 sufficiencia
1326 1776 1403 1814 qua
1433 1764 1654 1802 substancia
1683 1763 1819 1800 sufficit

483 1843 663 1886 appetere
688 1836 886 1874 actualiter
913 1849 1025 1874 31111111
1052 1848 1148 1883 esse,
1176 1849 1220 1874 ac
1244 1836 1415 1885 appetitu
1441 1835 1579 1873 actuali
1605 1834 1819 1872 secundum

482 1908 660 1945 ultimum
690 1908 760 1945 sibi
789 1908 971 1957 possibile
1001 1907 1176 1957 procedit
1205 1907 1328 1944 finalis
1357 1907 1548 1957 quietacio
1568 1906 1626 1944 vel
1659 1912 1819 1943 conten-

482 1979 584 2017 tacio
604 1979 642 2015 in
664 1991 734 2016 suo
755 1991 851 2024 esse,
873 1984 920 2024 et,
941 1985 982 2016 ut
1004 1979 1069 2024 sic,
1092 1979 1261 2028 quelibet
1285 1984 1459 2016 creatura
1478 1977 1645 2015 ostendit
1665 1983 1818 2014 natura-

487 2051 569 2088 liter
589 2050 829 2088 Trinitatem.
888 2050 1031 2087 Tercio
1050 2050 1164 2087 utitur
1188 2049 1295 2087 Deus
1325 2049 1545 2087 huiusmodi
1575 2056 1750 2087 creatura
1777 2053 1819 2084 ut
1835 2059 1873 2091 25

487 2124 570 2173 ipsa
590 2122 791 2172 principiat
812 2121 1007 2170 propriam
1027 2121 1248 2170 passionem
1264 2121 1321 2158 vel
1341 2127 1465 2158 cetera
1486 2120 1705 2158 accidencia
1726 2132 1816 2170 que-

481 2207 633 2245 cunque
665 2193 894 2243 separabilia
923 2193 980 2230 vel
1010 2192 1289 2242 inseparabilia,
1320 2192 1411 2229 dum
1441 2193 1480 2229 in
1515 2192 1645 2241 aliquo
1675 2192 1817 2230 directe

480 2266 624 2304 faciunt
656 2265 694 2302 in
726 2264 1078 2314 pulcrificacionem
1109 2263 1298 2301 universi:
1341 2263 1444 2300 nulla
1477 2269 1605 2301 autem
1645 2269 1817 2301 creatura

481 2339 596 2375 utitur
616 2337 689 2374 alia
712 2336 784 2373 nisi
805 2335 851 2373 de
873 2341 1019 2385 quanto
1045 2341 1104 2372 est
1126 2334 1197 2371 sibi
1219 2334 1320 2371 utilis
1344 2334 1557 2372 secundum
1585 2334 1712 2384 aliqua
1735 2335 1816 2372 eius

482 2408 732 2446 accidentalia
749 2420 758 2453 3
787 2412 823 2444 et
845 2406 897 2443 310
924 2419 1004 2443 11011
1024 2405 1242 2443 immediate
1266 2406 1380 2443 utitur
1399 2405 1573 2442 essencia
1593 2411 1634 2442 ut
1655 2412 1814 2452 creator,
1830 2417 1872 2448 30

484 2480 551 2518 sed
586 2485 732 2517 tantum
768 2477 1031 2515 accidentibus
1063 2477 1135 2514 sub
1167 2477 1323 2514 racione
1355 2488 1432 2526 qua
1462 2477 1611 2513 bonum
1641 2476 1731 2513 utile
1761 2477 1815 2514 sic

483 2551 614 2590 utenti.
670 2549 797 2595 Unde,
820 2549 917 2587 sicut
945 2548 1127 2586 accidens
1152 2560 1231 2586 non
1252 2554 1308 2585 est
1328 2560 1397 2586 ens
1427 2547 1499 2584 nisi
1519 2547 1608 2597 quia
1631 2547 1727 2585 entis
1748 2545 1813 2597 (ex

517 2665 556 2687 14.
576 2653 672 2680 eiusin
688 2653 710 2679 B
725 2658 903 2686 expunctum.
946 2662 985 2678 21.
1007 2651 1127 2677 secundo
1141 2650 1190 2684 (2⁰)
1204 2651 1229 2677 A
1240 2651 1279 2678 C:
1301 2655 1328 2684 3⁰
1343 2650 1374 2677 B.
1418 2660 1459 2684 31·
1482 2652 1490 2681 ΙΙ
1503 2650 1607 2677 bonum
1621 2651 1643 2677 B
1656 2651 1675 2676 f.
1690 2652 1739 2677 216
1749 2659 1777 2676 D.

528 2749 568 2779 24
603 2739 768 2780 Compare
793 2737 911 2777 below,
940 2749 971 2779 p.
1001 2744 1052 2778 57,
1077 2737 1141 2769 and
1167 2738 1221 2768 the
1252 2737 1423 2778 analogies
1455 2736 1617 2768 collected
1651 2737 1693 2776 by
1721 2737 1814 2767 Peter

482 2792 662 2827 Lombard⁷
679 2791 825 2822 Sentent.
845 2791 864 2821 i.
884 2800 901 2830 3
919 2801 973 2832 pp.
998 2799 1032 2820 11
1054 2800 1134 2831 seq„
1152 2790 1299 2820 Louvain
1322 2789 1424 2829 15683
1449 2799 1500 2820 see
1517 2788 1588 2820 also
1605 2789 1678 2821 dist.
1699 2797 1737 2819 10
1754 2799 1808 2829 pp.

484 2851 522 2883 35
542 2853 606 2885 seq.
659 2843 729 2874 The
746 2842 876 2883 general
894 2842 1007 2874 notion
1026 2842 1052 2873 is
1069 2842 1165 2873 taken
1185 2842 1266 2872 from
1285 2841 1315 2872 S.
1337 2842 1510 2882 Augustin.
