2008 3305
146 202 226 244 292

340 1165 408 1199 IX.

140 1210 168 1235 Is
182 1209 269 1236 God’s
282 1210 387 1236 lordshi

137 1243 278 1269 alienated
291 1244 328 1276 hy
341 1245 388 1270 the

137 1277 315 1303 commission
329 1278 361 1303 of

137 1310 180 1335 his
193 1316 376 1342 government

136 1348 165 1369 to
179 1344 225 1369 the
239 1345 355 1377 angels?

818 200 1020 232 RICARDI
1051 198 1350 231 ARMACHANI
1808 181 1908 242 [Lm.
1929 198 1958 229 1.

421 302 658 347 racionalem,
687 314 756 348 que
782 305 891 348 pleno
916 304 992 338 iure
1023 303 1206 338 servitutis
1233 302 1302 336 sibi
1330 300 1515 344 subicitur,
1544 299 1739 334 transferre
1757 303 1827 344 [513

420 372 493 395 non
523 367 669 405 posset;
706 373 750 396 eo
780 361 930 396 instanti
965 372 1037 406 quo
1071 361 1160 394 illud
1193 360 1408 394 transferret
1442 358 1478 393 in
1513 369 1669 401 servum,
1700 368 1743 391 ex
1757 355 1927 396 quopleno

419 419 662 453 abdicacione
692 419 843 453 dominii
874 419 950 453 sive
980 417 1236 460 translacione,
1264 419 1367 451 Deus
1397 416 1560 451 dominio
1591 416 1652 449 illo
1682 426 1743 449 ca·
1758 406 1790 429 Β·

420 484 538 519 reret;
565 483 600 511 et
623 478 754 511 eodem
780 477 931 510 instanti
957 488 999 510 ex
1025 475 1273 520 acquisicione
1296 474 1447 509 dominii
1471 474 1565 508 illius
1589 485 1611 507 a
1636 484 1743 507 servo

421 535 524 568 Deus
552 533 640 568 illud
670 534 769 569 idem
799 535 1005 569 dominium
1036 534 1241 575 obtineret;
1280 539 1315 567 et
1347 533 1399 567 ita
1428 533 1559 567 eodem
1589 531 1774 570 instanti5

420 593 572 626 haberet
601 604 678 626 rem
712 592 812 626 illam
848 604 912 627 seu
944 593 1022 627 eius
1053 591 1271 634 domin-ium,
1300 597 1335 625 et
1369 602 1413 625 eo
1443 597 1606 625 careret:
1644 590 1742 634 quod

420 649 506 694 quia
531 649 868 684 contradiccionem
892 650 1056 693 includit,
1078 650 1229 684 omnino
1253 648 1490 693 consequitur
1513 648 1612 692 quod
1637 649 1743 682 Deus

419 719 525 741 suum
552 708 727 752 originale
753 707 971 751 dominium,
998 707 1167 751 intelligo
1193 706 1397 741 dominium
1427 705 1497 740 sibi
1529 711 1743 750 competens

418 777 461 799 ex
494 777 616 800 rerum
648 767 799 810 origine,
831 777 1066 810 nequaquam
1095 777 1117 799 a
1148 775 1187 799 se
1215 770 1337 809 potest
1366 776 1434 798 usu
1461 764 1582 809 aliquo
1612 769 1674 797 aut
1703 763 1741 797 in

417 835 615 868 personam
644 824 805 869 aliquam
836 824 995 858 alienare
1025 823 1103 857 sive
1133 824 1350 865 transferre3
1390 835 1458 857 nec
1488 824 1612 857 obstat
1643 822 1740 867 quod
1757 833 1796 855 10

417 882 558 916 domini
585 883 807 926 temporales
834 889 988 927 possunt
1014 893 1080 916 sua
1106 881 1272 916 dominia
1298 881 1471 915 abdicare
1498 880 1551 915 eis
1576 881 1743 915 humani-

418 946 477 974 tus
507 940 695 984 acquisita,
725 940 898 984 quoniam
932 940 1002 974 hoc
1033 946 1087 974 est
1122 945 1273 984 propter
1302 938 1583 983 ignobilitatem,
1609 938 1744 982 fragili-

418 1004 545 1039 tatem,
565 1004 600 1032 et
618 997 839 1042 parvitatem
857 997 992 1041 vigoris
1017 998 1100 1032 talis
1125 997 1292 1040 dominii,
1312 997 1404 1031 sicut
1426 996 1520 1031 infra
1543 997 1639 1031 clare
1660 1007 1743 1041 pro-

418 1055 563 1100 spicies,
583 1056 733 1100 quando
751 1055 798 1090 de
818 1056 886 1090 illis
906 1056 1078 1090 dominiis
1098 1067 1218 1090 sermo
1238 1055 1309 1089 fiet.

470 1171 699 1205 IOHANNES.
728 1171 776 1204 Et
795 1170 903 1204 istam
921 1169 1039 1204 eciam
1056 1169 1242 1203 racionem
1257 1169 1480 1213 amplector:
1506 1174 1561 1203 set
1576 1167 1743 1213 quamvis
1760 1173 1796 1205 15

389 1220 407 1243 p
420 1228 566 1262 firmum
591 1227 723 1263 existat
751 1228 849 1273 quod
874 1229 977 1262 Deus
1001 1227 1160 1272 primum
1184 1227 1387 1261 dominium
1411 1238 1516 1261 suum
1543 1237 1650 1271 super
1672 1237 1742 1267 reS,

418 1292 480 1320 aut
501 1285 620 1320 eciam
644 1286 858 1328 secundum,
876 1286 1035 1320 alienare
1057 1296 1133 1318 non
1156 1284 1271 1329 possit
1295 1284 1404 1328 (sicut
1426 1284 1604 1329 premisse
1627 1285 1740 1319 racio-

417 1355 483 1378 nes
503 1350 672 1388 patenter
689 1342 915 1387 ostendunt),
935 1343 981 1377 de
1004 1342 1120 1377 tercio
1136 1348 1260 1377 tamen
1279 1342 1454 1385 dominio,
1475 1342 1623 1386 scilicet,
1643 1343 1741 1387 quod

418 1403 500 1436 Deo
538 1401 687 1436 racione
725 1400 1008 1445 gubernacionis
1050 1400 1238 1444 competit,
1274 1400 1374 1445 quod
1412 1407 1450 1434 tu
1484 1411 1591 1434 usum
1626 1400 1740 1435 divini
1757 1402 1958 1430 tzcusumM:

415 1459 568 1493 dominii
610 1460 825 1493 decreveras
862 1459 1061 1503 appellare,
1095 1458 1257 1502 efflagito
1291 1464 1330 1492 ut
1368 1458 1542 1492 ostendas
1575 1458 1742 1503 nunquid
1757 1453 1794 1472 m
1810 1453 1873 1472 usu
1889 1450 1919 1472 Β·

416 1518 519 1552 Deus
553 1523 673 1561 potest
703 1517 801 1551 istud
831 1517 987 1551 tercium
1016 1515 1219 1550 dominium
1246 1516 1406 1550 alienare
1435 1515 1511 1550 sive
1543 1517 1742 1551 transferre
1754 1513 1932 1545 decreveris

415 1575 451 1609 in
484 1575 656 1620 aliquem.
721 1576 815 1609 Cum
843 1574 942 1610 enim
975 1574 1096 1618 angeli
1128 1580 1212 1608 sunt
1243 1580 1404 1608 motores
1435 1575 1607 1617 celorum,
1634 1580 1673 1609 ut
1703 1574 1741 1609 in
1755 1564 1785 1586 Β·

414 1633 648 1678 philosophia
667 1632 875 1675 didicimus,
895 1639 930 1667 et
948 1632 1186 1666 nihilominus
1206 1632 1409 1666 secundum
1427 1632 1637 1677 apostolum
1661 1643 1741 1666 om-

414 1703 480 1726 nes
508 1697 590 1725 sunt
616 1690 918 1725 administratorii
950 1689 1096 1735 spiritus
1126 1690 1162 1724 in
1190 1690 1432 1724 ministerium
1462 1690 1564 1724 missi
1591 1696 1741 1735 propter

413 1761 477 1783 eos
501 1750 570 1793 qui
589 1749 831 1783 hereditatem
855 1750 1012 1793 capiunt
1033 1748 1170 1782 salutis
1192 1748 1253 1791 (ad
1274 1748 1445 1782 Hebreos
1464 1748 1486 1782 i.
1509 1747 1577 1791 14),
1596 1747 1741 1782 videtur
1756 1758 1793 1789 25

414 1807 512 1852 quod
532 1807 630 1840 istud
648 1806 800 1841 tercium
819 1806 1023 1842 dominium
1042 1806 1087 1840 sit
1106 1806 1306 1840 alienatum
1324 1817 1346 1840 a
1365 1807 1446 1840 Deo
1465 1812 1501 1840 et
1520 1806 1740 1840 translatum

415 1865 451 1898 in
482 1865 644 1908 angelos,
672 1876 715 1898 ex
742 1875 813 1908 quo
840 1875 952 1898 causa
977 1864 1065 1907 eius,
1094 1863 1240 1906 scilicet,
1268 1863 1489 1907 gubernacio
1516 1875 1637 1898 rerum
1663 1864 1740 1899 sive

415 1923 588 1966 regimen,
607 1928 661 1956 est
679 1922 897 1956 translatum
916 1921 953 1955 in
971 1921 1082 1966 ipsos.

462 1982 691 2014 RICARDUS.
712 1979 957 2022 Gubernacio,
973 1986 1010 2014 ut
1025 1979 1097 2013 iam
1114 1979 1198 2022 dixi,
1213 1986 1268 2014 est
1283 1991 1369 2014 usus
1385 1979 1550 2023 dominii,
1565 1991 1638 2014 non
1656 1991 1738 2025 pro-

414 2038 490 2082 prie
509 2037 726 2081 dominium,
745 2038 1031 2082 appellandum:
1059 2049 1131 2071 non
1159 2037 1280 2072 minus
1306 2037 1406 2072 racio
1432 2044 1496 2071 tua
1520 2038 1622 2081 fallit,
1649 2049 1737 2083 quo·
1753 2048 1794 2079 30

413 2095 512 2129 niam
526 2107 600 2129 non
614 2101 692 2129 tota
706 2095 931 2139 gubernacio
947 2107 1067 2129 rerum
1082 2096 1221 2139 angelis
1235 2096 1300 2130 sed
1315 2095 1486 2140 parcialis
1501 2102 1535 2130 et
1551 2095 1667 2130 facilis
1680 2103 1735 2130 est

412 2152 632 2195 commissa;
661 2152 835 2198 quoniam
859 2164 927 2187 nec
951 2153 1070 2197 angeli
1094 2160 1249 2197 possunt
1272 2165 1393 2187 rerum
1416 2155 1621 2188 naturalem
1639 2155 1734 2189 ordi-

411 2222 496 2245 nem
519 2211 642 2256 quoad
666 2212 747 2245 loca
769 2217 804 2245 et
827 2218 949 2245 motus
972 2211 1106 2245 locales
1129 2210 1373 2254 alteracionis‚
1397 2211 1595 2255 augmenti,
1614 2219 1649 2246 et
1670 2213 1736 2247 do-

411 2269 630 2303 minacionis
649 2268 845 2303 intrinsece
863 2270 1078 2313 gubernare,
1097 2280 1166 2303 nec
1189 2269 1359 2303 homines
1385 2280 1407 2302 a
1432 2275 1548 2304 morte
1572 2270 1735 2315 corporis

412 2326 598 2368 suscitare,
616 2327 632 2345 *
651 2338 734 2360 cum
753 2338 827 2360 non
845 2327 987 2371 possint
1005 2327 1167 2361 animam
1182 2326 1404 2360 racionalem
1421 2338 1443 2360 a
1461 2338 1612 2371 corpore
1630 2339 1734 2373 sepa-
1750 2336 1777 2365 G

410 2391 540 2427 ratam,
565 2396 635 2428 que
658 2390 788 2418 nature
816 2384 1014 2428 spiritualis
1041 2391 1151 2429 atque
1178 2384 1393 2419 immortalis
1420 2384 1551 2428 existit,
1579 2385 1734 2421 indisso-

410 2442 567 2476 lubiliter
593 2442 734 2486 corpori
762 2443 911 2486 alligare
936 2442 1012 2477 sive
1039 2442 1151 2476 unire.
1205 2443 1324 2476 Multo
1351 2442 1471 2476 minus
1498 2450 1650 2487 possunt
1672 2451 1734 2479 aut

409 2506 576 2543 poterant
610 2500 780 2544 spiritum
811 2500 1084 2534 irretentibilem
1118 2512 1139 2534 a
1173 2511 1400 2544 quocunque,
1430 2499 1567 2535 scilicet
1599 2503 1734 2545 Deum,

409 2558 568 2591 humane
603 2564 732 2591 nature
767 2558 1062 2602 inseparabiliter
1094 2558 1266 2600 counire3
1308 2569 1375 2592 nec
1417 2558 1613 2593 iustificare
1646 2570 1733 2604 pos-

409 2621 491 2648 sunt
526 2615 685 2659 aliquem
716 2622 959 2659 peccatorem,
992 2616 1091 2660 quod
1119 2627 1141 2649 a
1171 2615 1393 2650 doctissimis
1431 2627 1522 2660 opus
1556 2617 1732 2660 grandius
1745 2632 1788 2663 40

407 2672 598 2706 estimatur
620 2684 731 2717 quam
756 2684 879 2707 creare
903 2675 1022 2707 celum
1043 2680 1077 2708 et
1102 2680 1260 2714 terra1n;
1288 2685 1355 2707 nec
1380 2680 1500 2708 cetera
1522 2674 1731 2709 huiusmodi

407 2741 518 2773 opera
549 2730 696 2773 alciora,
724 2742 794 2775 que
821 2731 992 2765 videntur
1018 2731 1162 2775 exigere
1192 2731 1478 2775 omnipotentem
1508 2738 1570 2766 aut
1601 2733 1730 2766 saltem

406 2787 586 2821 infinitam
621 2788 795 2822 actricem
830 2788 1038 2833 potenciam
1068 2800 1255 2823 exercere:
1297 2789 1348 2823 sic
1382 2790 1479 2834 quod
1514 2789 1729 2833 dominium,
