2008 3305
187 254 273 283 CAP,
297 240 373 298 1v.]
674 251 818 282 LIBER
854 251 1049 283 PRIMUS.
1752 249 1803 290 29

98 372 168 413 90]
184 368 282 414 Deo,
305 368 371 405 sed
392 367 496 417 quod
517 368 688 406 subiecta
715 375 872 417 peccata
899 367 1102 405 causancia
1127 373 1163 403 et
1191 365 1283 415 ipsis
1312 364 1522 402 serviencia

183 439 428 487 principalius
457 439 621 476 serviunt
651 451 804 476 summo
826 439 922 476 Deo.
980 439 1038 475 Ac
1061 438 1169 474 Deus
1197 450 1243 474 ex
1267 436 1436 485 peccatis
1458 436 1521 472 dat

183 510 441 556 occasionem,
465 522 544 547 non
566 510 626 546 illa
647 518 814 559 peccata,
838 517 878 547 ut
899 511 1045 547 bonum
1068 509 1145 546 suis
1167 521 1213 545 ex
1236 508 1290 545 eis
1311 508 1520 557 proveniat.

136 587 168 615 D
241 578 388 617 *Unde
422 580 592 618 Salvator
622 580 939 618 condescendens
972 580 1183 617 infirmitati
1214 586 1356 623 nostre,
1386 577 1519 614 intelli-
1534 589 1579 613 Na
1593 598 1661 613 man
1673 598 1726 614 can

153 651 312 700 sgendo
347 652 460 689 simul
492 652 563 688 sub
594 652 764 701 quodam
795 651 995 689 involucro
1024 657 1102 688 tam
1131 651 1319 699 equivoca
1348 649 1520 686 dominia
1533 622 1775 648 semetwolor‘ls

184 721 257 758 Dei
277 728 314 759 et
335 723 494 771 peccati,
517 721 629 759 Matt.
650 722 695 760 vi.
723 735 782 768 24,
807 722 906 768 dicit,
928 721 1046 759 Nemo
1067 726 1187 771 polest
1204 720 1340 758 duobus
1363 720 1520 756 dominis

183 794 354 836 servz're,·
397 793 434 830 id
466 800 534 839 est,
568 805 684 832 nemo
718 800 844 842 potest
879 793 1031 830 duobus
1071 792 1238 830 dominis
1278 790 1519 840 capitalibus,

184 876 348 912 quorum
392 871 524 901 neuter
569 865 699 901 subest
742 864 890 912 reliquo
939 876 1010 901 nec
1059 864 1175 901 ambo
1224 862 1337 899 alicui
1384 861 1517 907 terci0‚
1534 871 1768 905 independentof

184 934 295 971 simul
335 935 461 972 debite
499 936 726 980 ministrare,
768 934 984 972 cuiusmodi
1024 934 1170 972 domini
1210 940 1298 970 sunt
1337 932 1444 970 Deus
1484 907 1726 969 etoneanOther⁴

133 1020 172 1042 10
186 1013 400 1054 peccatum.
458 1005 572 1043 Unde
600 1017 715 1043 nemo
742 1006 855 1043 servit
876 1005 1088 1042 inordinate
1109 1005 1215 1041 alteri
1243 1010 1426 1049 creature,
1450 1003 1522 1039 nisi

185 1076 275 1125 quia
295 1077 334 1113 in
352 1083 539 1126 quantum
560 1076 806 1126 principalius
827 1077 939 1113 servit
961 1076 1082 1125 culpe.
1131 1074 1235 1112 Nam
1258 1074 1347 1112 tolle
1369 1073 1522 1123 culpam

183 1154 219 1184 et
252 1147 452 1184 servicium
488 1147 557 1184 erit
594 1147 796 1184 laudabile.
855 1145 969 1193 Ymo,
1011 1158 1100 1184 cum
1139 1159 1239 1183 nemo
1277 1145 1410 1182 [editur
1449 1145 1529 1181 m'sz'

179 1219 443 1266 principaliter
477 1219 623 1255 [edatur
653 1231 676 1255 a
714 1231 750 1255 se
780 1219 868 1267 ζρεο,
905 1223 1008 1267 patet
1046 1217 1152 1267 quod
1189 1215 1427 1265 impossibile
1466 1220 1523 1252 est

184 1288 385 1326 hominem
424 1290 562 1327 servire
601 1289 841 1339 culpabiliter
874 1296 1007 1326 extero
1043 1288 1212 1334 inimico,
1249 1287 1322 1324 nisi
1361 1299 1408 1324 ex
1449 1285 1522 1323 hoc

134 1370 170 1402 15
187 1360 291 1409 quod
311 1360 415 1409 prius
443 1360 730 1398 consenciendo
751 1360 889 1405 illicite,
912 1365 949 1397 et
970 1372 1037 1409 per
1058 1370 1301 1409 consequens
1323 1357 1523 1395 serviendo

185 1438 345 1480 peccato
365 1432 535 1481 proprio,
557 1431 667 1468 servit
693 1431 883 1480 posterius
910 1431 1026 1477 carni,
1048 1431 1209 1476 mundo,
1233 1430 1310 1467 sive
1338 1429 1521 1478 dyabolo,

184 1514 206 1538 a
226 1514 304 1551 quo
326 1514 372 1539 ex
394 1503 547 1551 propria
567 1502 742 1540 vecordia
765 1507 1004 1551 superantur.
1062 1501 1270 1538 Peccatum
1291 1511 1385 1548 ergo
1405 1499 1521 1537 habet

184 1585 266 1610 esse
291 1580 328 1610 et
354 1574 456 1622 leges
485 1585 571 1610 suas
594 1573 753 1610 iniustas
777 1573 825 1610 ad
852 1573 978 1622 ipsum
1004 1578 1286 1622 consequentes
1307 1583 1329 1608 a
1349 1577 1523 1608 creatura

184 1642 268 1681 Dei.
327 1644 376 1681 Et
402 1645 454 1682 sic
475 1645 600 1693 prima
627 1657 743 1682 causa
771 1645 894 1693 prime
923 1643 1034 1693 culpe
1059 1650 1115 1680 est
1139 1642 1385 1692 peccabilitas
1408 1641 1521 1691 primi

133 1730 173 1752 20
187 1715 324 1764 angeli,
356 1727 431 1765 que
465 1715 620 1752 indubie
655 1722 711 1753 est
746 1716 851 1753 bona
885 1721 1059 1752 creatura
1092 1713 1178 1759 Dei,
1210 1725 1284 1763 que
1317 1725 1405 1751 cum
1436 1719 1522 1750 actu

184 1785 406 1823 inordinato
426 1786 484 1823 vel
514 1786 722 1824 omissione
753 1786 869 1824 debiti
899 1791 1103 1835 peccatum
1129 1784 1344 1834 principiat.
1400 1783 1523 1820 Aliter

186 1862 314 1894 autem
335 1857 514 1894 locuntur
534 1857 678 1903 fideles,
694 1864 734 1894 ut
755 1857 793 1894 in
814 1856 1088 1906 methaphisica
1104 1855 1204 1893 varie
1225 1855 1457 1892 educantur:
1482 1861 1524 1891 ut

187 1928 250 1964 alii
278 1927 454 1965 nolentes
484 1927 796 1965 condescendere
821 1928 941 1965 modo
968 1927 1149 1977 loquendi
1176 1926 1369 1975 Scripture
1390 1925 1522 1962 dicunt

186 1998 292 2047 quod
305 2011 385 2035 non
402 2005 458 2036 est
474 1999 657 2048 possibile
673 2005 874 2048 peccatum
893 1998 1050 2048 aliquod
1068 2010 1184 2047 posse
1202 2009 1302 2043 esse3
1328 1996 1401 2041 alii,
1416 1995 1524 2044 quod

132 2086 147 2107 2
154 2087 170 2117 5
186 2081 267 2107 non
286 2076 344 2107 est
364 2077 569 2118 peccatum
597 2070 754 2120 aliquod
773 2070 845 2106 nisi
867 2070 1086 2107 substancia
1106 2069 1187 2118 ipsa
1208 2079 1386 2117 peccans,
1408 2073 1445 2104 et
1469 2067 1522 2104 sic

186 2141 232 2178 de
266 2141 410 2179 ceteris.
478 2141 525 2178 In
555 2141 627 2178 ista
659 2140 818 2190 quidem
849 2141 1010 2178 materia
1041 2140 1216 2188 relinquo
1245 2138 1409 2188 posteris
1438 2138 1520 2176 sine

91 2221 172 2252 1οΑ
186 2212 385 2249 temeraria
422 2212 618 2250 eleccione
662 2212 845 2250 iudicium
889 2211 1079 2261 elegendi.
1136 2210 1300 2247 Videtur
1334 2207 1352 2228 ’¹‘
1390 2215 1521 2246 tamen

187 2282 314 2328 michi,
345 2295 433 2320 cum
463 2289 664 2332 peccatum
693 2282 824 2332 quoad
857 2295 941 2320 esse
972 2283 1140 2332 primum
1170 2293 1251 2319 non
1281 2280 1395 2318 servit
1423 2279 1524 2326 Deo,

187 2354 287 2391 sicut
316 2354 404 2392 facit
429 2354 546 2391 virtus
576 2354 706 2404 quoad
735 2366 820 2391 esse
849 2359 1068 2403 utrumque,
1089 2364 1245 2390 necnon
1274 2351 1324 2389 ad
1347 2351 1523 2388 virtutem

134 2439 175 2469 30
188 2425 434 2475 consequitur
449 2425 657 2462 essenciale
679 2425 871 2474 premium
892 2425 974 2474 pari
995 2424 1053 2462 vel
1074 2423 1210 2461 maiori
1231 2422 1430 2460 evidencia
1445 2434 1523 2472 qua

222 2556 261 2575 10.
281 2547 373 2572 alteri
384 2546 424 2572 B:
444 2546 537 2572 alicui
545 2545 571 2571 A
581 2545 612 2572 C.
661 2555 699 2578 17.
722 2547 730 2576 [Ι
740 2554 761 2571 a
772 2553 827 2578 quo
844 2545 866 2570 B
880 2545 898 2572 f.
912 2546 960 2571 216
970 2553 993 2571 Β.
1039 2554 1078 2571 21.
1100 2544 1250 2571 omissione
1260 2543 1326 2570 AC:
1346 2543 1478 2569 omz‘ssz‘ve
1487 2542 1518 2569 B.

234 2658 283 2680 12.
307 2649 412 2680 lVemo
434 2647 568 2684 leditur,
585 2649 645 2679 &c.
691 2647 751 2678 See
766 2646 800 2679 S.
811 2647 863 2688 Jo.
881 2647 1130 2687 Chrysostom’s
1146 2646 1250 2688 Αό-γος
1266 2646 1315 2678 ὅτι
1332 2644 1389 2677 τὸν
1407 2644 1521 2677 ἑαυτὸν

187 2700 230 2739 μὴ
260 2700 428 2730 ἀδικοῦντα
459 2698 558 2730 οὐδεὶς
595 2699 638 2739 μὴ
677 2698 881 2740 πσραβλάψαι
913 2699 1053 2738 δῦναται,
1093 2700 1181 2740 Opp.
1214 2709 1242 2740 3.
1275 2698 1435 2740 444—464‚
1469 2698 1521 2731 ed.

189 2752 418 2784 Montfaucon.
467 2752 518 2783 Cf.
536 2752 577 2783 de
595 2752 683 2783 civili
701 2753 800 2783 Dom.
819 2752 840 2783 i.
862 2751 900 2791 38
918 2762 950 2792 p.
972 2758 1056 2792 274;
1082 2751 1231 2783 Libellus
1255 2762 1352 2793 quem
1378 2751 1521 2792 porrexit

189 2805 424 2843 Parliamento,
441 2805 507 2836 viii.
529 2804 673 2846 (printed
698 2803 730 2834 in
756 2804 878 2835 Fascio.
906 2804 970 2835 Ziz.
999 2812 1060 2844 250
1085 2803 1148 2834 and
1177 2804 1209 2834 in
1235 2802 1368 2834 Lewis’s
1392 2803 1463 2833 Life
1487 2802 1526 2833 of

191 2857 314 2896 Wictif,
333 2857 405 2897 385,
425 2857 474 2888 ed.
495 2856 614 2897 1820);
639 2857 690 2888 De
707 2856 806 2887 Diab.
824 2861 855 2887 et
873 2856 1014 2887 Mernbr.
1033 2856 1067 2896 i.,
1084 2856 1208 2887 Polem.
1226 2855 1355 2893 W'orks,
1377 2863 1403 2885 1.
1423 2853 1496 2894 362.
