2008 3305
200 187 214 213 1
232 175 281 215 16
878 183 942 214 DE
975 180 1190 214 DOMINIO
1221 181 1397 213 DIVINO
1590 170 1694 229 [CAP.
1714 184 1798 213 ΧΠ.

194 305 217 330 b.
232 305 359 346 ”through
375 305 462 351 (ξοάἐ
477 310 584 347 pono
615 299 720 348 quod
750 298 857 336 Deus
886 298 1144 348 preveniendo
1174 304 1312 346 coagat
1342 310 1431 335 cum
1461 297 1633 347 quolibet
1662 303 1801 346 agente
1815 300 1914 342 [3813

191 345 419 412 ῗίῗςὲἶὲἒὲῑε
476 369 646 407 secundo
666 370 793 418 ipsum
817 369 1085 407 necessitando
1110 369 1158 406 ad
1183 369 1390 418 quemlibet
1418 376 1546 405 actum
1572 380 1696 405 suum.
1752 368 1804 406 Et

192 414 283 439 esther
471 440 589 477 tercio
629 452 820 489 suppono,
857 446 1042 489 tanquam
1078 439 1337 477 necessarium
1371 451 1442 488 pro
1481 438 1688 476 concordia
1727 438 1802 475 dis-

471 510 680 558 ponenda,.
706 516 963 559 supratactam
1003 510 1298 547 distinccionem
1337 509 1384 546 de
1427 509 1657 554 necessario,
1697 508 1803 557 quod

470 580 627 629 aliquod
669 587 726 617 est
763 581 1021 618 necessarium
1061 593 1108 617 ex
1148 580 1418 629 supposicione
1464 586 1501 617 et
1543 579 1699 628 aliquod
1744 586 1832 620 est5

190 658 267 719 2025
278 662 402 693 supposi-
470 651 727 688 necessarium
767 651 951 688 absolute.
1024 650 1300 688 Necessarium
1342 663 1389 688 ex
1434 650 1706 699 supposicione
1745 656 1802 687 est

268 713 275 724 ’
470 733 701 771 quecunque
728 722 866 759 veritas
892 721 1040 759 habens
1066 734 1220 759 causam
1249 728 1419 759 eternam
1449 734 1496 758 ex
1526 733 1603 770 qua
1632 721 1802 771 sequitur

469 792 679 829 formaliter
705 793 831 842 ipsam
858 805 968 839 esse,·
997 799 1038 830 ut
1065 805 1128 830 me
1156 805 1304 830 currere
1333 793 1502 841 sequitur
1522 791 1730 830 formaliter
1752 804 1800 829 ex

467 862 596 900 Deum
629 864 724 901 velle
762 876 825 901 me
864 876 1028 910 currere,
1064 871 1101 901 et
1130 864 1180 901 ita
1210 864 1257 902 de
1287 863 1455 913 qualibet
1493 863 1617 901 eciam
1651 863 1797 901 contin-

467 934 689 983 gentissima
705 935 871 971 veritate.
918 933 1022 971 Nam
1043 947 1160 972 omne
1180 941 1382 983 peccatum
1405 940 1557 983 oportet
1579 933 1797 971 necessario
1815 942 1855 965 10

466 1017 606 1054 penam
624 1005 820 1054 consequi,
839 1004 856 1024 ’¹‘
871 1013 908 1043 et
924 1005 1079 1043 racione
1096 1006 1278 1042 bonitatis
1296 1005 1484 1042 immense
1506 1004 1797 1042 occasionaliter
1811 1011 1839 1041 ο

466 1075 593 1113 multis
624 1076 751 1113 modis
780 1076 986 1125 proficere;
1019 1082 1054 1113 et
1084 1089 1152 1124 per
1182 1087 1429 1124 consequens
1460 1075 1568 1113 Deus
1595 1075 1674 1112 vult
1701 1081 1797 1112 eter-

465 1145 599 1182 naliter
627 1152 707 1183 tam
738 1158 859 1195 penas
887 1146 1110 1183 huiusmodi
1139 1158 1257 1195 quam
1286 1146 1507 1195 profectus:
1540 1152 1576 1183 et
1604 1158 1674 1195 per
1703 1157 1797 1183 con-

465 1228 640 1266 sequens,
663 1217 840 1254 vocando
861 1224 1022 1266 peccata
1047 1224 1203 1266 propter
1231 1229 1314 1254 esse
1342 1228 1586 1266 consequens
1610 1216 1795 1261 veritates,

463 1287 633 1336 sequitur
659 1288 764 1337 quod
791 1294 968 1337 respectu
996 1288 1124 1325 omnis
1150 1287 1297 1337 peccati
1324 1287 1370 1324 sit
1396 1287 1534 1324 veritas
1561 1294 1693 1324 eterna
1708 1300 1717 1333 ;
1748 1300 1794 1325 ex
1811 1297 1849 1328 15

464 1370 541 1407 qua
568 1359 738 1408 sequitur
765 1358 973 1396 formaliter
1000 1358 1134 1396 saltem
1161 1358 1285 1407 logice
1312 1358 1438 1407 ipsum
1466 1370 1561 1395 esse.
1616 1357 1667 1395 Et
1691 1365 1796 1407 patet

462 1429 603 1467 modus
629 1429 815 1478 loquendi
837 1429 1010 1467 secundo
1031 1429 1294 1467 Phisicorum:
1323 1435 1359 1466 et
1387 1429 1447 1465 isti
1468 1429 1588 1466 modo
1609 1428 1796 1477 loquendi

461 1500 634 1537 innititur
650 1507 803 1537 sanctus
821 1500 1011 1547 Thomas,
1027 1501 1152 1550 prima
1172 1507 1292 1550 parte,
1309 1501 1509 1549 questione
1530 1500 1617 1544 xix„
1634 1500 1795 1537 articulo

459 1571 508 1607 iii.
540 1600 547 1608 .
582 1601 588 1608 .
622 1600 642 1617 .,
674 1578 710 1608 et
745 1571 806 1608 alii
843 1571 920 1609 duo
956 1571 1136 1610 doctores
1176 1570 1419 1608 concorditer
1453 1583 1542 1608 cum
1583 1570 1790 1620 Scriptura.

460 1641 602 1688 Quare,
632 1654 742 1691 rogo,
772 1654 852 1680 non
885 1642 1076 1681 diceretur
1107 1642 1234 1680 omnis
1266 1642 1425 1679 effectus
1456 1641 1603 1679 habens
1635 1654 1788 1679 causam
1807 1654 1848 1676 20

460 1713 705 1762 completam,
727 1726 774 1751 ex
801 1726 877 1763 qua
903 1713 1172 1751 formalissime
1197 1713 1367 1762 sequitur
1388 1713 1514 1761 ipsum
1535 1724 1631 1757 esse,
1651 1712 1731 1750 fore
1751 1720 1793 1750 ut

181 1806 212 1836 9¹
460 1783 513 1820 sic
541 1784 815 1821 necessitatum
840 1784 889 1821 ad
915 1785 1025 1821 esse?
1085 1783 1307 1821 Secundum
1337 1783 1554 1820 membrum
1584 1782 1632 1820 de
1662 1795 1791 1820 neces-

181 1831 397 1864 ¹¹'absomte1y'
459 1854 562 1891 sario
596 1854 770 1892 absolute
803 1867 825 1891 a
859 1855 1007 1892 cunctis
1038 1854 1273 1899 conceditur,
1308 1865 1397 1891 cum
1433 1853 1690 1890 necessarium
1724 1854 1791 1891 ab·

460 1924 594 1970 solute,
617 1937 706 1963 cum
735 1925 782 1962 sit
808 1925 1034 1975 descriptive
1061 1925 1197 1962 veritas
1227 1936 1301 1973 que
1328 1936 1410 1961 non
1435 1930 1560 1972 potest
1586 1936 1667 1961 non
1694 1936 1789 1970 esse,

457 2001 515 2033 est
539 1995 578 2032 in
606 2008 646 2033 re
674 1996 801 2033 divina
821 1996 1007 2043 essencia,
1030 1995 1117 2033 licet
1138 1996 1213 2032 sint
1233 1995 1422 2044 quotlibet
1442 1994 1615 2032 veritates
1635 1994 1728 2032 tales
1750 1995 1788 2032 in
1804 2009 1843 2040 ²5

459 2065 545 2103 Deo
566 2066 776 2104 formaliter
795 2067 1058 2105 condistincte.

179 2148 446 2212 Ξῗζεῶεέξῑιὲίιᾌςῐοη
513 2137 601 2174 Istis
635 2138 844 2187 premissis,
883 2144 998 2187 patet,
1038 2149 1127 2174 cum
1166 2137 1312 2185 primus
1352 2136 1488 2174 doctor
1526 2136 1699 2186 intelligit
1741 2136 1789 2174 de

178 2217 357 2241 statements.
461 2208 678 2245 necessario
709 2208 883 2246 absolute
913 2215 950 2246 et
982 2208 1175 2246 secundus
1203 2208 1379 2257 intelligit
1413 2220 1571 2245 omnem
1610 2207 1790 2245 effectum

459 2290 543 2315 esse
572 2279 831 2315 necessarium
860 2278 1059 2315 dumtaxat
1085 2291 1133 2315 ex
1155 2278 1439 2327 supposicione,
1461 2278 1565 2328 quod
1594 2279 1787 2316 sentencie

459 2361 539 2385 non
566 2356 808 2398 repugnant3
840 2349 906 2386 sed
935 2361 1166 2398 quecunque
1196 2349 1391 2398 Scriptura
1411 2349 1470 2386 vel
1499 2361 1592 2387 sana
1612 2349 1786 2387 doctrina
1801 2364 1843 2395 30

458 2419 637 2464 doctoris,
677 2432 752 2469 que
790 2420 937 2457 videtur
974 2420 1046 2457 hiis
1085 2420 1235 2457 duabus
1278 2419 1411 2469 primis
1450 2420 1786 2469 supposicionibus

491 2532 510 2547 1.
533 2523 637 2553 coagal
649 2521 675 2547 A
686 2521 725 2547 C:
746 2522 841 2554 coagz't
854 2522 885 2548 B.
1061 2531 1100 2553 14.
1120 2523 1128 2551 ΙΙ
1145 2530 1314 2555 consequens
1328 2522 1350 2548 B
1364 2522 1381 2547 f.
1399 2531 1448 2554 229
1459 2530 1482 2548 c.
1657 2531 1695 2556 19.
1718 2522 1785 2550 Post

455 2555 617 2581 citationem
630 2554 657 2581 in
672 2555 755 2582 codd.
769 2555 892 2588 spatium
904 2555 1071 2588 relinquitur
1084 2564 1211 2582 vacuum.

520 2650 549 2679 4.
576 2639 615 2670 V.
634 2649 743 2680 supra,
760 2650 792 2680 p.
814 2648 884 2670 112.

503 2698 550 2730 17.
577 2691 676 2722 Arist.
696 2691 793 2732 Phys.
811 2691 845 2723 ii.
863 2700 879 2730 5
896 2701 925 2732 pv
943 2690 1003 2732 196
1015 2691 1041 2722 b.

502 2743 550 2773 18.
576 2742 695 2774 Thom.
714 2743 836 2783 Aquin.
856 2742 979 2773 Summ.
995 2742 1094 2774 theol.
1113 2743 1132 2773 i.
1149 2753 1199 2784 qu⁴
1220 2743 1282 2773 xix.
1302 2747 1360 2773 art.
1379 2742 1437 2781 iii.,
1450 2743 1514 2774 vol.
1533 2743 1552 2773 i.
1569 2743 1628 2782 783
1642 2752 1718 2784 seq,
1732 2742 1782 2774 ed.

459 2794 582 2834 Migne.
