2008 3305
41 177 128 208 OAP.
150 165 264 223 v111.]
574 179 638 210 DE
670 179 914 212 PAUPERIE
948 180 1258 212 SALVATORIS.

166 284 241 326 5A]
257 281 358 315 nullo
383 292 472 316 casu
498 281 662 326 possibili
689 283 786 317 valet
812 283 983 327 effugere,
1002 294 1113 328 quam
1139 283 1201 317 illa
1226 284 1382 318 facultas
1409 284 1486 319 sive
1510 295 1578 329 po-

256 344 372 373 testas
398 351 467 384 que
493 351 580 374 casu
606 340 728 385 aliquo
754 340 887 385 poterit
913 341 1100 376 declinari.
1151 341 1262 386 Quod
1288 342 1405 376 eciam
1431 341 1579 377 racione

256 403 362 440 potes
392 398 595 441 advertere,
626 398 800 443 quoniam
833 410 944 443 posse
974 399 1135 433 alienare
1165 411 1243 433 rem
1277 411 1383 434 suam
1413 401 1462 434 ad
1489 400 1579 434 alie-

256 455 380 489 nantis
415 454 676 500 impotenciam
712 457 882 500 pertinet,
916 468 990 491 non
1024 457 1278 492 essencialiter
1313 458 1360 492 ad
1398 458 1477 493 eius
1515 470 1578 503 po—

39 519 79 546 cz?
96 523 142 548 M:
163 520 242 548 WB.
256 512 428 554 tenciam,
458 525 543 547 cum
577 520 716 558 quanto
750 514 908 559 amplius
942 521 1065 559 potest
1099 514 1180 560 quis
1214 515 1375 550 alienare
1405 527 1427 550 a
1458 527 1498 550 se
1533 516 1578 550 de

255 570 366 614 bono,
396 577 500 605 tanto
536 571 780 616 impotencior
817 583 899 607 esse
933 579 1076 616 potest3
1118 573 1204 617 quia
1237 584 1384 618 semper
1418 573 1454 607 in
1487 573 1577 607 alie-

254 628 380 662 nando
405 629 561 664 facultas
588 630 665 664 sive
691 636 855 674 potestas
883 642 949 665 sua
973 630 1160 674 minuitur,
1185 631 1221 664 in
1245 637 1389 665 tantum
1414 632 1524 676 quod,
1547 631 1576 666 si

255 693 388 720 cuncta
413 698 480 721 sua
504 688 601 721 bona
623 687 809 731 alienaret,
828 688 966 722 nullam
992 687 1138 732 penitus
1164 695 1388 732 potestatem
1410 689 1486 724 sive
1510 690 1577 723 do—

254 743 409 778 minium
435 745 512 779 sive
537 745 592 779 ius
619 757 728 790 super
753 746 890 790 aliquid
915 746 1111 781 retineret:
1147 746 1254 781 sicuti
1283 758 1394 791 posse
1423 758 1578 791 peccare

205 819 244 840 10
256 802 505 837 essencialiter
530 803 578 837 ad
604 809 828 848 potestatem
853 815 928 838 non
954 803 1124 848 pertinet,
1147 811 1202 839 set
1227 805 1276 838 ad
1302 804 1576 849 impotenciam,

256 871 340 894 cum
358 867 497 905 quanto
515 861 595 905 quis
617 862 699 905 plus
723 862 943 906 peccaverit,
962 868 1066 896 tanto
1088 862 1151 896 fiat
1176 862 1373 905 infirmi0r;
1400 874 1470 897 nec
1486 862 1577 897 alias

256 919 360 953 Deus
393 919 577 954 diceretur
610 918 856 963 omnipotens,
886 931 970 954 curn
1004 931 1159 964 peccare
1191 932 1266 955 non
1300 920 1429 965 possit.
1493 921 1578 955 Hoc

255 987 344 1020 ergo
362 977 411 1010 ad
433 976 702 1021 plenitudinem
725 977 911 1012 facultatis
936 977 1013 1012 sive
1036 978 1230 1022 potestatis
1249 978 1373 1013 divine
1392 978 1469 1013 sive
1488 978 1577 1012 iuris

256 1033 370 1068 divini
392 1046 503 1079 super
520 1042 655 1069 cuncta
679 1041 802 1069 creata
824 1035 1007 1080 pertinere
1031 1035 1244 1080 dinoscitur,
1264 1036 1362 1081 quod
1381 1035 1577 1070 alienando

204 1103 239 1135 15
256 1102 278 1126 a
296 1102 336 1126 se
353 1091 490 1136 aliquid
508 1104 576 1127 nec
595 1092 734 1127 donare
751 1104 820 1127 nec
838 1093 997 1128 vendere
1015 1094 1211 1139 quicquam
1229 1100 1373 1138 potest3
1401 1105 1484 1128 curn
1501 1105 1576 1132 non

254 1149 372 1194 possit
396 1149 548 1184 alicuius
572 1149 622 1184 rei
647 1162 669 1184 a
693 1161 732 1185 se
755 1150 928 1185 abdicare
954 1150 1170 1193 dominium,
1189 1158 1251 1186 aut
1276 1158 1445 1197 respectu
1469 1151 1576 1195 illius,

255 1207 336 1252 ipsa
361 1214 535 1242 manente
565 1214 761 1252 potestate,
788 1220 852 1243 seu
881 1209 1099 1244 auctoritate
1128 1209 1240 1254 plena
1269 1221 1334 1244 seu
1363 1211 1472 1254 pleno
1502 1209 1577 1244 iure

254 1277 390 1300 carere.
442 1267 555 1301 Unde
577 1265 745 1311 quamvis
767 1267 929 1309 Abrahe,
948 1267 1080 1311 Ysaac,
1100 1274 1136 1302 et
1156 1267 1268 1301 Iacob
1295 1268 1399 1302 Deus
1423 1267 1576 1302 dederat

254 1329 389 1358 terram
419 1324 610 1367 Chanaan,
641 1323 735 1358 sicut
770 1324 925 1359 Genesis
957 1330 1114 1359 testatur
1141 1324 1307 1368 historia,
1337 1325 1577 1360 nihilominus

201 1397 243 1419 20
254 1387 380 1416 tamen
404 1381 566 1416 Levitico
584 1394 663 1416 xxv.
683 1392 727 1425 23
746 1389 799 1417 est
820 1382 971 1426 dictum,
996 1383 1112 1417 Terra
1135 1393 1208 1417 non
1231 1384 1416 1417 vendetur
1429 1385 1470 1417 in
1490 1386 1577 1427 per-

245 1442 415 1484 petuum,
433 1441 524 1484 quia
549 1452 629 1474 mea
654 1445 716 1484 est,
734 1444 771 1474 et
792 1451 860 1474 vos
884 1440 1026 1474 advene
1049 1444 1087 1475 et
1109 1441 1228 1475 coloni
1251 1442 1325 1475 mei
1344 1443 1441 1476 estis.
1493 1443 1578 1477 Hoc

252 1504 378 1532 autem
395 1498 528 1533 clarius
546 1498 611 1533 tibi
631 1498 770 1542 patebit
789 1510 872 1532 cum
892 1498 1056 1533 dominia
1074 1505 1323 1534 creaturarum
1341 1499 1547 1544 agnoveris.

302 1556 393 1591 IOH.
422 1557 533 1591 Hanc
551 1555 739 1591 racionem
756 1556 876 1591 libens
894 1556 1046 1601 accipio.

299 1614 387 1648 RIC.
413 1614 537 1648 Aliam
560 1614 688 1659 accipe
712 1614 921 1649 racionem:
950 1614 989 1650 Si
1009 1616 1114 1649 Deus
1137 1621 1263 1660 posset
1282 1614 1479 1660 quicquam
1497 1626 1519 1650 a
1538 1627 1577 1651 se

201 1688 238 1721 25
252 1671 424 1713 alienare,
452 1672 503 1707 ita
528 1673 626 1717 quod
651 1678 784 1707 extunc
808 1672 902 1707 illius
928 1673 979 1707 rei
1006 1680 1146 1708 careret
1172 1673 1348 1716 dominio,
1375 1685 1450 1708 non
1478 1680 1576 1709 esset

254 1729 511 1774 omnipotens;
539 1730 712 1775 quoniam
734 1742 844 1775 super
861 1742 939 1765 rem
961 1730 1161 1765 alienatam
1183 1732 1254 1766 hoc
1278 1732 1389 1766 modo
1406 1732 1576 1766 domina-

253 1787 330 1822 tiva
358 1794 543 1833 potestate
572 1795 735 1823 careret:
771 1788 885 1823 immo
914 1788 951 1822 in
980 1788 1034 1823 sic
1058 1788 1268 1833 alienando,
1295 1789 1387 1824 sicut
1417 1790 1576 1824 hominis

254 1845 483 1890 impotentis,
502 1845 731 1880 minueretur
748 1857 815 1881 sua
832 1846 1025 1890 potencia3
1053 1852 1089 1881 et
1112 1846 1242 1890 eciam,
1261 1858 1300 1882 re
1321 1847 1482 1882 alienata
1506 1848 1576 1883 sibi

46 1909 194 1937 censetur
210 1913 239 1936 B.
254 1903 386 1938 iterum
408 1903 589 1947 restituta,
612 1910 808 1948 augeretur
830 1915 896 1938 sua
920 1910 1083 1948 potestas
1102 1915 1109 1939 :
1137 1911 1172 1940 et
1197 1916 1241 1939 ex
1265 1911 1419 1950 utroque
1444 1917 1576 1941 conse·

200 1977 240 2008 30
253 1961 375 2006 quitur
392 1963 491 2007 quod
509 1973 585 1996 non
603 1968 700 1997 esset
719 1962 964 2006 omnipotens.
1017 1963 1121 1997 Idem
1144 1963 1309 2007 sequitur
1326 1964 1474 1999 racione
1495 1975 1576 1999 sus-

207 2032 237 2061 Β
253 2020 472 2055 tentacionis
498 2031 619 2055 rerum
645 2020 868 2062 intrinsece3
894 2019 1068 2064 quoniam
1092 2021 1121 2055 si
1147 2031 1206 2055 res
1227 2021 1243 2038 *
1259 2033 1282 2056 a
1299 2022 1576 2058 sustentacione

252 2077 330 2112 sive
354 2078 600 2123 possessione,
627 2089 738 2123 quam
765 2078 869 2112 Deus
895 2078 1008 2112 habet
1035 2089 1145 2123 super
1169 2090 1257 2122 rem,
1281 2079 1440 2114 alienata
1464 2087 1574 2124 esset,

252 2147 310 2170 res
336 2136 487 2171 omnino
517 2147 592 2171 non
619 2141 729 2179 esset,
757 2135 931 2180 quoniam
961 2136 1235 2171 sustentacione
1267 2144 1429 2172 careret:
1467 2138 1576 2183 igitur

252 2205 330 2228 rem
363 2194 526 2239 aliquam
558 2206 580 2228 a
614 2193 740 2228 divino
767 2193 932 2228 dominio
960 2193 1113 2228 alienari
1138 2195 1478 2230 contradiccionem
1508 2196 1575 2230 im-

197 2268 236 2299 35
250 2258 384 2296 portat,
403 2251 552 2295 scilicet,
571 2262 649 2286 rem
674 2262 756 2286 esse
780 2257 816 2286 et
840 2251 989 2286 omnino
1012 2263 1087 2286 non
1111 2263 1203 2296 esse,
1222 2258 1258 2288 et
1282 2253 1574 2298 omnipotentem

251 2309 539 2354 partipotentem
556 2309 721 2344 existere.

34 2377 112 2408 Post
129 2377 230 2408 racz'o-
300 2369 390 2402 IOH.
416 2368 466 2402 Et
484 2366 593 2402 istam
610 2366 729 2401 eciam
746 2366 932 2401 racionem
950 2372 1141 2411 gratanter
1158 2368 1325 2403 admitto.

35 2430 108 2451 nem
125 2428 145 2451 B
162 2421 209 2452 al·
301 2426 386 2460 RIC.
424 2426 517 2460 Item
542 2424 663 2459 omnis
689 2431 857 2459 creatura
882 2424 1078 2459 racionalis
1107 2426 1218 2469 pleno
1244 2425 1320 2460 iure
1351 2438 1477 2461 servus
1507 2438 1573 2462 seu

33 2468 138 2537 {3}ae
252 2494 359 2517 serva
387 2483 570 2518 Creatoris
589 2482 722 2526 existit,
750 2494 793 2517 ex
818 2481 955 2517 iuribus
984 2482 1150 2526 dominii,
1178 2484 1436 2527 possessionis,
1463 2491 1573 2529 atque

34 2549 137 2581 addit,
252 2540 439 2584 regiminis
466 2540 709 2585 supradictis;
741 2552 867 2574 servus
894 2551 980 2574 vero
1006 2541 1114 2584 pleno
1140 2540 1217 2575 iure
1241 2541 1395 2576 alicuius
1421 2542 1573 2577 domino

253 2610 318 2633 suo
344 2598 498 2643 acquirit
524 2597 698 2643 quicquid
721 2597 886 2642 acquirit,
906 2597 935 2632 si
962 2598 1134 2633 dominus
1158 2610 1245 2633 suus
1269 2610 1384 2643 capax
1407 2600 1453 2633 de
1476 2611 1573 2634 novo

252 2656 384 2690 existat
410 2656 562 2690 dominii
588 2655 639 2690 rei
665 2655 844 2700 acquisite
874 2667 940 2700 per
966 2667 1132 2691 servum:
1168 2656 1197 2690 si
1226 2656 1337 2700 igitur
1363 2657 1479 2700 Deus,
1506 2658 1572 2692 do-

251 2714 376 2748 nando
401 2713 538 2758 aliquid
564 2714 657 2748 illius
682 2713 821 2757 donati,
839 2725 861 2747 a
885 2725 924 2748 se
947 2713 1152 2748 dominium
1175 2714 1362 2748 abdicaret
1389 2720 1425 2748 et
1451 2721 1572 2749 trans-

250 2771 360 2806 ferret
390 2771 427 2806 in
457 2772 579 2816 alium,
611 2783 694 2806 curn
722 2771 810 2806 illud
840 2770 1044 2806 dominium
1074 2771 1143 2806 nisi
1174 2771 1211 2805 in
1230 2783 1335 2806 suam
1365 2779 1572 2807 creaturam

875 2840 955 2872 U2

1776 182 1853 225 291
