2095 3278
205 180 288 227 372
872 181 1076 215 RICARDI
1108 180 1412 215 ARMACHANI
1858 169 1958 230 [Lm.
1977 183 2023 213 Π.

486 285 670 321 diversam
695 285 852 330 gloriam
878 293 1100 331 acceperant
1118 293 1154 322 et
1177 287 1344 321 diversas
1362 286 1524 330 virtutes,
1544 286 1598 321 sic
1614 294 1681 321 suo
1698 286 1809 321 modo
1824 290 1922 332 [23])

483 351 570 379 ante
589 343 914 379 confirmacionem
936 350 1042 379 erant
1069 344 1106 378 in
1125 344 1280 379 diversis
1303 344 1477 388 gradibus
1497 343 1622 378 divine
1640 344 1808 379 similitu-

483 402 580 436 dinis
611 401 824 444 constituti;
852 409 887 436 et
918 402 970 436 sic
997 401 1057 436 alii
1087 402 1168 437 aliis
1197 408 1301 436 erant
1330 402 1377 436 ab
1403 401 1543 446 origine
1571 402 1619 436 ad
1644 401 1809 445 regimen
1822 406 1852 433 et
1867 412 1932 433 om.
1950 409 1981 432 Β.

482 459 676 503 apciores:
714 458 883 494 homines
916 466 1050 501 autem,
1087 466 1124 494 ut
1155 459 1311 503 videtur,
1347 465 1519 502 econtra3
1559 459 1743 504 quoniam,
1778 458 1809 493 si

483 517 591 562 primi
619 524 789 562 parentes
814 529 1005 562 nunquam
1028 524 1254 562 peccassent,
1281 527 1471 561 nunquam
1499 529 1543 552 ex
1571 517 1840 561 corrupcione5

484 575 649 620 corporis
677 575 805 609 fuisset
834 575 870 609 in
899 575 1055 609 diversis
1084 575 1287 619 complexio
1316 574 1481 617 variata3
1519 580 1556 609 et
1585 575 1740 616 animas,
1770 580 1809 608 ut

484 627 680 676 credimu's,
699 633 848 678 equales
867 633 902 667 in
928 632 1093 667 bonitate
1117 638 1245 666 nature
1268 633 1372 666 Deus
1396 631 1448 666 eis
1473 638 1644 667 creasset.
1696 632 1810 667 Unde

484 703 558 725 non
576 691 723 725 videtur
741 691 840 735 quod
861 702 883 724 a
907 702 973 725 suo
997 690 1196 734 equissimo
1222 691 1396 724 Creatore
1422 696 1533 734 atque
1560 689 1810 724 Distributore

483 750 665 784 bonorum
700 748 860 793 impares
895 748 1014 791 magis
1049 748 1085 782 in
1120 747 1229 783 donis
1262 747 1431 792 gratuitis
1465 758 1577 792 quarn
1610 747 1646 781 in
1678 754 1811 781 natura

481 807 646 842 fuissent.
698 807 825 841 Profer
859 818 956 850 ergo,
988 806 1018 840 si
1053 805 1161 849 nosti,
1196 805 1292 840 unde
1326 804 1438 850 aliqui
1476 805 1557 840 aliis
1591 806 1638 840 ab
1671 805 1810 849 origine
1826 817 1865 840 10

481 865 637 900 fuissent
669 865 718 899 ad
744 864 910 908 regimen
937 863 1118 908 apciores‚
1145 863 1315 908 quamvis
1341 863 1413 897 hoc
1442 863 1478 897 in
1506 863 1649 907 angelis
1677 863 1812 898 habeat

483 923 687 958 veritatem.

201 988 264 1027 §she
277 986 442 1030 differences
534 982 622 1016 RIC.
650 979 830 1026 Quamvis
865 990 940 1014 non
971 991 1015 1013 ex
1049 978 1288 1023 corrupcione
1319 978 1482 1023 corporis
1514 978 1643 1013 fuisset
1671 977 1812 1012 variata

203 1021 470 1087 ἕξςᾞῗρῗῑξὲζῖἳώ
484 1039 692 1083 complexio
711 1039 747 1072 in
769 1044 897 1072 nostra
920 1037 1105 1082 progenie,
1124 1037 1154 1070 si
1172 1036 1286 1071 nostri
1306 1036 1411 1081 primi
1429 1042 1602 1081 parentes
1621 1047 1812 1081 nunquam

203 1088 449 1153 {sseosstcsrrgfption
484 1102 714 1141 peccassent,
739 1102 864 1130 tamen
891 1095 1037 1129 videtur
1063 1094 1172 1139 quod,
1200 1094 1304 1128 sicuti
1332 1105 1487 1138 corpora
1513 1093 1664 1129 celestia
1688 1100 1812 1128 creata
1824 1104 1956 1131 tamen:

484 1160 569 1189 sunt
583 1160 733 1198 propter
750 1152 952 1194 hominem,
967 1152 1115 1194 scilicet,
1128 1158 1167 1186 ut
1180 1151 1317 1185 faciant
1331 1151 1430 1185 diem
1447 1157 1482 1185 et
1496 1158 1652 1195 noctem,
1665 1163 1812 1186 menses
1825 1154 1898 1174 cum
1915 1152 1946 1174 Β·

484 1218 520 1246 et
546 1223 677 1254 annos,
702 1217 737 1245 et
763 1211 910 1245 luceant
937 1221 1046 1254 super
1070 1216 1217 1252 terram,
1244 1209 1345 1243 iuxta
1373 1209 1558 1253 Scripture
1586 1220 1689 1244 sacre
1714 1209 1812 1254 prin·
1824 1197 1905 1247 ’ΜΨ
1919 1200 2027 1224 ⁰¹¹¹·B·

204 1279 255 1305 but
268 1279 340 1305 from
353 1278 463 1310 variety
485 1270 632 1314 cipium,
652 1281 696 1303 ex
722 1280 793 1313 quo
820 1279 889 1312 ego
916 1267 1081 1311 intelligo
1106 1267 1206 1312 quod
1224 1266 1357 1301 virtute
1383 1267 1474 1301 lucis
1498 1278 1624 1301 eorum
1642 1279 1685 1301 ex
1702 1266 1813 1301 variis
1825 1241 2020 1316 {Zgggz'nfss'B'

204 1312 463 1373 Ξὲἓίξζζᾜῇξῖὲζεε
487 1327 806 1362 coniunctionibus
831 1332 866 1360 et
890 1337 934 1360 ex
951 1325 1063 1359 variis
1089 1325 1250 1359 motibus
1277 1335 1403 1359 eorum
1421 1324 1649 1369 temporibus
1668 1324 1814 1359 diversa

485 1391 780 1429 temperamenta
812 1389 848 1418 et
883 1383 1048 1417 diversas
1082 1382 1352 1426 complexiones
1386 1382 1423 1416 in
1458 1381 1547 1426 ipsis
1581 1381 1812 1416 inferioribus
1826 1391 1900 1423 istis
1916 1399 1956 1424 M.

485 1442 609 1477 mixtis
626 1441 813 1483 fecissent,
832 1440 927 1475 sicut
945 1440 981 1474 in
1000 1440 1233 1483 animalibus,
1246 1439 1464 1482 volucribus,
1478 1446 1514 1474 et
1532 1439 1656 1474 herbis
1673 1438 1812 1474 faciunt

486 1500 523 1535 in
551 1499 722 1545 presenti,
741 1499 794 1533 sic
820 1499 921 1544 quod
948 1498 1113 1533 diversas
1140 1498 1421 1542 complexiones,
1442 1497 1559 1531 eciam
1585 1497 1615 1532 si
1641 1497 1811 1532 homines

484 1569 675 1603 nunquam
694 1562 919 1601 peccassent,
935 1555 971 1590 in
992 1555 1146 1590 diversis
1164 1555 1387 1598 hominibus,
1400 1554 1555 1589 diversis
1573 1554 1812 1598 temporibus,

485 1622 521 1650 et
540 1615 694 1649 diversis
713 1613 925 1659 regionibus
943 1613 1153 1648 effecissent
1169 1625 1176 1648 ;
1205 1613 1303 1647 unde
1322 1623 1365 1647 eo
1385 1624 1483 1656 casu,
1502 1619 1541 1647 ut
1559 1612 1595 1646 in
1616 1623 1704 1646 casu
1730 1623 1812 1657 pre-

487 1673 593 1716 senti,
626 1672 737 1717 aliqui
771 1671 852 1706 aliis
885 1671 1074 1705 nobilioris
1108 1669 1385 1715 complexionis,
1416 1676 1451 1704 et
1484 1681 1549 1714 per
1581 1681 1811 1715 consequens
1827 1680 1865 1712 25

207 1732 287 1758 Thus
318 1764 336 1790 b
353 1765 359 1769 ,
487 1731 645 1776 apcioris
663 1730 812 1775 ingenii,
832 1736 867 1764 et
886 1730 934 1764 ad
953 1729 1116 1774 regimen
1143 1729 1261 1773 magis
1287 1729 1363 1773 apti
1387 1728 1553 1763 fuissent.
1604 1729 1653 1762 Et
1671 1739 1715 1762 eo
1733 1739 1812 1762 am-

208 1773 401 1825 iv'isailgoem:iiiiig
402 1774 473 1831 {kin¹
487 1790 581 1834 plius
612 1790 683 1823 hoc
710 1789 864 1831 videtur,
892 1788 991 1833 quod
1019 1788 1158 1832 parvuli
1185 1787 1262 1821 nati
1293 1798 1358 1831 per
1386 1793 1593 1831 temporum
1619 1785 1813 1820 intervalla

487 1858 681 1892 corporum
697 1853 896 1890 augmenta
916 1845 1203 1890 sump*sissent:
1223 1846 1320 1879 unde
1334 1844 1372 1878 in
1388 1844 1559 1887 sciencia,
1573 1855 1683 1888 quam
1697 1843 1811 1887 longi·
1825 1851 1909 1880 24A

207 1908 475 1974 {slffixageffigoegrew
487 1907 576 1940 tudo
595 1905 736 1939 dierum
763 1916 828 1949 per
854 1915 984 1938 sensus
1003 1910 1038 1937 et
1057 1903 1326 1948 experienciam
1353 1903 1443 1937 solet
1462 1902 1658 1944 adducere,
1676 1900 1813 1946 pariter

207 1975 275 2006 they
289 1975 381 2000 would
487 1970 526 1998 ut
554 1964 590 1998 in
618 1962 814 1998 crementis
844 1960 1095 2005 corporalibus
1126 1960 1367 2005 profecissent
1400 1966 1436 1995 et
1463 1959 1670 2004 potuissent
1698 1958 1811 1993 libere
1825 1970 1867 2001 30

208 2008 440 2073 ζζζῗζῗὲᾕςιξᾶω
487 2022 607 2056 minus
631 2028 666 2056 et
684 2020 842 2065 amplius
869 2020 991 2054 studio
1019 2019 1203 2063 sapiencie
1230 2018 1432 2062 indulgere,
1451 2018 1556 2052 sicuti
1575 2017 1812 2062 corporaliter

488 2080 609 2115 minus
628 2090 672 2113 ac
690 2078 848 2123 amplius
866 2078 1094 2120 laborare,et
1113 2077 1150 2110 in
1169 2076 1325 2111 diversis
1343 2076 1492 2119 artibus,
1506 2082 1546 2110 ut
1562 2075 1717 2118 videtur,
1735 2082 1812 2110 tam

487 2137 638 2183 phisicis
658 2148 767 2181 quam
787 2135 1013 2170 mechanicis
1032 2147 1098 2169 sua
1116 2134 1266 2179 ingenia
1285 2145 1463 2168 exercere.
1514 2133 1606 2178 Quis
1633 2132 1731 2167 enim
1748 2144 1812 2167 ne-

488 2207 574 2240 gare
587 2195 719 2240 poterit
734 2194 822 2239 quin
837 2193 873 2227 in
887 2192 1102 2228 innocencia
1116 2198 1377 2237 permanentes
1391 2198 1426 2225 et
1441 2198 1575 2226 terram
1591 2190 1813 2225 subicientes

489 2265 555 2288 suo
582 2252 746 2287 dominio
771 2252 870 2286 iuxta
893 2251 1059 2286 divinum
1085 2250 1276 2295 imperium
1304 2255 1474 2293 poterant
1500 2249 1646 2283 edificia
1671 2247 1814 2282 maiora
1825 2252 1912 2283 div„-
1931 2251 2026 2283 codd.

490 2313 566 2346 sive
592 2311 747 2354 minora,
766 2317 888 2344 vestes
915 2321 980 2354 pro
1008 2309 1083 2343 suis
1109 2308 1247 2351 usibus,
1275 2308 1384 2342 sellas
1410 2318 1453 2341 ac
1478 2307 1580 2341 frena
1605 2318 1671 2351 pro
1697 2305 1813 2351 equis,
1824 2296 2009 2327 dominum·

490 2376 613 2404 aratra
642 2380 685 2403 ac
716 2374 891 2411 carectas,
920 2373 955 2402 et
989 2365 1200 2400 huiusmodi
1235 2365 1307 2399 alia
1340 2364 1634 2408 innumerabilia,
1662 2375 1732 2409 que
1764 2363 1814 2398 ad

491 2428 606 2462 vitam
628 2425 732 2460 utilia
749 2425 802 2460 eis
825 2425 991 2468 fuissent,
1012 2424 1091 2458 sine
1109 2425 1240 2457 vultus
1256 2429 1380 2457 tamen
1399 2423 1459 2456 tui
1473 2422 1606 2456 sudore
1622 2433 1665 2456 ac
1684 2421 1812 2466 quavis
1824 2418 1895 2450 Siue
1912 2426 1942 2450 B·

212 2498 235 2514 2·
256 2496 288 2514 as
300 2496 363 2513 men
377 2486 415 2512 in·
490 2484 710 2529 fatigacione
728 2482 901 2527 corporis,
921 2493 986 2526 pro
1003 2488 1090 2516 voto
1110 2493 1186 2524 suo,
1202 2487 1239 2515 ut
1258 2479 1295 2513 in
1314 2479 1486 2524 presenti,
1506 2479 1660 2513 efficere.
1705 2479 1810 2523 Item,

212 2521 366 2547 creasedin
380 2529 458 2545 num·
666 2541 673 2547 .
965 2539 971 2545 .
1154 2538 1160 2544 .
1537 2537 1542 2542 .
1575 2536 1582 2542 .
1603 2536 1609 2542 .

211 2555 268 2585 ber,
283 2555 319 2580 all
334 2554 417 2580 could
430 2558 478 2579 not
492 2554 535 2576 ex
568 2553 611 2576 eo
640 2541 785 2575 Videtur
818 2540 1021 2584 probabile,
1050 2550 1224 2584 quoniam
1259 2549 1412 2582 corpora
1445 2536 1635 2582 possssmha
1669 2536 1716 2570 ab
1749 2548 1810 2571 ex·
1822 2551 1865 2582 40

213 2589 356 2652 ᾗζξὲᾏξξε,
491 2601 650 2635 trinseco
677 2599 901 2640 habuissent,
920 2604 955 2632 et
981 2609 1055 2631 non
1077 2608 1204 2631 omnes
1231 2596 1268 2630 in
1295 2594 1459 2629 Paradisi
1486 2594 1684 2629 amenitate
1709 2605 1812 2628 man-

213 2672 268 2697 and
283 2672 361 2697 those
375 2671 438 2696 who
492 2658 625 2692 sissent
641 2669 647 2700 ;
676 2657 850 2701 quoniam
866 2656 918 2690 sic
935 2662 1013 2690 tota
1026 2661 1123 2689 terra
1138 2653 1239 2698 quasi
1256 2653 1380 2687 ociosa
1393 2652 1536 2687 fuisset:
1562 2658 1688 2686 contra
1702 2651 1810 2695 istud,

214 2706 333 2770 ξξξέὴᾞ
342 2714 459 2763 {limate
491 2717 572 2750 Hec
587 2717 677 2749 dicit
695 2715 883 2748 Dominus
899 2724 1029 2748 creans
1045 2712 1147 2754 celos,
1166 2712 1243 2756 ipse
1261 2711 1364 2744 Deus
1369 2711 1548 2754 formans
1565 2713 1717 2752 terram,
1735 2710 1813 2754 ipse

215 2772 308 2798 W0u¹d
322 2772 354 2797 be
368 2771 460 2797 s0¹Ced
483 2774 627 2819 plastes
643 2774 722 2807 eius
730 2785 750 2814 ,·
775 2783 848 2806 non
871 2772 911 2806 in
926 2781 1068 2805 vanum
1082 2770 1225 2804 creavit
1239 2780 1331 2812 eam,
1346 2772 1399 2802 set
1415 2772 1458 2802 ut
1480 2768 1712 2802 inhabitetur
1723 2767 1809 2811 sor·
1822 2780 1892 2801 eam
1908 2779 1972 2800 om.
1988 2777 2018 2800 Β.
