2008 3305
176 185 258 236 148

160 2292 184 2318 C
184 2292 322 2318 ontinuat
325 2292 379 2319 ion.

161 2342 190 2367 Is
203 2343 240 2368 all
254 2343 366 2368 created
380 2352 424 2369 ac-

158 2375 218 2402 tion
231 2375 404 2404 inevitable?

158 2512 181 2529 1.
200 2503 268 2528 Man
282 2511 347 2534 may
358 2502 394 2527 be

159 2537 207 2562 the
220 2536 321 2574 partial
335 2536 424 2561 deter-

157 2570 266 2602 mimng
279 2577 362 2595 cause
375 2570 407 2595 of

160 2603 247 2630 God's
260 2602 325 2635 will,

850 192 917 225 DE
947 192 1165 225 DOMINIO
1197 191 1374 225 D1V1No
1551 183 1656 237 [CAP.
1673 195 1778 223 xvn.

450 307 522 345 illis
548 307 806 357 principaliter
831 314 921 358 post
947 314 985 346 et
1012 315 1124 354 ante;
1154 321 1247 358 ergo
1271 314 1307 345 et
1327 307 1685 345 determinatissime
1705 306 1784 344 vult
1800 310 1895 351 [490

450 378 599 416 eadem.
657 377 749 416 Non
771 379 874 416 enim
895 379 981 417 talis
1002 379 1278 417 condicionalis
1298 378 1433 416 volicio
1461 378 1533 415 nisi
1555 375 1573 396 ’¹‘
1593 390 1640 416 ex
1670 378 1827 427 igno-D

450 450 580 486 rancia
608 449 713 495 boni,
737 449 844 498 quod
869 450 1022 488 volitiva
1050 450 1230 499 potencia
1250 449 1365 487 debet
1384 448 1490 485 velle.
1546 447 1654 485 Deus
1674 460 1780 498 ergo,

449 520 515 569 qui
544 520 753 558 certissime
783 521 853 558 scit
881 526 918 558 et
947 520 1097 559 ordinat
1127 519 1327 570 quomodo
1354 524 1527 557 creatura
1548 518 1716 568 quelibet
1742 531 1783 556 se

450 589 617 636 habebit,
653 602 805 639 semper
839 591 1012 629 absolute
1047 591 1180 639 diligit,
1216 591 1314 628 sicut
1353 589 1528 627 absolute
1561 590 1640 627 vult
1677 589 1813 640 quod5

449 659 588 697 habeat
620 667 769 698 tanturn
800 662 969 708 bonum3
1009 668 1046 699 et
1075 673 1164 699 eum
1198 672 1280 699 non
1312 666 1439 710 potest
1467 667 1616 698 mutare
1646 661 1782 699 volun-

449 736 578 777 tatem,
609 742 712 768 nunc
742 731 909 769 volendo
938 744 1060 768 unum
1089 738 1127 769 et
1162 744 1265 769 nunc
1295 732 1376 769 eius
1410 731 1647 780 oppositum,
1678 737 1783 781 patet

449 801 656 838 residuum.
696 801 827 840 Nemo
843 803 1001 852 quidem
1018 803 1119 848 dicit,
1135 803 1164 839 si
1178 802 1284 839 Deus
1301 814 1404 839 nunc
1421 801 1541 851 diligit
1557 808 1782 848 creaturam,

447 872 554 920 quod
583 872 646 910 illa
675 885 780 911 nunc
810 879 867 910 est
887 873 947 910 vel
975 885 1079 910 nunc
1109 873 1161 910 sic
1192 872 1369 922 diligitur,
1394 872 1461 909 sed
1490 872 1579 910 satis
1600 879 1657 910 est
1677 872 1783 923 quod

447 949 622 991 tempore
651 954 721 981 suo
750 943 890 981 habeat
920 943 1013 981 illud
1042 944 1190 981 bonum
1211 943 1316 993 quod
1336 942 1444 981 Deus
1472 942 1685 980 eternaliter
1703 942 1781 981 vult
1795 958 1836 980 10

447 1012 596 1050 eidem:
632 1013 741 1052 Deus
771 1026 865 1063 ergo
890 1020 1038 1052 tantum
1069 1014 1193 1063 diligit
1222 1019 1258 1051 et
1288 1013 1368 1051 odit
1397 1012 1598 1050 hominem
1619 1013 1779 1063 quando

447 1090 593 1132 peccat,
609 1083 706 1122 sicut
720 1084 878 1133 quando
892 1091 1082 1134 perpetuo
1096 1091 1152 1121 est
1165 1085 1297 1121 beatus
1310 1097 1320 1131 3
1343 1083 1410 1121 sed
1427 1095 1507 1121 non
1520 1083 1598 1121 vult
1612 1084 1683 1121 sibi
1696 1091 1780 1122 tan-

446 1159 529 1190 tum
548 1154 698 1191 bonum
717 1154 841 1192 inesse
862 1166 931 1204 pro
948 1161 1123 1204 tempore
1143 1154 1305 1204 peccati,
1324 1154 1421 1192 sicut
1442 1154 1533 1192 alias
1554 1166 1643 1191 cum
1659 1166 1780 1192 mere-

445 1229 515 1261 tur.
574 1224 669 1262 Ideo
697 1237 800 1262 nunc
828 1232 865 1263 et
892 1237 1044 1274 semper
1064 1225 1143 1262 vult
1170 1225 1328 1262 Petrum
1348 1224 1489 1262 habere
1517 1225 1777 1274 penitenciam

445 1294 748 1333 detestacionem
778 1295 891 1334 Cristi
921 1302 1159 1345 sequentem,
1190 1295 1260 1333 sed
1290 1306 1490 1343 nunquam
1518 1295 1595 1332 vult
1620 1295 1776 1333 Petrum
1791 1307 1830 1340 15

445 1376 598 1414 semper
632 1366 700 1403 sed
735 1366 860 1403 solum
892 1379 964 1416 pro
998 1378 1180 1405 mensura
1217 1366 1366 1415 peccati
1405 1365 1458 1402 sic
1489 1366 1626 1414 puniri.
1683 1366 1780 1405 Ideo

444 1442 596 1484 oportet
626 1436 824 1474 attendere
854 1437 1055 1487 quomodo
1085 1436 1309 1474 adverbium
1338 1436 1524 1485 temporis
1553 1436 1781 1475 determinat

442 1512 572 1543 actum
600 1507 762 1552 volendi,
784 1513 821 1545 et
851 1507 1051 1556 quomodo
1081 1507 1240 1544 verbum
1271 1518 1459 1555 sequens;
1489 1513 1526 1544 et
1555 1512 1646 1545 tunc
1675 1507 1778 1545 vide·

442 1576 543 1614 bitur
576 1577 775 1627 quomodo
806 1578 944 1616 volicio
976 1578 1050 1615 Dei
1081 1583 1282 1627 permanet
1313 1577 1532 1615 eternaliter
1566 1577 1777 1625 uniformis,

441 1647 566 1684 volitis
595 1648 877 1696 quantumlibet
905 1649 1068 1686 variatis.
1127 1648 1178 1686 Et
1209 1648 1283 1686 hoc
1314 1648 1452 1685 vellem
1482 1660 1549 1686 eos
1579 1649 1775 1687 attendere
1791 1665 1832 1687 20

442 1717 507 1766 qui
537 1724 682 1767 negant
711 1719 817 1767 quod
847 1726 1019 1757 creature
1050 1719 1125 1756 sint
1154 1731 1269 1757 cause
1290 1719 1486 1756 volicionis
1507 1719 1654 1757 divine:
1685 1720 1776 1769 ipsis

441 1787 600 1837 quidem
630 1800 711 1825 non
740 1790 893 1838 proficit
923 1790 1029 1840 quod
1058 1789 1164 1827 Deus
1193 1789 1294 1827 varie
1324 1802 1428 1826 nunc
1453 1789 1531 1827 vult
1559 1790 1643 1837 hoc,
1673 1803 1776 1829 nunc

441 1859 522 1895 eius
553 1860 790 1908 oppositum,
824 1860 1170 1909 proporcionaliter
1199 1867 1241 1897 ut
1270 1860 1421 1897 volibile
1457 1860 1633 1898 variatur.
1691 1860 1776 1899 Nec

441 1929 679 1977 concipietur
698 1930 769 1967 ista
786 1931 982 1968 sentencia
1003 1931 1075 1967 nisi
1096 1931 1323 1980 precognita
1339 1931 1663 1969 necessariissima
1678 1932 1775 1969 veri-

441 2006 527 2045 tate,
549 2000 749 2049 quomodo
773 2007 864 2050 aput
884 2000 1013 2038 Deum
1033 2007 1120 2038 sunt
1140 2001 1272 2038 omnia
1293 2001 1504 2050 presencia.
1789 2014 1828 2046 25

863 2172 1191 2211 CAPITULUM
1223 2173 1355 2212 XVII.

494 2273 513 2294 *
530 2275 612 2313 PER
632 2275 702 2314 hec
722 2276 947 2326 responderi
977 2278 1117 2326 poterit
1146 2278 1195 2315 ad
1228 2283 1457 2327 argumenta
1477 2277 1658 2315 Doctoris
1679 2278 1772 2316 Pro·
1785 2293 1833 2322 50
1835 2293 1870 2322 A

437 2345 556 2392 fundi,
571 2347 668 2384 libro
685 2347 854 2385 secundo
875 2348 1041 2397 capitulo
1057 2349 1117 2394 iii„
1133 2348 1180 2386 de
1196 2348 1479 2386 inevitabilitate
1496 2349 1772 2398 cuiuscumque

437 2423 545 2455 actus
575 2417 780 2455 voluntatis
819 2425 947 2457 create
986 2419 1143 2456 racione
1172 2419 1373 2456 volicionis
1407 2419 1544 2464 divine,
1574 2431 1649 2469 que
1688 2431 1769 2457 non

438 2488 619 2534 subiacet,
641 2495 683 2525 ut
704 2489 880 2535 ereditur,
902 2489 1072 2526 hominis
1093 2489 1284 2539 potestati.
1343 2488 1531 2535 Quamvis
1560 2490 1665 2527 enim
1688 2502 1768 2528 non
1783 2502 1825 2533 30

437 2559 584 2608 possim
614 2559 800 2608 impedire
820 2558 950 2597 Deum
971 2559 1020 2596 ad
1039 2560 1259 2606 volendum,
1282 2565 1320 2597 et
1340 2560 1388 2597 de
1408 2566 1516 2597 tanto
1537 2559 1611 2597 Dei
1631 2561 1769 2599 volicio

473 2653 512 2670 11.
527 2644 694 2676 quandoB:
711 2644 934 2676 quantumAC.
1001 2654 1040 2670 12.
1061 2645 1137 2670 sicut
1151 2645 1190 2670 B:
1211 2653 1263 2671 om.
1279 2645 1348 2672 AC.
1402 2654 1444 2677 14.
1456 2646 1668 2678 penitenciam:
1685 2647 1768 2673 codd.

433 2686 511 2742 pzzm.
584 2713 623 2737 18.
645 2711 653 2739 ΙΙ
667 2719 785 2743 sequens
798 2711 821 2736 B
833 2711 851 2738 f.
864 2720 912 2744 234
923 2719 952 2738 D.
1033 2721 1074 2744 27.
1094 2712 1155 2737 Per
1166 2712 1188 2737 B
1201 2718 1207 2737 :
1228 2712 1299 2738 Post
1310 2712 1335 2737 A
1347 2711 1377 2738 C.
1467 2714 1507 2738 28.
1526 2713 1568 2738 z'z'z'.
1585 2713 1610 2738 A
1620 2712 1659 2739 C:
1677 2714 1719 2745 30⁰
1734 2713 1767 2740 Β.

497 2778 545 2808 28.
574 2777 816 2817 Bradwardine,
831 2778 874 2809 de
890 2778 998 2809 Causa
1014 2779 1089 2817 Dei,
1104 2779 1297 2820 apparently
1308 2779 1366 2810 lib.
1378 2779 1424 2811 iii.
1439 2788 1468 2819 2,
1481 2790 1535 2821 pp.
1549 2779 1611 2820 647
1624 2772 1712 2821 seqq.
