2008 3305
212 215 298 244 CAP.
315 200 408 257 xm]
690 209 836 241 LIBER
869 208 1062 241 PRIMUS.

99 331 193 370 3213]
208 339 371 376 persona
400 326 524 363 divina
555 332 611 363 est
637 332 770 362 natura
800 324 947 370 divina3
978 336 1070 373 ergo
1091 323 1192 360 nulla
1218 335 1382 372 persona
1403 323 1531 360 divina

207 404 264 434 est
301 404 435 434 natura
473 395 853 434 incommunicabilis.
928 394 1044 432 Unde
1085 394 1167 439 hec,
1207 393 1322 431 Nulla
1359 393 1532 430 essencia

207 467 334 504 divina
354 473 411 504 est
426 466 810 510 incommunicabilis,
827 465 939 502 debet
960 465 1012 502 sic
1035 465 1225 502 converti:
1259 464 1375 501 Nulla
1395 470 1532 500 natura

205 536 577 573 incommunicabilis
604 541 661 572 est
687 535 858 572 essencia
883 535 1018 572 divina.
1076 533 1190 571 Unde
1211 534 1270 571 isti
1289 533 1449 579 termini,
1472 545 1531 570 res

176 617 193 648 5
208 606 540 643 communicabilis
569 611 605 642 et
633 617 692 642 res
722 604 1107 648 incommunicabilis,
1129 616 1209 640 non
1232 609 1320 641 sunt
1339 603 1529 652 opposita,

204 689 292 713 cum
313 676 360 712 de
381 676 515 712 eadem
537 675 816 724 simplicissima
836 675 1008 711 essencia
1029 674 1285 723 predicantur.

258 746 308 783 Et
321 747 373 783 sic
390 747 437 783 de
458 746 658 783 exclusivis
673 758 717 782 ac
734 745 943 794 exceptivis
957 751 1108 794 oportet
1122 745 1321 793 diligenter
1334 743 1528 782 attendere

204 817 309 865 quod
329 817 393 854 fiat
409 816 708 865 proportionalis
729 822 765 852 et
782 816 908 853 debita
929 815 1152 864 supposicio
1168 815 1419 852 terminorum
1438 827 1445 851 :
1475 820 1527 859 ut,

203 887 256 924 sic
286 887 398 932 dicto,
420 887 537 924 Nulla
557 887 727 924 essencia
755 892 924 935 generat,
947 886 1059 923 debet
1087 898 1171 923 esse
1201 885 1286 922 talis
1315 885 1526 931 conversio,

153 970 191 993 10
205 957 319 994 Nulla
338 963 474 994 natura
494 969 682 1006 generans
703 963 760 994 est
780 957 962 994 essencia.
1019 956 1069 993 Et
1097 956 1180 1002 hec,
1205 955 1333 994 Omne
1355 955 1529 992 Verbum

202 1028 371 1065 divinum
400 1034 455 1064 est
484 1027 630 1073 Deitas,
658 1027 811 1064 habebit
841 1026 1057 1064 huiusmodi
1086 1026 1328 1071 exclusivam‚
1356 1025 1529 1062 Tantum

201 1110 367 1147 persona
399 1110 476 1147 que
514 1104 571 1135 est
597 1098 731 1135 Deitas
765 1104 823 1135 est
849 1097 1023 1135 Verbum
1057 1097 1239 1142 divinum,
1272 1108 1361 1134 cum
1394 1102 1529 1133 natura

200 1168 371 1206 humana
400 1169 445 1205 sit
465 1168 639 1206 Verbum
659 1168 840 1205 divinum.
898 1167 986 1205 Hec
1006 1168 1128 1204 eciam
1156 1173 1211 1204 est
1240 1166 1343 1213 falsa,
1367 1166 1528 1204 ‘Omnis

204 1242 213 1257 ‘
228 1238 335 1275 Deus
355 1245 410 1276 θεῖ
431 1250 641 1288 corporeus
671 1245 707 1275 et
736 1237 928 1283 mortalis‚’
951 1238 1026 1275 sive
1053 1238 1266 1274 subiectum
1286 1237 1529 1274 distribuatur

152 1325 188 1356 ¹5
203 1321 273 1357 pro
288 1310 461 1346 essencia
475 1309 533 1346 vel
545 1321 728 1358 persona:
756 1308 858 1345 unde
878 1308 948 1346 hec
970 1315 1027 1345 est
1048 1320 1116 1345 sua
1136 1308 1337 1354 exclusiva,
1354 1308 1527 1345 Tantum

203 1391 261 1416 res
276 1391 459 1427 corporea
474 1385 530 1416 θεῖ
545 1379 653 1416 Deus
671 1392 680 1424 ς
700 1385 737 1416 θῖ
749 1379 820 1416 hec
837 1385 893 1415 est
907 1391 974 1415 sua
987 1378 1293 1423 contradictoria,
1311 1378 1453 1427 Aliqua
1468 1390 1527 1414 res

201 1461 276 1497 que
297 1457 352 1487 θεῖ
372 1449 478 1486 Deus
499 1462 578 1486 non
599 1456 654 1486 θεῖ
675 1461 870 1498 corporea.
929 1448 1043 1486 Unde
1073 1449 1154 1494 hec,
1178 1448 1317 1486 Omnis
1338 1449 1443 1486 Deus
1470 1454 1528 1485 θεῖ

200 1519 327 1565 Filius,
345 1519 458 1556 habet
477 1519 669 1568 duplicem
691 1531 845 1556 sensum
866 1519 1108 1568 equivocum:
1133 1531 1223 1556 nam
1245 1531 1378 1556 sensus
1394 1519 1431 1555 in
1449 1530 1526 1568 quo

200 1596 257 1627 est
277 1590 497 1627 distribucio
519 1602 588 1639 pro
609 1601 775 1638 persona
804 1596 861 1626 est
890 1590 1148 1638 impossibilis,
1170 1590 1318 1627 habens
1339 1590 1413 1627 hoc
1434 1602 1526 1627 con-

148 1660 472 1705 zorradictorium,
504 1660 645 1709 Aliqua
679 1672 843 1709 persona
877 1660 1003 1696 divina
1035 1672 1115 1697 non
1154 1667 1211 1697 θεῖ
1242 1660 1385 1706 Filius;
1424 1660 1527 1697 unde

199 1736 237 1767 et
278 1730 377 1767 hanc
416 1730 660 1775 exclusivam,
697 1730 870 1767 Tantum
918 1730 1035 1767 Filius
1072 1737 1127 1767 est
1165 1743 1333 1780 persona
1371 1731 1523 1767 divina:

199 1800 297 1838 sacta
335 1807 464 1837 autem
503 1801 776 1838 distribucione
816 1813 884 1849 pro
923 1801 1094 1838 essencia
1124 1801 1368 1850 generabitur
1394 1813 1528 1838 sensus

199 1883 331 1916 verus;
362 1883 451 1908 cum
481 1871 706 1909 contradicit
742 1871 823 1916 hec,
856 1871 996 1921 Aliqua
1030 1879 1166 1909 natura
1201 1872 1327 1909 divina
1361 1883 1439 1908 non
1471 1878 1527 1908 θεῖ

196 1940 337 1986 ·Filius;
371 1948 408 1978 et
440 1942 491 1978 ita
521 1941 763 1986 convertitur,
787 1941 960 1978 Tantum
994 1949 1128 1978 natura
1155 1942 1282 1979 divina
1313 1948 1368 1979 θεῖ
1397 1942 1525 1979 Filius.

159 2008 221 2044 G*
250 2010 364 2048 Unde
394 2011 532 2048 falsum
561 2017 619 2048 θεῖ
652 2011 757 2061 quod
787 2012 902 2048 nichil
929 2018 990 2049 θεῖ
1023 2012 1233 2058 immobile,
1271 2025 1358 2050 cum
1394 2020 1527 2050 natura

199 2081 326 2118 divina
355 2081 401 2118 sit
430 2082 592 2118 omnino
613 2082 847 2127 immobilis;
881 2089 917 2119 et
946 2095 1014 2131 per
1038 2094 1278 2132 consequens
1301 2096 1380 2120 non
1400 2084 1527 2121 omnis

198 2163 257 2188 res
289 2158 345 2188 θεῖ
378 2152 540 2196 mobilis,
576 2152 664 2189 licet
695 2152 880 2201 quidquid
913 2159 969 2189 θεῖ
1003 2153 1048 2189 sit
1081 2154 1233 2198 mobile,
1266 2166 1355 2190 cum
1390 2161 1527 2190 natura

198 2221 323 2258 divina
357 2221 403 2258 sit
435 2222 676 2270 suppositum
710 2223 815 2270 quod
848 2229 1033 2260 movetur.
1089 2223 1150 2260 Ex
1185 2236 1263 2273 quo
1292 2231 1394 2273 patet
1422 2225 1527 2273 quod

198 2304 278 2328 non
299 2291 477 2340 sequitur,
498 2291 697 2340 Quidquid
718 2304 821 2329 nunc
843 2299 900 2329 θεῖ
921 2300 977 2330 θεῖ
997 2294 1204 2338 immobile,
1225 2307 1317 2343 ergo
1333 2295 1447 2331 nichil
1470 2301 1527 2331 θεῖ

145 2378 185 2408 30
198 2361 351 2406 mobile,
379 2362 505 2410 posito
534 2362 638 2410 quod
669 2362 785 2399 Filius
816 2363 861 2399 sit
890 2363 1147 2400 incarnandus
1177 2370 1214 2400 et
1243 2364 1526 2402 demonstretur

197 2443 377 2468 mensura
404 2444 474 2481 pro
504 2443 579 2480 qua
606 2432 709 2469 solus
737 2432 842 2469 Deus
867 2440 933 2470 est.
993 2432 1055 2471 Sic
1083 2446 1175 2482 ergo
1206 2434 1394 2483 contingit
1419 2446 1525 2471 exer-

196 2501 353 2538 citatum
391 2501 558 2549 logicum
589 2502 628 2538 in
660 2503 819 2539 materia
851 2503 899 2540 de
932 2504 1206 2541 universalibus
1240 2510 1277 2540 et
1311 2505 1358 2541 de
1392 2504 1524 2542 formis

197 2572 355 2609 evadere
385 2578 610 2620 argumenta
640 2572 846 2621 sophistica
873 2574 979 2610 istius
1009 2575 1163 2611 materie
1193 2575 1232 2610 in
1262 2587 1358 2623 puro
1379 2575 1523 2612 lumine

198 2642 373 2679 naturali.
427 2642 477 2678 Et
491 2642 738 2680 contenciosa
753 2643 918 2680 variacio
940 2650 1012 2680 stat
1028 2644 1067 2680 in
1083 2645 1229 2681 verbis:
1258 2652 1294 2682 et
1308 2657 1408 2682 unus
1428 2658 1523 2683 con-

231 2754 270 2770 20.
292 2743 385 2769 Verba
398 2744 473 2769 unde
484 2747 512 2769 et
523 2744 598 2770 hanc
613 2745 793 2770 exclusivum
809 2754 898 2777 usque
913 2746 949 2771 ad
972 2747 997 2771 T
997 2749 1101 2772 unium
1120 2749 1230 2772 natura
1242 2747 1346 2773 divina
1358 2750 1400 2773 est
1414 2748 1520 2779 Filius,

196 2787 269 2809 quae
281 2777 308 2802 in
323 2777 379 2802 AC
392 2786 503 2809 prorsus
516 2778 618 2803 omissa
631 2783 704 2809 sunt,
720 2787 754 2803 ex
769 2779 791 2804 Β
805 2779 938 2811 supplevi.
1045 2790 1084 2812 31.
1106 2789 1243 2806 mensura
1259 2781 1297 2806 B:
1311 2784 1437 2813 persona
1449 2782 1475 2807 A
1485 2782 1517 2808 C.

196 2813 205 2840 Π
218 2812 413 2836 exercitatum
427 2811 449 2836 B
462 2811 480 2836 f.
496 2813 544 2836 226
555 2820 581 2836 D.

861 2873 896 2903 H

1757 205 1809 250 97
