2008 3305
175 188 196 226 8
853 196 916 226 DE
950 195 1168 228 DomNro
1202 196 1376 227 DIVINo
1625 185 1730 244 [CAP.
1754 200 1782 230 1.

452 310 648 361 spondens
679 310 894 349 voluntario
923 311 1135 348 ministerio
1164 310 1213 348 ad
1247 311 1537 349 edificacionem
1568 311 1585 331 *
1615 313 1787 362 corporis
1802 319 1878 361 [3A

452 382 593 420 Christi
633 382 769 419 mistici
804 394 902 419 voco
938 382 1175 419 caritativum
1211 382 1426 420 dominium
1467 383 1542 421 sive
1577 384 1785 430 vica1·ium;

451 453 556 502 quod
585 453 730 490 habent
759 452 1019 499 ecclesiastici,
1045 453 1141 490 sicut
1169 459 1205 490 et
1233 453 1446 499 servicium,
1475 466 1522 491 eo
1552 455 1677 503 magis
1707 467 1787 504 quo

451 531 539 561 sunt
560 524 598 560 in
625 523 836 561 ministerio
862 523 950 572 plus
979 522 1149 572 perfecti.
1207 523 1323 561 Aliud
1345 532 1473 561 autern
1493 531 1549 562 est
1570 524 1787 562 dominium

451 595 678 640 coactivum,
703 594 820 644 quod,
846 600 1035 644 quantum
1065 594 1114 632 ad
1144 594 1308 643 primam
1338 594 1612 633 fundacionem
1641 596 1819 644 attinet‚5

451 672 507 703 est
527 665 797 703 ecclesiasticis
818 665 1074 711 interdictum,
1090 672 1129 702 ut
1151 671 1238 714 post
1259 665 1432 703 diffusius
1454 666 1678 705 declaratur.

171 736 233 763 The
247 736 410 763 reasonaffle
506 736 555 773 Et
575 743 680 786 patet
699 736 805 785 quod
826 743 1013 785 repugnat
1033 748 1116 773 esse
1138 736 1373 774 racionalem
1394 743 1609 774 creaturam
1639 737 1711 774 nisi
1742 738 1789 775 sit

172 776 300 796 creature
315 776 388 796 must
398 771 432 796 be

171 805 408 863 ξζὲὴὲζξζῇᾞῗη
451 815 531 845 tam
547 808 643 845 liber
659 820 777 857 quam
794 819 925 846 servus
941 809 1011 845 sub
1026 808 1167 857 dispari
1184 807 1410 845 habitudine
1427 807 1475 845 ad
1492 808 1648 846 diversa.
1684 807 1789 845 Nam

172 872 424 938 ἔίξῗῑξῑζῗξῗζξῃῑὲς,
454 880 484 917 si
511 886 568 917 est
592 879 796 916 racionalis
822 885 1006 925 ereatura,
1033 879 1083 916 ad
1109 879 1315 917 minimum
1344 879 1457 916 servit
1476 878 1565 916 Deo
1579 891 1588 925 ;
1620 884 1658 916 et
1681 879 1712 916 si
1732 884 1789 916 est

453 950 657 988 racionalis
684 956 869 996 creatura,
892 950 1009 987 habet
1034 950 1248 987 libertatem
1277 949 1434 995 arbitrii,
1455 956 1492 986 et
1520 950 1573 987 sic
1603 949 1651 987 ad
1675 949 1788 986 mini·
1804 963 1844 986 10

452 1034 561 1059 mum
587 1028 763 1071 respectu
784 1030 891 1059 actus
917 1021 1112 1059 intrinseci
1133 1021 1203 1058 erit
1224 1021 1329 1058 liber.
1388 1020 1497 1058 Patet
1518 1033 1565 1057 ex
1587 1019 1661 1058 hoc
1682 1020 1790 1070 quod

452 1093 484 1132 si
506 1093 553 1130 sit
573 1099 709 1130 natura
730 1092 946 1138 racionalis,
968 1099 1058 1130 tunc
1079 1099 1135 1129 est
1157 1092 1329 1137 volitiva;
1360 1098 1396 1129 et
1417 1104 1507 1129 cum
1528 1091 1644 1129 nichil
1664 1098 1791 1141 potest

452 1177 593 1213 cogere
617 1164 866 1210 voluntatem,
888 1170 992 1212 patet
1017 1163 1124 1212 quod
1150 1163 1289 1200 exhinc
1317 1169 1376 1200 est
1399 1162 1517 1200 libera
1539 1163 1694 1200 racione
1720 1175 1789 1212 po-

453 1236 575 1274 tencie
595 1236 757 1273 volitive.
808 1234 857 1271 Et
887 1234 988 1271 idern
1019 1235 1269 1271 confirmatur
1289 1246 1337 1271 ex
1366 1234 1562 1271 sentencia
1583 1233 1789 1284 Augustini

451 1319 568 1356 supra
597 1307 719 1344 dicta:
755 1318 846 1343 nam
876 1306 907 1343 si
937 1305 1063 1354 aliqua
1092 1305 1139 1342 sit
1169 1304 1372 1342 racionalis
1402 1310 1585 1350 creatura,
1610 1311 1702 1343 tunc
1731 1311 1788 1342 est
1805 1318 1843 1351 15

451 1378 550 1415 iusta
564 1377 622 1415 vel
643 1377 806 1421 iniusta;
837 1376 868 1414 si
884 1384 939 1414 est
960 1376 1070 1422 iusta,
1083 1382 1175 1414 tunc
1196 1376 1307 1413 servit
1327 1376 1471 1413 iusticie
1491 1382 1529 1413 et
1549 1382 1606 1413 est
1626 1381 1789 1426 peccato

450 1448 596 1495 libera;
635 1449 667 1486 si
696 1448 846 1494 iniusta,
878 1454 968 1485 tunc
997 1454 1054 1484 est
1083 1447 1201 1484 libera
1230 1447 1379 1484 iusticie
1408 1453 1444 1484 et
1473 1446 1586 1484 servit
1614 1453 1789 1496 peccato.

452 1519 547 1558 Non
575 1526 706 1557 tamen
735 1518 950 1568 putandum
980 1524 1037 1556 est
1070 1530 1154 1556 esse
1183 1518 1365 1567 possibile
1395 1518 1501 1567 quod
1529 1524 1710 1567 peccator
1745 1519 1791 1555 sit

451 1598 654 1640 exemptus
667 1603 715 1628 ne
730 1590 923 1640 paciendo
940 1590 1077 1627 serviat
1093 1589 1239 1626 iusticie
1255 1602 1263 1635 ;
1293 1589 1372 1634 sed,
1387 1595 1575 1638 quantum
1592 1589 1639 1626 ad
1653 1589 1789 1627 libera-

452 1663 606 1701 cionem
641 1662 827 1699 servitutis
859 1661 1002 1707 attinet,
1035 1660 1279 1709 deobligatur
1308 1672 1356 1697 ne
1396 1659 1535 1697 exhinc
1574 1660 1621 1697 sit
1660 1672 1789 1697 servus
1805 1676 1844 1698 20

450 1734 596 1771 activus
619 1733 775 1771 iusticie.
839 1732 939 1770 Illud
960 1731 1172 1769 declaratur
1192 1731 1384 1780 posterius
1406 1730 1443 1767 in
1460 1742 1656 1779 processu.

915 1922 1245 1961 CAPITULUM
1277 1921 1327 1959 ΙΙ.

170 2048 376 2074 Βιςτικετιοκς
506 2037 567 2076 Ex
587 2037 668 2075 istis
688 2043 793 2087 patet
813 2048 919 2074 error
936 2035 1182 2086 quorundam
1203 2035 1428 2085 putancium
1449 2034 1555 2084 quod
1575 2034 1789 2073 dominium

169 2090 327 2142 ἷῗῖιῖᾚιξ-
452 2109 597 2147 dictum
626 2108 836 2146 formaliter
866 2107 913 2144 sit
940 2108 998 2144 ius
1028 2106 1187 2155 aliquod
1206 2105 1264 2143 vel
1293 2112 1477 2155 potestas.
1536 2105 1640 2143 Nam
1670 2105 1790 2143 homo

171 2160 279 2226 ζίηιῐζιζῗ
294 2165 343 2186 ”Ot
452 2187 580 2230 potest
599 2180 743 2218 habere
770 2180 873 2216 idem
896 2179 955 2215 ius
980 2177 1027 2215 ad
1054 2190 1136 2214 rem
1163 2177 1442 2226 possidendam
1463 2189 1549 2214 curn
1570 2177 1789 2226 privacione
1804 2191 1842 2223 25

171 2236 199 2253 a.
222 2227 337 2259 aright,
353 2226 428 2253 since
479 2253 485 2260 ,
663 2251 669 2258 ,
704 2251 724 2258 „
922 2250 928 2256 .
1139 2248 1145 2255 .
1439 2248 1445 2254 .
1481 2248 1487 2255 .

172 2260 229 2286 thiS
243 2270 308 2293 may
322 2261 393 2286 exist
454 2264 535 2290 elus
565 2252 748 2297 dom1n113
779 2249 885 2300 quod
920 2262 977 2287 lus
1007 2248 1164 2285 habebit
1197 2254 1313 2286 nacto
1343 2248 1538 2286 domimo:
1577 2259 1665 2285 curn
1695 2259 1789 2296 ergo

168 2295 294 2361 fgffffig,
303 2295 397 2360 icmal
457 2323 672 2361 dominium
695 2320 713 2341 ’²‘
740 2334 819 2359 non
843 2327 970 2370 potest
989 2332 1068 2356 una
1091 2319 1172 2356 vice
1193 2331 1276 2356 esse
1303 2318 1518 2356 dominium
1539 2324 1576 2356 et
1599 2318 1690 2355 alias
1710 2330 1790 2356 non
1804 2333 1835 2360 B

172 2400 439 2467 Loorsffisshirilygffiegffigs
453 2407 536 2432 esse
566 2393 793 2439 dominium,
816 2398 919 2441 patet
948 2390 1055 2441 quod
1082 2390 1297 2427 dominium
1324 2402 1404 2427 non
1433 2396 1490 2427 est
1519 2390 1576 2427 ius
1598 2389 1701 2435 illud,
1722 2389 1791 2427 sed

171 2468 269 2495 basiss³
451 2477 580 2515 ipsum
627 2474 927 2514 presupponens
975 2469 1017 2500 ut
1064 2461 1372 2499 fundamentum.
1444 2459 1528 2497 Nec
1577 2466 1634 2498 est
1680 2459 1789 2498 facile

451 2536 620 2573 invenire
659 2534 762 2573 aliud
796 2534 1092 2570 fundamentum
1127 2532 1299 2578 dominii,
1332 2538 1414 2569 tum
1446 2543 1536 2568 cum
1574 2531 1622 2568 de
1654 2537 1789 2568 natura
1803 2541 1845 2572 30

485 2648 509 2671 9.
532 2637 615 2664 Prius
634 2639 675 2664 est
694 2637 732 2662 A*
751 2635 777 2662 in
798 2645 886 2668 marg.
905 2635 1051 2661 additum:
1066 2644 1119 2660 om.
1140 2634 1162 2660 B
1177 2634 1208 2660 C.
1316 2643 1354 2665 14.
1374 2636 1382 2664 ΙΙ
1401 2634 1604 2666 confirmatur
1621 2633 1643 2658 B
1663 2633 1680 2658 f.
1703 2643 1751 2666 213
1763 2641 1791 2658 A.

452 2674 477 2698 A
486 2672 621 2702 agustini
632 2672 670 2696 Α2
679 2670 719 2701 (in
732 2670 883 2701 marginem
905 2669 1030 2700 aposmlz·
1040 2669 1072 2694 ΑΙ
1084 2666 1282 2700 (expunctum)
1296 2667 1317 2692 B
1328 2668 1360 2694 C.
1443 2677 1481 2700 19.
1499 2668 1575 2693 Ante
1587 2667 1638 2693 sed
1650 2667 1672 2692 B
1685 2668 1792 2693 scilicet

454 2705 544 2731 addit.
613 2714 653 2730 21.
677 2704 763 2729 [llud
775 2705 800 2729 A
811 2704 849 2729 C:
871 2703 960 2728 Istud
972 2703 1003 2728 B.
1076 2704 1116 2728 28.
1138 2704 1182 2727 est
1196 2702 1221 2726 A
1233 2701 1271 2727 C:
1291 2710 1349 2727 esse
1365 2702 1396 2727 B.

497 2766 546 2795 30.
572 2760 642 2786 tum
660 2765 745 2786 cum.
793 2754 900 2785 There
922 2754 947 2784 is
967 2764 1008 2784 an
1028 2753 1247 2784 anacoluthon
1267 2753 1351 2784 here.
1398 2751 1550 2792 Wycliffe
1571 2752 1717 2793 expands
1741 2751 1792 2783 his

452 2807 520 2838 first
544 2818 656 2839 reason
682 2811 715 2838 at
734 2806 812 2838 such
836 2806 950 2846 length
967 2805 1037 2836 that
1055 2805 1096 2835 he
1116 2805 1203 2836 10565
1227 2804 1314 2845 sight
1340 2804 1378 2835 os
1398 2804 1452 2836 the
1475 2803 1594 2835 second
1620 2808 1791 2844 argument
