2008 3305
153 226 212 270 92
837 225 902 258 DE
928 224 1151 267 ‚DOMINIO
1183 224 1360 256 D1vtNo
1559 213 1662 271 [CAP.
1685 227 1761 254 ΧΠ.

434 339 588 389 pulcras
609 340 683 378 Dei
704 346 894 378 creaturas
916 341 1084 378 indebite
1105 339 1341 390 applicantis,
1357 339 1409 376 sic
1429 338 1572 376 falsitas
1588 351 1635 376 ex
1654 340 1764 376 turba
1781 343 1877 385 [300

434 410 720 457 fantasmatum,
751 412 789 448 in
829 412 968 460 quibus
1001 411 1161 460 quiescit
1196 410 1346 446 animus
1377 409 1566 458 fatigatus,
1590 415 1631 446 ut
1660 416 1765 459 patet

433 481 473 518 in
492 481 553 519 De
574 494 662 519 vera
683 482 887 531 Religione
908 482 997 518 xlix.
1052 481 1102 518 Et
1123 487 1226 529 patet
1257 480 1362 529 quod
1387 480 1417 516 si
1439 480 1606 517 chimera
1627 481 1764 517 intelli-

432 552 544 600 gitur,
577 558 668 590 tunc
707 552 836 601 aliquo
870 552 1134 590 demonstrato
1166 551 1239 588 hoc
1274 551 1504 600 intelligitur,
1536 557 1573 589 et
1602 551 1675 589 hoc
1705 558 1764 589 est

434 621 627 669 chimera3
657 628 693 660 et
722 623 773 660 ita
802 623 850 660 de
880 623 984 660 aliis:
1014 634 1095 659 non
1125 622 1180 660 sic
1210 621 1315 671 quod
1337 621 1522 671 quidlibet
1552 622 1676 670 signat
1705 622 1794 663 in-5

433 692 652 730 differenter
680 693 878 743 quidlibet,
899 694 995 731 sicut
1016 693 1147 730 dicunt
1166 693 1217 729 hii
1238 692 1303 742 qui
1331 692 1477 730 addunt
1502 693 1618 730 talem
1639 693 1762 731 mino-

432 775 525 809 rem,
550 767 610 801 ‘et
643 764 718 801 hoe
741 770 797 802 est
832 763 1063 813 intelligibile
1098 776 1182 801 esse
1216 761 1409 801 chimera’
1443 763 1492 800 ad
1524 763 1763 801 indefinitam

431 834 649 872 huiusmodi
687 835 917 884 expositorie
956 834 1208 871 inferendam.
1276 833 1359 871 Nec
1389 839 1446 870 est
1475 833 1711 871 credendum
1740 846 1764 872 a

430 916 526 943 sano
556 905 680 954 capite
710 905 817 955 quod
846 911 1020 943 creatura
1050 905 1262 954 quidquam
1292 905 1451 942 adextra
1479 904 1674 953 signatum
1703 904 1763 942 vel

429 975 583 1023 signum
605 976 788 1025 intelligit.
845 977 968 1014 Aliter
987 976 1090 1013 enim
1111 976 1274 1013 nesciret
1294 987 1411 1023 quam
1432 987 1527 1012 vane
1548 982 1635 1013 sunt
1655 976 1760 1025 cogi·
1777 988 1820 1010 10

427 1046 601 1083 taciones
628 1046 841 1093 hominum,
863 1053 998 1085 contra
1024 1046 1277 1096 psalmistam,
1300 1045 1523 1083 Psalmo—
1537 1075 1545 1091 ,
1573 1045 1762 1083 Dominus

429 1117 500 1153 scil
523 1118 759 1165 cogz'z‘acz'ones
788 1119 976 1155 hominum
1005 1118 1177 1166 quoniam
1205 1129 1297 1154 vane
1328 1121 1424 1153 sunt.
1456 1099 1559 1154 'Sed
1589 1117 1760 1155 dicentes

429 1188 649 1236 oppositum
670 1188 845 1226 laborant
865 1189 904 1225 in
926 1187 1227 1238 equivocacione
1251 1186 1269 1206 '¹‘
1285 1187 1495 1236 signorum,
1517 1187 1623 1236 quod
1640 1187 1758 1225 homo
1773 1195 1806 1224 D

428 1258 603 1307 intelligit
623 1259 732 1309 signa
744 1271 815 1309 pro
835 1260 912 1297 suis
933 1259 1103 1308 signatis,
1120 1258 1397 1308 componitque
1418 1258 1626 1304 fantastice,
1640 1258 1760 1296 modo

427 1341 506 1378 quo
526 1329 634 1366 Deus
654 1342 735 1367 non
761 1336 888 1380 potest
916 1342 1180 1379 cognoscere;
1210 1335 1248 1367 et
1277 1329 1330 1366 sic
1356 1329 1425 1366 sub
1452 1341 1535 1367 uno
1564 1329 1760 1367 involucro
1776 1340 1814 1372 15

426 1400 601 1449 telligunt
620 1413 679 1439 res
706 1408 812 1439 extra
842 1402 951 1450 signa
980 1413 1051 1451 pro
1077 1401 1216 1450 quibus
1246 1406 1303 1437 est
1333 1401 1558 1449 conposicio
1588 1405 1625 1438 et
1653 1406 1761 1437 actus

426 1472 575 1510 anime:
608 1472 704 1510 sicut
732 1472 908 1521 intelligit
935 1472 1170 1509 Anshelmus
1201 1478 1237 1509 et
1267 1471 1328 1508 alii
1363 1471 1622 1509 concedentes
1651 1471 1759 1520 quod

424 1542 608 1591 insipiens
642 1542 732 1580 dicit
762 1543 819 1580 vel
850 1543 992 1592 cogitat
1027 1542 1155 1580 Deum
1187 1553 1267 1579 non
1301 1554 1396 1588 esse,
1428 1542 1535 1592 quod
1571 1541 1760 1580 hereticus

425 1613 515 1651 dicit
542 1614 861 1664 pertinaciterque
886 1614 1057 1651 defendit
1084 1613 1232 1650 nullum
1257 1612 1489 1662 principium
1519 1624 1602 1650 esse
1631 1613 1759 1650 termi-

424 1696 533 1730 num,
565 1689 602 1721 et
644 1684 697 1721 sic
736 1684 784 1721 de
819 1685 948 1722 multis
982 1684 1270 1734 inpossibilibus
1304 1684 1491 1733 cogitatis.
1561 1682 1623 1721 Sic
1653 1683 1756 1722 enirn
1773 1695 1813 1717 20

422 1754 592 1804 loquitur
612 1754 661 1791 ad
681 1767 837 1793 sensum
857 1755 1087 1804 expositum.

142 1829 253 1888 ss'otlffin
267 1830 411 1890 Csssscsshitnk
479 1825 570 1872 Quo
594 1837 709 1863 sensu
729 1831 875 1872 notato,
896 1838 945 1863 ne
972 1825 1192 1863 laboremus
1221 1825 1261 1863 in
1291 1825 1496 1875 equivocis,
1517 1830 1622 1874 patet
1650 1824 1758 1874 quod

143 1896 206 1923 God
217 1874 407 1925 fisstthinlzit·
422 1908 495 1933 nec
514 1896 622 1933 vians
642 1908 712 1933 nec
732 1897 867 1933 beatus
886 1902 1012 1945 potest
1033 1895 1246 1945 quidquam
1267 1896 1437 1944 cogitare
1454 1895 1527 1932 nisi
1547 1895 1652 1944 quod
1672 1907 1756 1944 pre-

420 1966 563 2015 cogitat
583 1965 691 2003 Deus
707 1978 716 2012 ;
747 1972 784 2004 et
804 1978 893 2003 cum
914 1967 994 2015 ipse
1016 1966 1107 2004 nihil
1128 1966 1268 2015 cogitat
1284 1966 1355 2003 nisi
1376 1966 1482 2014 quod
1503 1966 1571 2004 scit
1584 1965 1641 2003 vel
1662 1978 1754 2014 cog-

420 2037 554 2083 noscit,
576 2043 613 2074 et
634 2037 739 2086 quod
760 2037 800 2073 in
821 2043 1011 2086 quantum
1031 2036 1254 2074 huiusmodi
1275 2037 1391 2074 habet
1411 2049 1505 2083 esse,
1523 2041 1629 2085 patet
1649 2036 1753 2085 quod
1770 2046 1808 2079 25

420 2120 492 2145 nec
509 2107 637 2157 aliqua
653 2114 836 2145 creatura.
887 2107 1015 2145 Simus
1031 2108 1158 2157 itaque
1171 2107 1268 2144 infra
1280 2107 1418 2144 limites
1431 2107 1529 2144 entis
1546 2119 1636 2144 curn
1650 2106 1752 2153 Deo,

418 2185 455 2216 et
476 2185 566 2215 tunc
588 2190 797 2228 possumus
826 2178 1013 2215 sustinere
1041 2178 1147 2227 quod
1176 2190 1257 2223 ens,
1279 2177 1317 2214 id
1344 2184 1412 2223 est,
1434 2189 1493 2214 res
1519 2189 1594 2226 que
1620 2183 1677 2214 est
1698 2175 1755 2229 (ut

416 2248 583 2298 loquitur
603 2248 866 2298 philosophus,
883 2249 1007 2297 primo
1023 2248 1292 2299 Phisicorum),
1310 2248 1355 2284 sit
1371 2248 1730 2285 communissimum
1744 2260 1754 2294 ;

418 2326 455 2356 et
476 2319 527 2356 ita
546 2319 650 2356 iuxta
671 2319 872 2369 antiquam
898 2319 1193 2368 grammaticam
1216 2318 1245 2355 si
1266 2318 1510 2355 nominatum
1535 2324 1591 2355 est
1619 2317 1758 2355 intelli<

417 2390 544 2439 gibile,
568 2395 658 2426 tunc
679 2395 737 2427 est
756 2401 816 2426 res
837 2401 911 2439 que
931 2395 1058 2438 potest
1078 2388 1248 2437 intelligi,
1271 2394 1308 2426 et
1328 2389 1380 2426 sic
1402 2388 1448 2425 de
1469 2388 1634 2438 antiquis
1653 2388 1751 2425 rudi·
1766 2396 1807 2427 30

451 2504 475 2526 7.
495 2495 524 2520 et
536 2503 590 2520 om.
605 2494 637 2520 B.
837 2503 876 2519 12.
897 2493 1036 2525 quoniam
1049 2501 1124 2520 vane
1137 2495 1221 2521 sunt:
1249 2493 1280 2518 Β.
1296 2495 1346 2520 etc.
1519 2502 1561 2525 17.
1580 2493 1656 2519 sicut
1670 2492 1710 2519 B:
1724 2495 1753 2520 et

417 2528 457 2557 Sic
470 2528 495 2553 A
507 2528 537 2555 C.
683 2536 723 2561 29.
745 2529 787 2554 est
800 2527 826 2552 A
836 2527 876 2553 C:
896 2528 936 2552 sit
951 2527 985 2552 B.

461 2619 490 2650 3.
515 2611 657 2651 August.
681 2611 721 2641 de
744 2621 808 2642 ver.
832 2609 938 2651 Relig.
964 2610 1042 2642 xlix.
1068 2613 1105 2649 ἓξ
1127 2619 1180 2653 95,
1203 2609 1256 2652 96,
1275 2610 1363 2652 Opp.
1389 2619 1415 2642 Ι.
1437 2610 1496 2651 782
1515 2620 1521 2642 :
1547 2609 1585 2643 cf.
1602 2620 1672 2651 cap.
1690 2609 1749 2641 liii.

417 2665 433 2699 ξ)
456 2670 513 2692 102
532 2672 563 2702 p.
585 2663 657 2702 784.

464 2722 511 2743 11.
537 2713 647 2744 Psalm
665 2713 752 2744 xciii.
772 2722 823 2744 11.

463 2772 511 2804 17.
537 2765 682 2796 Anselm.
704 2765 852 2805 Proslog.
872 2765 915 2803 ii„
935 2766 1022 2806 Opp.
1042 2774 1081 2804 30
1099 2765 1125 2797 b.

463 2818 512 2847 28.
540 2817 639 2847 Arist.
658 2816 755 2856 Phys.
776 2817 796 2846 i.
817 2826 844 2852 2,
864 2826 892 2855 3.
