2008 3305
223 184 308 212 OAP.
332 170 390 228 x.]
696 182 842 213 LIBER
877 182 1073 214 PRiMus.
1777 174 1828 223 67

108 303 204 345 2213]
219 298 293 335 hoc
314 296 419 347 quod
440 308 555 335 omne
572 297 816 347 intelligibile,
835 304 871 336 et
891 311 959 348 per
979 310 1222 348 consequens
1236 298 1362 336 omnis
1378 299 1548 344 effectus,

220 368 335 406 habet
347 380 432 406 esse
452 368 684 418 intelligibile
705 369 877 407 absolute
898 370 1179 415 necessarium3
1205 369 1310 405 nulla
1330 369 1550 406 huiusmodi

219 439 427 476 existencia
446 439 485 475 in
504 440 662 488 proprio
682 452 820 488 genere
841 447 898 477 est
919 440 1095 477 absolute
1122 440 1340 477 necessaria
1356 451 1365 485 ;
1395 451 1502 488 ergo,
1520 439 1551 477 si

219 510 335 547 habet
354 510 551 558 propriam
578 510 839 556 existenciam,
865 510 941 548 hoc
968 517 1025 548 est
1046 522 1067 547 a
1093 522 1191 559 puro
1215 521 1298 546 esse
1326 509 1551 558 intelligibili

187 595 205 627 5
220 580 269 617 ad
305 580 553 618 existenciam
585 587 899 630 consequentem.
972 580 1103 618 Minor
1129 586 1234 629 patet
1257 592 1304 617 ex
1340 579 1415 616 hoc
1446 579 1550 628 quod

219 652 426 689 existencia
474 652 633 689 effectus
678 651 870 700 dependet
910 651 1053 688 nedum
1091 663 1113 688 a
1154 651 1253 696 Deo,
1293 650 1362 687 sed
1406 662 1428 686 a
1474 650 1551 686 suis

220 723 390 772 partibus
419 723 668 772 integralibus
693 723 769 760 sive
801 722 1073 759 communibus
1087 735 1096 768 ;
1128 733 1210 758 non
1237 721 1291 758 sic
1312 727 1443 758 autern
1465 732 1550 757 esse

218 793 451 842 intelligibile
464 805 474 839 ;
504 805 596 842 ergo
618 793 747 842 ipsum
766 799 823 830 est
849 793 965 841 longe
993 793 1099 841 prius
1131 804 1251 841 quam
1272 791 1484 829 existencia
1512 791 1551 827 in

220 864 375 913 proprio
413 876 574 912 genere:
605 876 675 901 nec
707 864 866 901 dubium
896 864 943 900 de
973 864 1060 908 hoc,
1088 875 1178 900 curn
1207 863 1382 899 essencia
1412 861 1550 906 divina,

169 950 208 972 10
221 947 294 984 que
314 940 370 971 est
390 946 505 971 omne
525 946 609 971 esse
629 934 874 984 intelligibile,
893 934 1007 971 distat
1028 933 1309 983 quantumlibet
1329 933 1377 969 ab
1398 931 1550 969 effectu.

274 1004 334 1042 Ex
355 1005 435 1042 istis
458 1011 560 1054 patet
587 1005 692 1054 quod
713 1005 880 1041 mundus
899 1006 967 1042 iste
989 1004 1179 1042 sensibilis
1201 1004 1231 1040 si
1258 1003 1481 1052 producitur
1502 1014 1550 1039 ex

220 1075 336 1125 priori
356 1075 525 1121 materia,
548 1087 637 1112 cum
657 1075 728 1112 ista
748 1076 907 1112 materia
935 1075 980 1112 sit
1003 1075 1178 1112 essencia
1202 1087 1224 1111 a
1244 1073 1331 1111 Deo
1360 1073 1550 1118 distincta,

221 1146 326 1196 quod
346 1146 428 1194 ipsa
448 1158 470 1182 a
489 1145 576 1183 Deo
597 1146 821 1195 producitur
841 1146 890 1183 ad
911 1146 1159 1184 existenciam
1181 1158 1202 1182 a
1222 1156 1319 1194 puro
1337 1156 1422 1182 esse
1443 1144 1552 1180 intel-

222 1216 364 1267 ligibili,
380 1223 417 1253 et
432 1229 499 1266 per
515 1228 761 1266 consequens
776 1215 897 1268 (iuxta
911 1217 1216 1266 descripcionem
1234 1228 1350 1265 supra
1365 1213 1552 1265 positam)

171 1302 208 1334 15
223 1294 313 1325 tunc
335 1294 494 1333 creatur,
516 1294 553 1325 et
572 1288 631 1324 vel
652 1288 800 1325 dabitur
820 1300 1025 1337 processus
1044 1288 1083 1324 in
1103 1287 1306 1333 infinitum,
1329 1286 1387 1323 vel
1407 1286 1554 1323 dicetur

223 1359 329 1408 quod
351 1360 423 1396 ista
448 1360 671 1397 universitas
697 1365 846 1397 creatur
872 1359 1087 1396 secundum
1112 1370 1152 1395 se
1176 1364 1213 1395 et
1239 1357 1447 1407 quamlibet
1473 1357 1554 1393 eius

222 1436 382 1478 partem.
440 1429 698 1467 Confirmatur
728 1441 775 1466 ex
805 1429 881 1466 hoc
911 1430 1015 1479 quod
1046 1429 1226 1478 precipue
1256 1434 1384 1477 partes
1406 1426 1553 1471 mundi,

223 1506 264 1536 ut
284 1500 411 1549 angeli
431 1506 469 1537 et
489 1501 645 1537 materie
666 1501 798 1549 prime,
820 1512 895 1549 que
916 1500 1090 1537 videntur
1111 1500 1191 1537 aliis
1213 1511 1297 1536 esse
1325 1498 1555 1535 fundamen-

223 1577 318 1616 tum,
335 1582 415 1608 non
431 1576 595 1619 possunt
615 1571 663 1607 ab
676 1582 759 1607 esse
779 1571 1001 1619 intelligibili
1014 1570 1222 1619 procedere
1239 1570 1288 1606 ad
1305 1569 1556 1606 existenciam

171 1654 211 1677 20
225 1642 297 1679 nisi
316 1654 385 1691 per
401 1642 653 1687 creacionem,
670 1653 717 1678 eo
731 1641 837 1690 quod
853 1641 980 1678 omnis
1002 1641 1084 1678 talis
1099 1640 1311 1689 produccio
1324 1645 1381 1676 est
1394 1638 1555 1683 creacio,

225 1725 273 1750 ex
292 1713 434 1761 petito;
464 1712 587 1749 multo
613 1712 737 1761 magis
763 1712 888 1748 nullus
921 1712 1016 1748 alius
1047 1711 1206 1748 effectus
1236 1711 1316 1747 sine
1352 1709 1556 1746 creacione

224 1783 460 1832 producitur.
518 1783 618 1820 Illud
638 1788 742 1832 patet
763 1782 955 1831 capiendo
976 1788 1095 1819 totam
1122 1781 1405 1818 universitatem
1425 1792 1555 1816 essen-

225 1855 368 1892 ciarum
383 1860 639 1892 causatarum:
660 1854 745 1902 ipsa
757 1854 861 1890 enirn
878 1865 956 1891 non
969 1859 1101 1890 causat
1118 1864 1157 1889 se
1173 1852 1298 1901 primo
1315 1851 1483 1899 recipere
1499 1848 1557 1899 (ut

184 1937 212 1966 c
227 1925 322 1963 scies
341 1923 492 1976 postea)
510 1939 519 1971 3
550 1930 689 1962 etcum
703 1937 725 1962 a
740 1924 826 1962 Deo
839 1925 858 1946 *
872 1923 1095 1973 producitur
1111 1931 1219 1960 extra
1236 1923 1373 1971 ipsum,
1388 1921 1557 1970 sequitur

173 2014 210 2044 25
226 1996 332 2046 quod
361 2002 518 2033 creatur.
583 1995 783 2044 Quidquid
812 1995 917 2032 enim
945 1994 1053 2032 Deus
1078 2000 1210 2031 causat
1239 1993 1385 2030 adintra
1408 1992 1466 2029 vel
1490 1992 1557 2028 ad-

226 2073 343 2113 extra‚
358 2068 408 2104 ab
427 2079 474 2104 eo
495 2066 727 2116 producitur,
743 2073 784 2103 ut
799 2072 903 2115 patet
919 2066 966 2103 de
983 2066 1158 2114 personis
1175 2064 1393 2101 necessario
1410 2069 1556 2100 coeter-

226 2138 308 2184 nis;
329 2150 401 2175 nec
422 2138 594 2181 dubium,
609 2138 701 2186 quin
722 2136 847 2174 Deum
870 2148 984 2185 posse
1005 2136 1217 2185 producere
1238 2141 1413 2172 causatas
1426 2146 1557 2171 essen-

227 2209 317 2255 cias,
347 2220 436 2246 curn
471 2208 517 2245 sit
543 2207 670 2244 divina
692 2207 873 2256 potencia
900 2213 938 2243 et
967 2219 1034 2256 per
1064 2217 1308 2255 consequens
1338 2205 1418 2254 ipse
1438 2203 1559 2248 Deus,

227 2286 284 2317 est
304 2281 408 2328 prius
429 2279 645 2317 naturaliter
667 2290 784 2328 quam
804 2278 907 2326 ipsas
935 2278 1120 2323 existere3
1151 2283 1188 2314 et
1214 2289 1282 2325 per
1308 2276 1411 2313 idern
1432 2274 1560 2311 Deum

174 2360 215 2390 30
228 2351 330 2399 ipsas
356 2350 577 2399 intelligere,
600 2356 636 2387 et
661 2361 729 2398 per
760 2360 1003 2397 consequens
1030 2348 1133 2397 ipsas
1157 2359 1272 2396 posse
1301 2359 1323 2383 a
1354 2346 1444 2382 Deo
1471 2356 1560 2394 pro-

229 2422 315 2459 duci
335 2434 379 2459 ac
400 2422 503 2470 ipsas
522 2421 692 2470 intelligi,
714 2426 771 2457 est
789 2420 906 2468 longe
936 2419 1038 2468 prius
1063 2431 1180 2468 quarn
1200 2419 1303 2467 ipsas
1319 2417 1502 2455 existere:
1524 2422 1561 2452 et

230 2493 399 2541 sequitur
418 2492 617 2528 intentum.

284 2563 344 2600 Ex
371 2574 449 2611 quo
485 2568 588 2611 patet
615 2561 721 2610 quod
747 2561 775 2598 si
805 2560 853 2597 sit
881 2560 1042 2597 effectus
1073 2559 1222 2608 aliquis,
1245 2566 1335 2595 tunc
1363 2564 1421 2595 est
1449 2558 1488 2593 in
1514 2569 1560 2594 eo
1576 2561 1608 2586 In
1623 2560 1659 2586 all
1673 2559 1840 2592 productim]

1576 2595 1622 2619 the
1637 2594 1773 2626 potential

229 2634 408 2684 potencia
445 2633 548 2682 prior
588 2640 687 2669 actu.
750 2631 854 2668 Nam
892 2643 1050 2668 omnem
1091 2630 1272 2667 effectum
1312 2628 1419 2666 Deus
1457 2628 1767 2687 ρῖίηεξζξὲἓῗῑθδῑῑῑθ

177 2720 216 2752 35
231 2711 355 2755 potest
375 2704 599 2753 producere,
613 2710 650 2740 et
670 2715 738 2752 per
758 2713 1003 2750 consequens
1023 2702 1105 2750 ipse
1126 2713 1148 2737 a
1164 2700 1250 2737 Deo
1271 2700 1375 2749 prius
1400 2698 1562 2748 produci

232 2776 381 2825 poterit,
404 2782 610 2824 antequam
644 2773 839 2810 actualiter
874 2772 1119 2821 producatur.
1176 2771 1226 2807 Et
1258 2783 1346 2808 cum
1376 2781 1447 2806 nec
1476 2781 1564 2818 pro—

935 2856 999 2880 F2
