2008 3305
188 226 385 286 CAP.V11.]
669 236 814 267 LIBER
846 234 1041 268 PRIMUS.
1740 233 1795 275 43

74 352 170 395 14B]
185 351 384 390 dentaliter
397 363 407 397 ς
439 363 533 400 ergo
553 350 625 389 hec
650 356 824 389 creatura
851 355 909 388 est
931 347 1062 387 Deus.’
1122 347 1198 386 Sed
1225 348 1324 385 bene
1349 347 1519 397 sequitur

184 421 290 472 quod
309 421 476 471 quelibet
495 427 666 458 creatura
686 420 898 458 secundum
919 432 1002 457 esse
1022 418 1258 468 intelligibile
1280 419 1326 455 sit
1346 418 1463 456 Deus.

237 492 289 529 Et
321 491 374 528 sic
405 490 509 528 idem
542 497 599 528 est
633 491 850 528 subiectum
882 490 1154 539 adequacionis
1190 488 1385 537 theologie
1415 487 1520 537 quod
1533 489 1725 556 ffe‘iggifflige
1738 489 1771 516 of

186 568 224 599 et
261 561 474 598 subiectum
513 561 718 610 dignitatis,
758 567 795 598 et
839 561 941 598 idem
985 560 1201 597 subiectum
1248 558 1441 607 theologie
1484 565 1521 595 et

156 631 473 680 5methaphisice.
531 631 608 668 Sed
636 631 811 668 raciones
838 630 1139 667 diversificantur
1167 630 1206 666 in
1230 629 1360 666 tribus.
1417 627 1520 665 Nam
1535 632 1790 692 Effiggssssethods

186 701 390 750 theologus
425 708 527 739 recte
566 701 784 738 considerat
822 701 870 738 de
908 701 1042 738 creatis
1090 700 1301 738 secundum
1347 699 1522 737 raciones
1536 699 1659 726 sciences
1672 698 1763 726 differ·

186 771 429 820 exemplares
468 783 564 820 quas
602 771 744 808 habent
781 771 821 808 in
850 770 995 816 Verbo,
1026 777 1063 807 et
1091 770 1273 808 indirecte
1307 769 1523 807 secundum

187 841 438 879 existenciam
466 841 505 878 in
534 853 676 891 genere
709 841 878 890 proprio.
936 841 1031 878 Ideo
1061 853 1141 878 non
1171 840 1387 889 perficietur
1416 839 1524 877 theo-

188 911 291 960 logia
309 916 519 960 antequam
541 912 745 949 deventum
767 912 813 949 sit
833 911 881 948 ad
902 912 1075 960 patriam.
1120 910 1298 949 Secundo
1319 910 1524 960 theologus

139 997 178 1019 10
190 982 347 1019 adheret
376 981 452 1019 fide
481 988 518 1019 et
547 982 772 1020 auctoritate
801 981 994 1031 Scripture
1021 982 1252 1031 cuicumque
1281 980 1524 1019 conclusioni

190 1064 256 1090 sue
290 1052 477 1099 sciencie;
516 1064 620 1101 ym0,
648 1052 722 1090 hoc
753 1052 868 1089 debet
898 1052 1087 1101 explicite,
1121 1052 1161 1089 in
1196 1058 1384 1101 quantum
1419 1052 1527 1090 theo-

189 1123 313 1171 logus,
348 1134 595 1171 cognoscere.
652 1122 796 1160 Tercio
834 1123 1038 1171 theologus
1076 1122 1267 1160 humiliter
1300 1122 1474 1172 procedit
1507 1134 1530 1159 a

189 1193 347 1243 proprio
387 1193 561 1231 subiecto
599 1193 780 1237 maxime,
818 1194 956 1242 primo,
990 1199 1028 1230 et
1065 1205 1135 1242 per
1173 1205 1213 1230 se
1251 1194 1422 1243 cognito,
1463 1193 1531 1230 sed

191 1263 377 1310 confuse3
408 1263 565 1301 minime
596 1270 727 1301 autem
754 1264 909 1312 cognito
939 1264 1071 1313 quoad
1097 1264 1317 1301 distinctam
1346 1264 1530 1301 noticiam

140 1350 178 1381 15
193 1345 393 1383 quousque
413 1334 540 1382 ipsum
560 1333 673 1370 fuerit
689 1333 867 1372 distincte
894 1335 1094 1383 cognitum
1119 1334 1159 1371 in
1185 1335 1317 1383 patria.
1373 1334 1424 1371 Et
1443 1334 1531 1371 ideo

193 1404 290 1441 ordo
328 1403 544 1453 theologice
583 1416 664 1441 non
703 1405 771 1441 erit
802 1417 975 1442 reversus
1004 1405 1044 1441 in
1073 1405 1204 1453 patria,
1236 1404 1303 1442 sed
1333 1405 1532 1442 devorabit

193 1486 331 1511 omnes
351 1474 444 1511 alias
466 1474 663 1519 sciencias,
685 1481 721 1511 et
748 1474 918 1523 deponet
943 1482 1212 1524 preposterum
1237 1475 1413 1513 ordinem
1441 1488 1531 1525 pro-

154 1544 382 1586 ccedendi:
418 1551 575 1582 econtra
602 1552 731 1582 autem
753 1543 772 1564 '¹‘
800 1545 848 1582 de
875 1545 1165 1594 methaphisica.
1222 1544 1273 1583 Et
1297 1552 1402 1595 patet
1426 1546 1532 1595 quod

194 1615 233 1651 in
253 1615 371 1652 verbo
391 1621 446 1652 est
467 1615 658 1653 sufficiens
678 1615 871 1653 connexio
892 1616 1104 1662 veritatum,
1125 1617 1195 1653 etsi
1221 1622 1393 1653 creatura
1417 1616 1534 1654 nichil

144 1700 183 1722 20
197 1685 289 1723 sciat
320 1685 393 1722 nisi
424 1685 626 1723 dominum
660 1686 790 1723 Iesum
822 1685 1019 1723 Christum
1054 1692 1090 1724 et
1125 1699 1170 1724 ea
1204 1699 1280 1735 que
1319 1687 1534 1725 seeundum

195 1755 409 1793 essenciam
429 1755 488 1793 vel
508 1768 593 1794 esse
613 1756 834 1806 intelligible
855 1757 895 1793 in
915 1756 1012 1794 Filio
1033 1763 1326 1796 connectuntur.

634 1976 966 2014 CAPITULUM
1006 1976 1098 2015 VII.

255 2097 475 2136 REDEUNDO
503 2097 618 2146 igitur
639 2098 688 2135 ad
709 2097 970 2135 difficultatem
996 2097 1214 2136 concedunt
1243 2098 1401 2148 quidam
1425 2098 1532 2149 quod
1546 2106 1771 2166 {0'ggff‘g‘2f1ffffg‘t

201 2168 307 2205 Deus
328 2180 407 2205 non
427 2168 548 2217 possit
568 2175 753 2217 perpetuo
773 2168 971 2206 continere
992 2180 1072 2205 non
1093 2169 1344 2218 producendo
1364 2170 1532 2219 aliquam
1546 2160 1669 2211 p'rqduce
1682 2173 1803 2199 another

1546 2216 1674 2232 unlverse
1687 2212 1799 2239 greater

150 2249 189 2281 25
203 2245 424 2284 creaturam,
445 2239 535 2288 quia
561 2245 650 2276 tunc
678 2251 757 2276 non
785 2244 886 2275 esset
916 2251 1067 2276 summe
1097 2240 1440 2278 communicativus
1469 2247 1534 2278 aut
1547 2240 1804 2300 gvrhli‘gffrtlgssvnigfffit

202 2311 340 2356 bonus,
381 2315 423 2346 ut
460 2309 548 2346 alibi
591 2310 764 2346 diffusius
802 2309 1025 2358 disputatur.
1083 2309 1158 2347 Sed
1197 2310 1365 2349 tenendo
1403 2311 1534 2349 multis

202 2380 347 2417 facilius
382 2380 488 2429 quod
526 2386 583 2417 est
622 2392 773 2417 summa
811 2380 1082 2429 contingencia
1121 2381 1251 2430 quoad
1293 2393 1410 2419 omne
1448 2394 1535 2432 pre-

202 2449 354 2487 teritum
369 2450 428 2487 vel
446 2449 627 2495 futurum,
645 2450 782 2487 dicitur
794 2450 901 2499 quod
920 2451 1110 2488 liberrime
1125 2457 1162 2489 et
1177 2452 1537 2500 contingentissime

203 2520 375 2557 libertate
416 2520 736 2558 contradiccionis
779 2521 955 2570 producit
997 2521 1105 2558 Deus
1148 2521 1335 2571 quidquid
1378 2522 1537 2560 adextra

152 2606 193 2637 30
204 2590 436 2640 produxerit.
492 2590 542 2627 Et
571 2603 660 2628 cum
690 2590 763 2628 hoc
793 2591 998 2628 dicendum
1027 2598 1085 2628 est
1114 2598 1405 2641 consequenter,
1431 2594 1538 2642 quod

205 2672 365 2698 omnem
403 2660 582 2698 effectum
621 2672 780 2698 necesse
818 2668 874 2699 est
911 2661 991 2699 fieri
1029 2662 1265 2709 necessitate,
1298 2663 1454 2710 scilicet,
1489 2676 1538 2701 ex

242 2772 265 2795 3.
285 2761 419 2794 theologie
446 2762 524 2793 quod
550 2764 579 2788 et
606 2762 764 2788 subiectum
792 2763 951 2795 dignitatis
975 2765 1005 2789 et
1027 2762 1104 2789 idem
1133 2763 1291 2790 subiectum
1315 2764 1355 2790 B:
1386 2774 1440 2791 om.
1464 2765 1490 2791 A
1504 2765 1536 2792 C.

211 2806 237 2828 5.
254 2796 501 2828 diverszficantur
520 2796 558 2821 B:
578 2796 798 2828 dz'verszficatas
818 2798 843 2822 A
855 2797 885 2823 C.
1037 2806 1061 2829 7.
1080 2797 1219 2824 indirecte
1239 2798 1278 2823 B:
1308 2798 1448 2825 indirecto
1467 2799 1537 2826 AC.

211 2837 221 2855 1
230 2838 246 2862 4
277 2831 388 2863 cognito
400 2829 426 2854 A
436 2828 477 2856 C:
495 2838 623 2862 cognosco
637 2829 669 2856 B.
788 2831 828 2856 26.
850 2830 953 2857 multis
968 2831 991 2856 B
1003 2830 1025 2857 C
1037 2830 1085 2857 alt.
1101 2838 1202 2858 manu:
1221 2831 1323 2858 lacuna
1335 2831 1363 2858 in
1376 2832 1410 2859 A.
