2008 3305
185 225 270 270 254

171 2409 195 2432 3.
217 2400 246 2424 F
246 2399 351 2426 urther

170 2433 321 2464 objections
330 2443 337 2458 :

865 230 931 263 DE
964 229 1185 263 DOMINIO
1217 230 1394 263 Drero
1611 220 1718 281 [cst.
1737 235 1794 265 vr.

463 357 511 382 ex
540 344 616 383 hoc
646 344 734 383 facit
763 346 945 394 graciam,
977 358 1066 384 cum
1095 347 1283 396 recipiens
1313 347 1377 384 dat
1401 347 1535 385 melius
1556 360 1627 397 pro
1648 349 1793 398 peiore,
1810 351 1910 393 [89A

462 422 500 452 et
529 422 586 453 est
613 416 815 465 utrobique
846 416 1065 466 indigencia
1094 417 1302 466 reciproca.
1361 417 1422 454 Ex
1455 430 1533 466 quo
1563 425 1667 467 patet
1691 419 1797 467 quod

461 486 595 523 divites
633 487 768 523 mundi
807 487 894 536 plus
937 494 1053 537 egent
1081 488 1312 537 pauperibus
1350 499 1469 537 quam
1507 495 1674 535 econtra,
1709 489 1798 538 quia

463 555 579 605 longe
621 556 745 593 maior
787 564 845 594 est
892 557 1111 606 indigencia
1156 559 1352 595 bonorum
1390 558 1520 606 gracie
1565 570 1682 607 quam
1720 558 1796 596 for-

460 631 563 663 tune.
620 626 671 663 Et
700 626 791 664 illud
821 627 992 664 innuitur
1020 628 1145 677 Apoc.
1175 628 1224 666 iii.
1259 637 1328 676 17:
1363 627 1486 673 Dicis,
1516 628 1639 677 inquit
1669 628 1827 678 Scrip-5

461 703 555 742 tura,
585 697 684 744 quod
707 696 826 734 Dives
854 710 934 734 sum
963 701 998 734 el
1020 698 1228 746 locupletus,
1255 703 1289 734 el
1315 699 1454 735 nullius
1477 711 1559 747 egeo
1572 713 1590 743 ,·
1619 703 1652 735 et
1678 700 1795 736 nescis

460 767 550 814 quia
570 771 609 803 lu
638 780 674 803 es
703 768 813 804 miser
841 771 875 804 el
900 767 1125 805 miserabilis
1153 772 1189 804 et
1205 775 1353 817 pauper
1372 772 1407 805 et
1423 782 1525 805 cecus
1544 773 1577 806 el
1593 770 1797 806 nudus:—

460 838 572 873 mz'ser
604 850 673 886 per
704 838 918 875 carenciam
956 838 1096 887 gracie,
1136 839 1359 876 miserabilis
1396 851 1464 888 per
1498 845 1645 876 reatum
1682 852 1794 888 pene,

451 914 600 956 pauper
638 907 684 945 de
727 908 841 945 bonis
884 908 1151 958 spiritualibus,
1193 922 1294 946 cecus
1331 909 1371 946 in
1410 909 1666 947 discernendo
1704 922 1792 959 pro-

458 978 563 1027 prios
594 977 780 1024 defectus,
814 984 851 1015 et
882 980 1002 1016 nudus
1036 979 1220 1028 spoliatus
1250 980 1463 1016 virtutibus.
1520 979 1688 1017 Ulterius
1725 993 1791 1018 ex·
1807 989 1848 1012 10

459 1048 577 1086 cludit
598 1048 793 1097 apostolus
808 1049 977 1097 graciam
993 1062 1015 1087 a
1035 1050 1277 1099 spiritualiter
1296 1050 1557 1087 ministrante:
1587 1049 1644 1097 Si,
1656 1051 1790 1099 inquit,

457 1121 777 1169 ewangelz'sczvero,
811 1132 883 1157 non
911 1122 984 1156 erit
1007 1121 1121 1157 mz'clzz'
1142 1121 1271 1169 gloria
1283 1133 1303 1164 ,·
1337 1121 1526 1157 necessitas
1559 1122 1654 1157 enim
1685 1121 1798 1158 mz'clzz'

457 1191 656 1227 incumbit:
685 1190 793 1239 quasi
821 1190 975 1237 diceret,
997 1190 1090 1228 Non
1120 1197 1177 1228 est
1206 1190 1322 1228 michi
1350 1190 1483 1239 gracia
1509 1202 1557 1228 ex
1578 1191 1792 1239 ewangelio

457 1260 694 1309 imputanda,
716 1273 806 1298 cum
830 1261 901 1298 sim
921 1261 1093 1298 minister
1113 1261 1378 1299 conducticius
1404 1261 1666 1310 preaccipiens
1686 1261 1791 1299 dona

456 1337 494 1368 et
514 1343 618 1368 arras
638 1331 773 1380 premii
793 1344 863 1380 pro
883 1331 1037 1378 1abore3
1067 1332 1153 1369 ideo
1173 1331 1347 1369 Domino
1369 1338 1405 1369 et
1424 1343 1504 1369 non
1524 1331 1640 1369 michi
1659 1333 1789 1381 gracia
1803 1341 1842 1374 15

456 1407 513 1438 est
532 1401 743 1439 referenda.
800 1401 915 1439 Unde
936 1401 1074 1447 subdit,
1105 1401 1151 1438 Ve
1174 1402 1292 1439 michi
1310 1403 1348 1439 si
1363 1414 1435 1439 non
1454 1403 1789 1450 ewangelz‘savero:

454 1471 565 1521 quasi
586 1472 739 1518 diceret,
755 1472 816 1509 Ex
837 1484 916 1521 quo
936 1472 1060 1509 debeo
1081 1472 1296 1509 ministrare
1317 1472 1502 1521 superiori
1523 1472 1697 1510 Domino
1717 1485 1789 1522 pro

455 1543 645 1589 mercede,
668 1543 721 1581 sic
746 1544 853 1592 quod
874 1543 1027 1581 incurro
1056 1555 1198 1592 penam
1220 1543 1250 1580 si
1279 1542 1372 1580 illud
1393 1542 1414 1566 '¹‘
1435 1543 1656 1589 ommisero,
1685 1549 1833 1592 patetB

455 1613 561 1662 quod
582 1613 698 1650 michi
718 1626 799 1651 non
820 1620 877 1652 est
897 1613 1026 1662 gracia
1053 1613 1289 1662 imputanda.
1346 1613 1397 1650 Et
1416 1613 1506 1661 quia
1532 1620 1664 1662 posset
1684 1613 1787 1650 credi

453 1683 560 1733 quod
594 1684 648 1721 sic
682 1684 931 1722 necessitatus
963 1696 985 1720 a
1017 1683 1190 1721 Domino
1223 1683 1379 1721 racione
1411 1683 1527 1720 debiti
1563 1690 1600 1720 et
1633 1690 1785 1732 recepte
1801 1696 1841 1721 20

452 1754 579 1803 gracie
601 1766 680 1792 non
701 1761 878 1798 meretur,
900 1754 1068 1791 excludit
1087 1754 1189 1800 illud,
1215 1753 1359 1799 dicens,
1380 1753 1432 1791 Sz'
1455 1755 1550 1790 enim
1577 1755 1697 1791 volens
1721 1755 1787 1792 lzoc

452 1837 532 1873 ogo,
565 1825 755 1861 mercedem
786 1824 905 1861 habeo.
961 1825 1012 1861 Et
1046 1824 1135 1874 quia
1169 1824 1289 1862 tercio
1319 1830 1450 1873 posset
1481 1824 1585 1861 credi
1618 1824 1724 1874 quod
1755 1824 1786 1862 si

452 1895 536 1944 ipse
565 1895 781 1944 predicaret
808 1895 1032 1932 intencione
1052 1900 1243 1943 corrupta,
1267 1901 1308 1932 ut
1336 1894 1599 1943 principaliter
1628 1900 1786 1944 propter

451 1967 555 2004 bona
583 1965 810 2015 temporalia
839 1965 1081 2015 acquirenda,
1103 1972 1194 2002 tunc
1223 1965 1475 2002 ministerium
1505 1971 1606 2002 esset
1633 1965 1781 2011 frustra,

450 2036 524 2075 hoc
545 2036 721 2082 excludit,
736 2036 879 2081 dicens,
898 2035 948 2073 Sz'
958 2041 1077 2073 autem
1098 2037 1248 2081 invitus,
1263 2036 1486 2084 dispensacio
1505 2036 1622 2073 michi
1643 2036 1782 2073 credita
1797 2048 1836 2082 25

450 2112 505 2144 est
513 2120 526 2144 .·
554 2108 665 2155 quasi
688 2107 841 2151 diceret,
866 2106 948 2145 Etsi
974 2106 1132 2155 predico
1159 2106 1328 2155 appetitu
1355 2106 1527 2144 indebito
1554 2113 1712 2143 coactus
1734 2118 1782 2143 ex

450 2177 620 2215 comodo
649 2177 863 2226 temporali,
885 2176 1011 2214 adhuc
1040 2189 1130 2214 cum
1159 2176 1302 2215 credita
1330 2176 1404 2214 sint
1433 2176 1550 2214 michi
1579 2189 1627 2214 ex
1656 2176 1783 2215 officio

448 2247 602 2297 eloquia
635 2247 868 2296 predicandi,
898 2246 1023 2284 adhuc
1056 2253 1113 2284 est
1146 2247 1316 2284 officium
1349 2247 1440 2284 utile
1471 2246 1658 2293 auditori;
1693 2259 1782 2285 cum

450 2319 702 2356 ministerium
722 2318 951 2355 sacramenti
971 2329 1052 2354 non
1071 2317 1237 2355 inficitur
1257 2329 1304 2354 ex
1323 2318 1508 2355 ministro.

507 2388 595 2426 Scio
624 2389 740 2434 enim,
772 2388 878 2437 quod
911 2388 982 2425 ista
1014 2387 1213 2425 sentencia
1242 2387 1472 2425 deridebitur
1502 2399 1524 2424 a
1553 2387 1715 2437 politicis
1743 2393 1780 2425 et
1793 2401 1835 2432 30

169 2466 222 2498 (a.)
236 2466 379 2504 ‘Therejs
391 2474 427 2493 no
450 2459 668 2504 mundanis,
689 2470 779 2497 cum
807 2458 911 2496 exuit
936 2457 1117 2496 dominos
1136 2470 1159 2494 a
1177 2457 1557 2495 remuneracionibus
1586 2457 1779 2506 graciosis.

170 2508 253 2531 grace
265 2500 331 2525 then
345 2508 373 2526 ln

170 2533 327 2566 rewarding
337 2540 344 2565 ;

485 2595 506 2610 1.
545 2586 554 2614 ΙΙ
558 2584 641 2617 facit
655 2584 677 2610 B
690 2584 707 2609 f.
724 2593 738 2609 2
742 2592 770 2615 51
783 2591 808 2610 c.
1000 2592 1023 2616 9.
1045 2582 1231 2609 discernendo
1244 2583 1282 2608 A2
1293 2582 1316 2608 B
1326 2581 1349 2608 C
1360 2589 1367 2608 t
1385 2581 1584 2608 distm'buendo
1596 2581 1630 2607 A¹
1645 2581 1777 2607 deletum.

452 2620 490 2644 16.
511 2619 539 2643 sz'
551 2618 573 2643 B
582 2618 605 2644 C
618 2626 624 2643 ε
643 2619 683 2643 sic
695 2618 729 2642 A.
868 2626 910 2642 20.
930 2619 1037 2649 recepte
1051 2617 1088 2641 A²
1101 2616 1129 2642 in
1143 2624 1198 2648 mg.
1213 2616 1235 2641 B
1246 2616 1285 2642 C:
1307 2617 1446 2648 reciproce
1459 2616 1509 2642 Al.
1661 2623 1701 2646 ²5-
1721 2614 1768 2640 dis

443 2652 580 2686 pensam
592 2651 618 2679 Α
628 2651 666 2680 C:
686 2651 851 2683 dispensato
865 2650 896 2677 B.

585 2771 633 2793 11.
661 2771 673 2792 1
694 2761 770 2792 Cor.
789 2761 830 2791 ix.
852 2760 900 2792 16.
1424 2769 1473 2791 21.
1498 2760 1573 2791 Ver.
1597 2766 1646 2801 17.

844 2822 892 2853 29.
919 2812 969 2845 Cf.
986 2812 1026 2844 de
1043 2812 1103 2843 civ.
1122 2812 1223 2844 Dom.
1243 2811 1263 2842 i.
1283 2820 1300 2849 3
1317 2822 1349 2852 p.
1365 2820 1415 2851 24.
