2008 3305
160 214 237 254 174
836 207 900 237 DE
934 205 1154 237 DOMrNro
1187 204 1363 236 Dlero
1608 191 1711 249 [CAP.
1735 206 1762 234 1.

155 330 380 398 ἔχίςξῖέἑῒῗνῖῐέ
496 324 571 362 Sed
614 336 662 362 ne
706 324 774 361 iste
818 323 1110 372 supposiciones
1153 321 1214 359 hic
1259 321 1529 370 delinquantur
1568 326 1767 368 tamquam
1783 320 1880 361 [5913

156 402 208 426 rei·
434 395 681 440 inevidentes,
720 400 758 431 et
795 405 864 443 per
899 404 1144 441 consequens
1178 391 1293 429 nichil
1330 391 1484 440 penitus
1519 390 1768 434 declarantes,

436 465 627 504 adducam
659 464 847 513 triplicem
886 463 1126 500 evidenciam
1160 462 1209 499 ad
1247 473 1449 499 assensum
1488 460 1771 510 supposicionis

159 543 424 606 fossoffsiordship
435 537 568 585 prime,
592 542 629 573 et
649 535 702 572 sic
732 534 782 572 ad
802 534 894 571 alias
915 539 1207 582 consequenter.
1264 531 1393 569 Nemo
1420 544 1589 581 namque
1617 531 1773 579 negabit

157 609 425 675 {ygrrissetgrfissstuoe
437 608 530 657 quin
552 606 660 643 Deus
686 605 792 654 prius
813 604 1035 641 naturaliter
1055 610 1112 640 est
1132 603 1313 640 dominus
1333 609 1507 640 creature
1527 614 1645 652 quam
1666 602 1771 639 istius
1786 608 1803 640 5

158 676 381 742 ξῐζέὃέἐξῑίζζῗὲῐ
438 684 616 722 creature,
640 687 872 726 quacunque
902 674 1097 723 assignata
1112 686 1120 719 3
1152 686 1241 711 cum
1271 674 1319 711 sit
1340 674 1521 711 dominus
1543 674 1647 711 istius
1669 685 1773 711 crea-

159 749 296 770 cream‘e·
440 756 535 793 ture,
558 754 594 785 et
623 753 752 796 posset
777 758 861 783 esse
882 745 1062 783 dominus
1085 750 1255 782 creature
1282 756 1372 782 cum
1400 744 1474 782 hoc
1496 744 1601 794 quod
1624 756 1704 781 non
1729 744 1776 781 sit

441 819 621 857 dominus
655 818 760 855 istius
795 823 965 854 creature
1000 815 1111 853 date:
1148 815 1235 853 ideo
1266 816 1315 853 ad
1349 815 1424 853 hoc
1453 815 1558 864 quod
1589 815 1636 852 sit
1665 815 1776 852 huius

442 896 614 928 creature
645 888 829 925 dominus
854 887 1151 936 presupponitur
1171 886 1277 935 quod
1304 886 1350 923 sit
1376 886 1557 923 dominus
1581 891 1752 923 creature
1765 897 1774 930 ;

442 961 534 999 illud
554 960 658 998 enirn
678 966 735 997 est
755 959 857 1008 prius
885 971 907 995 a
927 970 1006 1007 quo
1036 969 1116 994 non
1136 957 1366 995 convertitur
1387 956 1618 994 subsistendi
1639 968 1775 993 conse-
1791 966 1831 987 10

442 1031 606 1082 quencia
633 1030 690 1080 (ut
724 1036 830 1079 patet
861 1029 899 1065 in
934 1027 1235 1065 Predicamentis
1266 1027 1490 1072 Aristotelis,
1522 1026 1690 1076 capitulo
1729 1026 1777 1063 de

443 1101 592 1153 priori).
627 1100 710 1138 Nec
733 1106 976 1148 assumptum
997 1104 1160 1147 negatur
1180 1099 1229 1135 ab
1250 1098 1303 1135 eis
1324 1098 1390 1147 qui
1410 1098 1627 1136 concedunt
1647 1097 1778 1134 Deum

445 1186 525 1211 non
545 1172 592 1210 de
613 1171 841 1209 necessitate
862 1177 1008 1215 nature,
1031 1169 1099 1207 sed
1119 1169 1235 1207 libere
1256 1169 1546 1207 contradictorie
1567 1168 1780 1218 producere

445 1244 643 1294 quodlibet
672 1254 771 1291 opus
797 1254 920 1279 suum.
978 1240 1070 1287 Quo
1095 1252 1295 1287 concesso,
1319 1252 1407 1278 cum
1427 1240 1535 1278 Deus
1559 1252 1639 1277 non
1658 1239 1780 1289 possit

445 1316 551 1365 prius
579 1313 802 1351 naturaliter
830 1324 915 1350 esse
947 1312 1127 1349 dominus
1157 1312 1238 1349 sine
1266 1311 1615 1361 correspondencia
1642 1310 1778 1359 priori·
1795 1313 1832 1345 15

447 1387 535 1424 tatis
555 1391 701 1430 nature,
722 1396 798 1434 que
819 1383 865 1421 sit
886 1383 1014 1420 Deum
1039 1383 1093 1420 sic
1115 1383 1334 1420 naturaliter
1353 1394 1438 1420 esse
1458 1383 1574 1432 prius,
1596 1381 1778 1431 sequitur,

448 1456 555 1508 quod
575 1463 633 1494 est
654 1455 744 1492 dare
764 1454 1001 1504 prioritatem
1017 1466 1094 1503 qua
1114 1452 1224 1490 Deus
1246 1453 1464 1490 naturaliter
1483 1459 1541 1490 est
1561 1453 1675 1502 prius.
1731 1452 1782 1489 Et

447 1534 551 1579 patet
574 1526 679 1576 quod
706 1526 777 1563 ista
808 1525 995 1575 prioritas,
1021 1536 1111 1562 cum
1132 1525 1177 1561 sit
1207 1524 1358 1571 relacio,
1380 1523 1494 1561 habet
1516 1530 1716 1569 extrema3
1746 1529 1784 1560 et

450 1605 564 1639 *tcum
580 1597 697 1635 nichil
710 1596 849 1634 habeat
865 1602 1036 1633 extrema
1052 1595 1125 1632 nisi
1142 1595 1444 1632 eciamextrema
1456 1594 1607 1639 habeat,
1615 1593 1784 1643 sequitur

450 1669 557 1719 quod
576 1675 633 1705 est
661 1668 752 1705 dare
773 1674 947 1705 extrema
967 1666 1065 1703 inter
1086 1677 1162 1714 que
1183 1665 1227 1703 sit
1248 1665 1349 1702 dicta
1369 1665 1569 1715 prioritas;
1591 1662 1610 1683 *
1634 1671 1671 1702 et
1694 1676 1782 1701 cum
1797 1670 1825 1699 G

451 1740 578 1778 omnis
610 1738 784 1788 prioritas
816 1737 1069 1786 presupponit
1099 1735 1287 1781 ordinem,
1309 1735 1406 1773 sicut
1435 1747 1552 1773 omne
1582 1746 1783 1784 compara-

451 1811 571 1848 tivum
601 1808 855 1859 presupponit
877 1807 1034 1857 aliquod
1060 1807 1278 1856 positivum,
1297 1806 1468 1856 sequitur
1487 1805 1592 1855 quod
1616 1812 1674 1843 est
1694 1805 1785 1842 dare

452 1880 629 1919 ordinem
665 1879 763 1916 inter
795 1878 1012 1915 dominium
1047 1876 1119 1913 Dei
1149 1883 1186 1913 et
1215 1882 1427 1914 creaturam
1461 1875 1689 1924 simpliciter,
1720 1875 1786 1924 qui

452 1951 610 2000 quidem
625 1949 720 1987 ordo
740 1948 1042 1998 presupponitur
1061 1954 1246 1997 tanquam
1262 1947 1364 1996 prior
1385 1946 1433 1983 ad
1450 1946 1665 1983 dominium
1686 1945 1787 1983 hanc

453 2020 690 2059 individuam
711 2026 922 2057 creaturam
944 2019 1164 2056 terminans.
1223 2018 1382 2067 Signato
1405 2028 1498 2065 ergo
1519 2016 1633 2066 priori
1653 2016 1785 2054 ordine
1802 2025 1839 2056 25

454 2105 521 2143 per
542 2105 575 2137 Β,
591 2097 696 2140 patet
715 2089 823 2140 quod
842 2097 899 2127 est
918 2089 1007 2127 dare
1032 2096 1204 2126 extrema
1224 2088 1336 2125 huius
1356 2087 1512 2133 ordinis,
1534 2087 1628 2124 sicut
1648 2098 1787 2135 supra3

455 2171 492 2201 et
516 2169 732 2200 extremum
753 2160 995 2199 subserviens
1015 2161 1085 2197 erit
1111 2171 1236 2209 genus
1257 2158 1466 2207 analogum
1495 2164 1677 2203 creature,
1698 2158 1789 2207 quia

457 2247 538 2272 non
558 2239 614 2271 est
638 2233 833 2282 pertinens
854 2232 959 2281 quod
980 2237 1145 2280 ponatur
1166 2230 1351 2268 terminus
1370 2229 1429 2266 vel
1457 2235 1678 2278 conceptus,
1699 2241 1789 2266 cum

457 2305 561 2354 prior
582 2304 629 2341 sit
649 2303 745 2341 ordo
767 2302 993 2340 dominandi
1015 2302 1088 2339 Dei
1109 2313 1223 2350 super
1245 2301 1451 2339 terminum
1465 2300 1523 2338 vel
1544 2306 1787 2349 conceptum.

460 2376 544 2413 Nec
553 2375 679 2412 valent
693 2373 928 2421 subterfugia
939 2372 1146 2422 sophistica
1160 2372 1300 2421 quibus
1314 2371 1448 2409 dicitur
1456 2371 1561 2420 quod
1574 2371 1719 2420 aliquid
1733 2376 1789 2408 est
1804 2382 1844 2413 30

460 2446 607 2495 reliquo
624 2445 729 2494 prius
751 2445 831 2481 sine
849 2442 1166 2492 correspondenti
1182 2442 1373 2492 prioritate
1388 2455 1397 2489 ;
1420 2442 1477 2479 vel
1499 2441 1670 2479 secundo
1685 2441 1791 2491 quod

497 2569 518 2591 5.
532 2560 622 2592 prius
634 2559 669 2584 Al
681 2558 703 2583 B
715 2566 721 2589 ;
740 2563 770 2583 at
784 2557 811 2583 in
825 2557 851 2583 A
863 2561 1034 2589 expunctum
1048 2556 1136 2582 altera
1149 2564 1242 2586 manu,
1258 2555 1343 2581 verbo
1352 2555 1472 2587 primus
1486 2554 1514 2581 in
1532 2554 1657 2587 margine
1673 2554 1793 2587 adiecto,

462 2599 493 2619 ut
507 2598 572 2618 ante
586 2593 720 2618 dominus
732 2595 868 2618 creature
880 2590 1065 2621 insereretur;
1083 2589 1131 2621 qui
1145 2590 1213 2615 ordo
1227 2595 1253 2614 et
1267 2588 1294 2614 in
1308 2589 1331 2615 C
1345 2588 1471 2614 habetur.
1574 2590 1597 2614 8.
1618 2589 1703 2614 istius
1716 2589 1741 2614 A
1751 2589 1773 2615 C
1786 2595 1793 2614 2

462 2627 551 2652 huius
566 2626 596 2651 B.
722 2635 759 2650 11.
780 2628 814 2649 uc·
829 2627 914 2656 patet
935 2624 974 2650 C:
1004 2632 1058 2649 om.
1084 2623 1122 2648 B:
1153 2622 1180 2648 in
1202 2623 1227 2648 A
1246 2622 1273 2648 in
1294 2622 1419 2654 margine
1440 2621 1569 2648 additum
1589 2621 1678 2648 altera
1697 2621 1790 2648 manu.

462 2670 502 2692 25.
525 2660 688 2686 terminans
700 2658 807 2684 addidi.
946 2666 985 2690 29.
1005 2659 1013 2687 ΙΙ
1022 2660 1110 2689 super
1122 2656 1144 2681 B
1158 2657 1177 2682 f.
1192 2666 1240 2688 239
1252 2664 1276 2681 Β.

574 2755 605 2784 4.
632 2743 704 2774 The
721 2743 839 2773 second
857 2742 920 2772 and
938 2741 1025 2772 third
1042 2740 1265 2782 suppositions
1282 2751 1335 2771 are
1352 2739 1516 2771 dismissed
1533 2739 1566 2770 in
1583 2738 1632 2770 eh.
1651 2739 1684 2771 ii.

556 2805 603 2827 11.
631 2795 729 2825 Arist.
751 2794 867 2833 Categ.
884 2794 937 2824 xii.
959 2804 989 2835 p.
1012 2802 1082 2833 14a
1101 2801 1153 2832 34.
