2008 3305
183 248 268 278 cAP.
290 234 366 293 rv.]
620 245 764 276 LIBER
798 244 1069 277 SECUNDUS.
1711 245 1790 287 191

74 363 173 405 65B]
189 367 347 411 quatum
367 365 424 397 est
444 372 513 397 ens
529 359 762 408 intelligibile
776 360 824 397 ad
845 371 961 397 omne
978 371 1045 396 ens
1066 370 1283 396 commune.
1340 357 1390 394 Et
1410 356 1512 395 idem
1526 365 1766 426 ἱῑὲἃὲἓεὲἰᾚὲἑῖᾟε

189 431 359 479 arguitur
378 443 425 468 ex
445 435 551 479 parte
566 437 672 468 actus
692 430 1010 475 transcendentis,
1031 430 1096 478 qui
1116 441 1196 467 non
1216 435 1441 477 potestesse
1461 428 1514 465 sic
1526 438 1608 467 act3-

188 501 408 540 communis
437 501 508 538 nisi
537 501 692 538 racione
721 500 873 546 obiecti,
894 512 983 537 cum
1003 500 1197 537 obiectum
1228 500 1276 536 sit
1297 499 1514 548 singulare;

188 577 340 620 oportet
366 583 458 619 ergo
481 571 586 620 quod
613 570 773 619 gradum
803 570 1088 608 communitatis
1117 569 1242 618 capiat
1271 570 1319 606 ab
1349 569 1514 606 obiecto.

158 642 238 685 5Et
270 641 389 679 tercio
422 646 527 690 patet
557 641 658 678 idem
688 653 735 678 ex
765 647 872 689 parte
906 640 1079 677 habitus:
1114 652 1206 676 nam
1238 638 1515 688 methaphisica
1528 647 1567 674 iii.
1581 647 1749 673 therecould
1760 647 1794 673 be

1528 690 1564 707 no
1578 681 1779 713 metaphysical

189 724 269 749 non
299 718 398 748 esset
426 723 503 747 una
527 711 703 757 sciencia,
727 723 816 748 cum
838 710 1004 748 sciencia
1029 710 1167 747 dicitur
1187 709 1235 746 ad
1265 709 1420 758 aliquid,
1444 709 1514 746 nisi
1527 714 1736 779 lgffijvgffidffieife
1737 720 1777 772 713:

188 782 344 819 racione
364 781 517 818 unitatis
538 781 675 818 obiecti
690 781 748 818 vel
766 780 921 817 subiecti
941 780 980 816 in
1000 791 1078 828 quo
1093 780 1278 817 obiective
1293 779 1516 816 terminatur
1528 782 1695 841 Ξὲῗξξζζκ,
1710 780 1759 806 did

190 851 375 898 sciencia;
404 858 445 888 ut
465 852 675 900 gramatica
695 858 731 888 et
751 851 877 899 logica
898 863 978 888 non
998 850 1235 888 constituunt
1254 862 1373 887 unam
1394 850 1516 887 scien-

191 922 299 969 ciam,
314 922 403 959 licet
418 922 520 958 idem
541 922 587 958 sit
608 921 823 959 subiectum
844 921 883 957 in
899 932 988 970 quo,
1003 921 1092 970 quia
1107 932 1187 958 non
1200 927 1257 958 est
1278 920 1380 957 idem
1396 932 1518 957 unum

142 1004 181 1026 10
193 993 407 1030 subiectum
432 992 478 1029 de
506 1004 584 1041 quo
598 1005 608 1038 3
639 1004 727 1030 cum
748 1004 840 1041 ergo
861 991 1141 1040 methaphisica
1170 991 1217 1027 sit
1242 1002 1320 1028 una
1340 990 1517 1037 sciencia,

192 1069 343 1111 oportet
364 1062 454 1100 dare
475 1074 597 1099 unum
618 1062 833 1099 subiectum
853 1061 1135 1110 amplissimum
1157 1061 1203 1098 de
1225 1073 1302 1110 quo
1323 1066 1469 1107 tractat,
1483 1067 1519 1098 et

191 1132 266 1170 hoc
285 1132 430 1170 videtur
449 1144 533 1170 esse
554 1144 623 1169 ens
643 1132 853 1181 analogum
873 1143 1124 1170 communem
1145 1131 1231 1169 Deo
1251 1137 1290 1169 et
1309 1131 1399 1170 aliis.
1440 1132 1518 1170 Hic

192 1202 392 1251 quondam
413 1203 503 1248 dixi,
524 1202 630 1252 quod
651 1202 758 1240 Deus
784 1214 864 1239 non
885 1214 954 1251 per
979 1202 1200 1251 potenciam
1230 1202 1449 1239 distinctam
1469 1203 1518 1239 ab

192 1273 333 1320 anima,
364 1273 432 1310 sed
463 1286 531 1322 per
560 1274 686 1323 ipsam
716 1273 928 1311 essenciam
953 1273 1198 1321 cognoscitur
1223 1272 1428 1310 inmediate
1451 1285 1520 1322 per

141 1343 395 1392 15illapsum5
426 1344 535 1381 etsie
567 1350 624 1381 est
653 1343 742 1381 dare
770 1350 898 1381 actum
924 1344 1051 1380 anime
1072 1355 1149 1392 quo
1178 1342 1283 1380 Deus
1313 1343 1519 1381 inmediate

1319 1412 1338 1432 *
1369 1421 1519 1451 creatus

154 1422 182 1452 G
195 1413 425 1462 intelligitur,
460 1414 703 1463 appropriate
741 1413 971 1462 intelligitur,
1009 1414 1039 1450 si
1077 1414 1288 1451 intellectus

194 1483 405 1533 quidquam
420 1484 594 1533 intelligit
610 1497 619 1530 3
650 1490 686 1521 et
698 1484 749 1521 ita
764 1496 832 1521 ens
848 1484 1009 1521 creabile
1026 1489 1082 1521 est
1103 1496 1312 1521 commune
1329 1484 1522 1522 obiectum

193 1554 371 1603 potencie
402 1554 628 1592 intellective
658 1554 832 1592 distincte
861 1555 910 1591 ab
936 1555 1108 1592 essencia
1137 1556 1275 1600 anime,
1297 1562 1334 1592 et
1365 1567 1434 1593 ens
1465 1556 1523 1592 in-

194 1631 364 1662 creatum
384 1630 441 1661 est
460 1625 657 1673 proprium
683 1625 875 1662 obiectum
896 1625 1014 1673 ipsius
1037 1626 1217 1663 essencie.
1273 1626 1323 1663 Et
1343 1626 1395 1664 sic
1415 1626 1524 1664 theo-

141 1694 298 1743 zologia
328 1707 371 1732 ac
406 1694 686 1743 methaphisica
713 1695 927 1732 Aristotelis
957 1701 1043 1732 sunt
1077 1695 1251 1734 distincte
1282 1697 1456 1744 sciencie,
1486 1704 1523 1735 et

194 1777 263 1814 per
294 1777 537 1814 consequens
571 1777 642 1802 nec
676 1765 855 1814 potencia
886 1777 958 1803 nec
993 1773 1100 1804 actus
1134 1779 1206 1805 nec
1236 1767 1389 1805 habitus
1419 1767 1523 1816 cogit

194 1848 338 1885 ponere
359 1836 553 1873 obiectum
579 1848 786 1873 commune
811 1835 897 1874 Deo
917 1843 954 1874 et
975 1838 1166 1875 creaturis.

250 1906 395 1944 Contra
406 1906 498 1944 illud
505 1906 651 1944 videtur
663 1907 788 1956 primo
802 1907 907 1956 quod
922 1907 1135 1946 intellectus
1151 1920 1272 1958 agens
1283 1909 1330 1946 sit
1342 1909 1521 1959 potencia
1533 1920 1557 1947 b.
1580 1920 1732 1953 offatim.

195 1977 409 2014 secundum
436 1989 554 2026 quam
581 1977 732 2026 spiritus
752 1988 899 2014 creatus
919 1977 1093 2027 intelligit
1113 1978 1242 2016 Deum
1263 1992 1375 2017 suum
1392 1992 1402 2026 ;
1434 1980 1525 2030 quia

141 2061 179 2093 25
197 2059 276 2084 non
303 2047 475 2096 intelligit
495 2047 566 2084 nisi
586 2059 654 2096 per
679 2047 794 2084 talem
823 2048 1054 2096 potenciam,
1075 2055 1112 2086 et
1132 2061 1209 2086 una
1239 2050 1373 2088 sufficit
1391 2064 1399 2089 :
1431 2063 1525 2100 ergo

196 2117 332 2155 eadem
347 2118 526 2167 potencia
538 2130 616 2167 qua
628 2118 1010 2167 intelligitcreaturas,
1020 2119 1192 2169 intelligit
1205 2120 1345 2160 Deum.
1372 2121 1523 2159 Confir-
1568 2132 1585 2159 i.

196 2194 322 2226 matur
341 2201 388 2226 ex
415 2188 488 2226 hoc
508 2189 614 2238 quod
635 2189 805 2226 essencia
826 2201 906 2226 non
936 2189 1073 2227 sufficit
1093 2191 1433 2239 comprehendere,
1454 2204 1523 2241 per

196 2259 374 2308 illapsum
394 2259 530 2308 pocius
543 2270 660 2307 quam
681 2259 848 2308 quelibet
868 2266 1041 2297 creatura
1061 2260 1133 2297 nisi
1153 2267 1253 2298 esset
1275 2262 1366 2299 dare
1386 2269 1523 2312 poten-

196 2331 295 2367 ciam
315 2330 632 2379 apprehensivam
652 2330 691 2366 in
718 2330 847 2368 anima
866 2331 963 2368 ultra
981 2332 1179 2380 potencias
1199 2333 1356 2370 aliarum
1377 2340 1523 2371 creatu·
1570 2346 1598 2374 ii.

145 2417 186 2448 30
197 2411 335 2437 rarum.
367 2399 546 2437 Secundo
567 2400 817 2438 confirmatur
836 2413 884 2438 ex
904 2401 978 2439 hoc
1000 2402 1104 2451 quod
1124 2402 1187 2439 illa
1199 2403 1379 2452 potencia
1398 2410 1524 2453 potest

197 2470 332 2508 elevari
363 2470 413 2507 ad
447 2470 632 2508 sincerius
665 2470 723 2507 vel
756 2471 884 2508 minus
918 2471 1206 2521 intelligendum
1245 2472 1374 2511 Deum
1391 2487 1402 2521 3
1432 2487 1524 2523 ymo

198 2539 333 2577 eadem
351 2541 530 2589 potencia
549 2552 624 2589 que
645 2541 845 2590 cognoscit
875 2548 1087 2579 creaturam
1109 2543 1261 2580 differre
1281 2555 1303 2580 a
1323 2543 1409 2581 Deo
1431 2556 1523 2594 cog-

199 2610 324 2647 noscit
344 2617 524 2648 extrema.
571 2610 621 2648 Et
635 2618 824 2660 quantum
837 2611 887 2649 ad
899 2611 1051 2649 habitus
1072 2612 1218 2650 videtur
1233 2613 1337 2663 quod
1358 2614 1404 2651 de
1424 2614 1525 2652 facto

209 2729 214 2734 Π
234 2704 258 2727 9.
279 2696 288 2723 ΙΙ
297 2695 328 2719 in
340 2704 395 2727 quo
412 2695 435 2720 B
448 2695 468 2721 s.
483 2705 529 2727 241
541 2704 567 2721 n.
688 2699 731 2721 est
744 2696 820 2722 idem
834 2705 926 2722 unum
939 2696 1099 2723 subiectum
1116 2698 1138 2723 B
1148 2697 1187 2724 C:
1206 2698 1365 2724 subiectum
1378 2708 1471 2724 unum
1484 2702 1527 2725 est

201 2728 277 2754 :dem
298 2728 331 2753 A.
469 2738 507 2754 12.
529 2737 585 2755 esse
606 2729 649 2754 A:
675 2732 718 2755 est
738 2730 768 2755 B.
906 2731 946 2756 16.
966 2732 1153 2763 appropriate
1174 2732 1251 2759 AC:
1280 2733 1472 2765 appropriare
1491 2733 1523 2758 B.

203 2763 243 2788 18.
263 2762 429 2787 increatum
444 2761 515 2789 BC:
535 2765 667 2788 creatum
678 2763 712 2788 A.

660 2832 707 2854 10,
735 2823 785 2854 Cf.
804 2834 911 2865 supra,
929 2835 961 2866 p.
981 2826 1031 2864 38.
