2095 3278
232 183 317 222 420

229 872 253 896 5.
276 862 351 890 Such
364 871 381 889 a
394 863 456 890 title

233 898 256 923 is
269 898 301 923 of
310 902 421 930 greater

231 931 361 963 strength
374 930 430 956 and

230 964 328 996 utility
337 969 366 989 to
380 964 428 989 the

232 1006 375 1030 possessor
388 998 456 1023 than

230 1039 249 1057 a
261 1031 325 1058 civil
339 1030 399 1057 title
409 1038 417 1063 ;

233 1673 282 1699 the
295 1677 376 1705 grant
389 1672 421 1698 of
430 1671 451 1697 it
465 1672 488 1698 is

233 1707 295 1734 also
307 1714 382 1733 more
394 1706 501 1732 liberal.

237 2198 260 2222 6.
284 2196 310 2221 It
324 2195 347 2222 is
359 2204 435 2222 more

236 2230 328 2255 usesul
341 2236 370 2255 to
383 2230 431 2255 the

239 2269 364 2296 grantee.

872 179 1073 213 RICARm
1107 177 1409 211 ARMACHANI
1852 163 1958 225 [LIB.·
1976 178 2044 207 111.

512 284 548 318 in
566 295 604 319 re
623 283 691 319 sibi
709 284 918 319 necessaria
934 294 1107 328 possessa
1127 284 1175 318 ab
1194 284 1308 327 impio
1332 282 1455 328 quoad
1474 292 1580 316 usum
1600 281 1651 316 rei
1671 281 1766 328 illius
1785 280 1831 314 de
1846 278 1943 320 [35A

510 342 590 386 lege
608 342 679 376 Dei
704 342 839 376 habeat
864 341 1035 376 clamium
1065 341 1247 384 anteferri,
1273 347 1308 376 et
1334 341 1364 375 si
1390 351 1467 375 rem
1494 339 1625 384 poterit
1650 349 1831 382 occupare
1841 338 1924 369 clam
1941 346 1973 369 B·

511 399 645 443 poterit
663 399 761 433 licite
777 410 822 433 ea
839 399 913 442 uti;
942 405 977 433 et
995 399 1042 432 ob
1061 399 1131 432 hoc
1156 404 1299 432 constat
1323 398 1423 442 quod
1440 397 1564 431 titulus
1588 395 1832 441 possessionis

510 457 688 491 naturalis
720 467 786 502 per
819 456 1064 491 donacionem
1097 456 1301 490 naturalem
1335 455 1506 500 cuiquam
1540 455 1702 499 quesitus
1736 459 1832 488 extat

510 514 667 549 validior
688 515 814 550 titulus
838 525 903 549 seu
929 525 1040 548 causa
1068 513 1195 548 utendi
1224 512 1391 556 validior,
1411 512 1578 557 quamvis
1603 522 1678 546 non
1705 511 1749 546 sit
1776 511 1861 549 ius5

508 572 671 617 aliquod,
700 583 811 617 quam
846 572 906 606 ille
938 571 1064 606 titulus
1098 571 1342 615 supradictus.
1393 570 1432 605 Si
1468 570 1577 614 igitur
1611 569 1679 604 iste
1708 569 1954 609 titulussuper-

510 630 677 675 acquisiti
696 629 850 664 dominii
869 629 1026 664 sufficiat
1042 629 1090 663 ad
1112 628 1357 663 donacionem
1381 627 1538 670 civilem,
1557 633 1734 672 tanquam
1754 626 1831 661 eius
1841 612 1957 684 {luctus
1973 617 2002 641 Β·
2016 660 2037 684 Β

511 688 673 730 effectus,
688 693 727 722 ut
745 687 889 722 dicatur
901 686 1071 729 donacio,
1086 686 1231 720 videtur
1245 686 1343 730 quod
1362 685 1423 719 illa
1441 685 1618 719 naturalis
1636 683 1831 730 possessi0‚
1844 665 2025 728 Ζῗῖῗᾳὲῗέἓρη
2040 676 2048 684 ’

511 757 582 791 que
599 752 654 780 est
672 745 798 780 titulus
821 745 985 779 dominio
1004 744 1074 779 isto
1091 743 1247 778 validior
1264 743 1312 777 ad
1330 754 1458 777 verum
1475 742 1693 777 donacionis
1710 748 1833 776 actum
1846 748 1865 770 B
1883 741 1930 780 (in
1943 740 2024 781 mg·)

511 803 589 838 sive
614 803 796 845 effectum,
816 803 867 837 ita
891 809 930 837 ut
957 809 1061 837 actus
1086 801 1170 837 talis
1188 812 1274 835 vere
1300 801 1444 835 dicatur
1464 800 1635 843 donacio,
1653 799 1772 844 potuit
1798 794 1911 832 inita.
1926 816 1953 825 ··
1970 793 2050 824 tali-⁸³⁴

511 861 729 896 innocencie
755 867 853 896 statu
876 861 1054 895 sufficere.
1108 861 1214 902 Item,
1234 859 1360 893 titulus
1385 859 1445 893 ille
1462 859 1608 893 videtur
1624 858 1781 892 validior
1799 863 1835 891 et
1846 847 1909 867 om.
1923 845 1955 868 B·

511 919 644 962 utilior,
663 918 750 964 quia
767 919 942 962 securior,
961 929 1072 963 quem
1090 918 1188 952 nullo
1207 928 1295 951 casu
1313 923 1416 951 extra
1433 917 1696 951 necessitatem
1713 920 1835 960 potest

511 977 559 1012 ab
586 976 688 1011 illum
715 977 875 1011 habente
903 975 1035 1021 aliquis
1063 975 1158 1009 iuste
1187 975 1340 1016 auferre,
1367 986 1479 1019 quam
1508 974 1568 1008 ille
1592 973 1654 1018 qui
1682 973 1719 1007 in
1747 983 1837 1006 casu

511 1041 634 1079 potest
657 1034 752 1068 iuste
775 1033 942 1068 subtrahi
966 1034 1014 1068 ab
1038 1033 1177 1067 invito:
1204 1032 1481 1077 possessionem
1502 1031 1708 1066 naturalem
1725 1040 1836 1064 nemo

512 1093 549 1127 in
568 1099 665 1127 statu
683 1092 902 1126 innocencie
920 1091 1050 1136 potuit,
1065 1102 1186 1135 neque
1205 1090 1242 1124 in
1260 1089 1422 1135 presenti
1439 1089 1484 1133 (si
1499 1089 1670 1123 homines
1681 1087 1836 1122 vixerint
1847 1090 1884 1120 in
1896 1093 1986 1120 statu

511 1149 744 1193 innocenter)
771 1155 906 1193 potest,
932 1160 955 1183 a
979 1159 1169 1193 quoquam
1194 1148 1291 1182 iusto
1318 1148 1461 1182 auferre
1492 1153 1593 1181 extra
1620 1157 1748 1180 casum
1773 1156 1835 1179 ne·
1847 1143 1910 1164 om·
1925 1140 1955 1163 Β·

512 1207 708 1250 cessitatis,
733 1206 815 1251 ipso
841 1206 955 1241 invito
981 1206 1043 1251 qui
1069 1205 1247 1250 possidet,
1270 1206 1356 1250 quia
1381 1216 1456 1239 non
1483 1205 1536 1239 sic
1561 1203 1742 1239 amittitur
1765 1202 1835 1236 nisi

511 1265 704 1310 peccando
721 1264 927 1298 mortaliter
942 1276 951 1305 ;
972 1275 1230 1309 quemcunque
1248 1263 1396 1298 titulum
1413 1262 1559 1297 civilem
1577 1267 1732 1306 possunt
1750 1271 1836 1294 con-

512 1324 650 1358 ditores
680 1323 804 1367 legum
834 1321 997 1356 civilium
1024 1322 1151 1355 tollere
1185 1327 1221 1355 et
1254 1327 1422 1355 mutare:
1466 1320 1565 1354 unde
1598 1317 1837 1363 consequitur

511 1382 611 1426 quod
629 1380 816 1425 possessio
834 1379 1012 1414 naturalis
1031 1379 1077 1413 sit
1095 1379 1252 1413 validior
1272 1378 1399 1413 titulus
1423 1378 1519 1412 civili
1538 1377 1704 1412 dominio
1723 1376 1836 1421 quali·
1849 1391 1891 1413 20

512 1450 657 1483 cunque
671 1444 783 1483 atque
800 1437 935 1471 utilior.
970 1437 1083 1471 Unde
1098 1436 1267 1471 clarescit
1280 1436 1379 1480 quod
1393 1435 1552 1470 donacio
1567 1435 1629 1469 illa
1642 1434 1837 1469 forciorem

511 1497 669 1540 titulum,
684 1495 873 1538 tuciorem,
890 1500 925 1529 et
939 1494 1167 1537 validiorem,
1183 1494 1344 1535 confert;
1366 1493 1455 1527 dum
1468 1499 1594 1527 tamen
1612 1492 1712 1527 aliud
1724 1491 1838 1526 nichil

512 1556 646 1598 obstat,
665 1554 727 1589 ubi
745 1553 859 1588 nichil
881 1552 968 1587 iuris
991 1552 1181 1586 donatoris
1206 1552 1242 1586 in
1268 1550 1504 1586 donatarium
1527 1557 1583 1585 est
1606 1550 1837 1592 translatum,

512 1624 625 1658 quam
659 1612 722 1646 illa
755 1611 914 1646 donacio
948 1621 1018 1654 que
1052 1609 1339 1644 translacionem
1375 1608 1462 1643 iuris
1496 1608 1609 1642 habet
1643 1618 1836 1642 annexam.

516 1670 626 1714 Quod
656 1675 780 1704 autem
810 1668 857 1703 sit
890 1667 1077 1702 liberalior
1106 1678 1151 1701 ex
1179 1667 1251 1701 hoc
1281 1667 1394 1701 claret
1421 1666 1521 1710 quod
1550 1665 1708 1710 amplius
1738 1675 1836 1699 com·
1851 1677 1890 1709 25

514 1729 667 1763 modum
685 1726 880 1762 donatario
903 1725 1008 1760 affert
1028 1725 1082 1769 (ut
1100 1723 1286 1767 diximus),
1305 1735 1374 1758 nec
1398 1723 1530 1757 minori
1548 1723 1691 1757 fervore
1708 1723 1836 1756 volun-

513 1787 599 1821 tatis
617 1785 781 1827 efficitur,
795 1790 851 1818 set
870 1783 923 1828 (ut
941 1789 997 1817 est
1015 1783 1146 1817 merito
1165 1780 1465 1826 supponendum)
1485 1792 1529 1815 ex
1546 1780 1676 1815 maiori
1693 1780 1837 1814 fervore

513 1844 691 1889 procedit,
710 1842 796 1888 quia
818 1841 855 1876 in
880 1842 951 1875 hac
977 1840 1185 1875 donacione
1210 1845 1272 1874 aut
1299 1839 1335 1873 in
1361 1840 1473 1881 nullo,
1492 1838 1522 1872 si
1546 1850 1604 1872 res
1628 1838 1768 1872 donata
1790 1837 1838 1872 sit

513 1902 659 1946 utrique
677 1911 824 1945 semper
847 1899 1034 1933 sufficiens
1059 1904 1121 1932 aut
1145 1898 1268 1931 minus
1287 1908 1399 1941 quam
1423 1896 1460 1930 in
1485 1896 1727 1931 abdicacione
1751 1895 1839 1929 iuris

514 1960 565 1994 rei
596 1960 744 2001 donate,
771 1957 929 1992 donacio
959 1956 1162 1990 donantem
1191 1954 1442 1999 dampnificat,
1468 1966 1553 1989 cum
1582 1954 1705 1988 adhuc
1734 1953 1771 1987 in
1801 1964 1839 1987 re
1853 1960 1895 1991 30

515 2018 655 2052 donata
673 2016 729 2050 ius
747 2016 898 2060 plenum
916 2013 969 2048 sic
988 2013 1165 2048 donando
1183 2013 1342 2047 donator
1360 2012 1430 2047 sibi
1449 2012 1616 2046 retineat.
1659 2012 1734 2046 Cur
1750 2021 1840 2055 ergo

516 2075 578 2109 illo
600 2085 688 2109 casu
708 2072 915 2108 fervencius
938 2078 974 2106 et
999 2072 1051 2105 ita
1073 2070 1261 2105 liberalius
1286 2081 1364 2103 rem
1390 2081 1464 2104 non
1491 2070 1603 2103 donet
1628 2080 1701 2103 non
1719 2069 1838 2112 video,
1852 2073 1951 2106 donat
1966 2081 1998 2106 Β,

516 2133 604 2166 dum
622 2138 748 2166 tamen
767 2131 803 2165 in
822 2129 1016 2164 retinendo
1034 2130 1154 2163 latens
1176 2127 1359 2172 cupiditas
1380 2133 1443 2161 aut
1461 2127 1561 2161 aliud
1578 2138 1652 2161 non
1670 2126 1839 2161 obsistat.

520 2191 625 2233 Item,
644 2189 745 2234 quod
770 2188 929 2222 donacio
955 2186 1039 2222 talis
1065 2186 1259 2221 donatario
1285 2191 1383 2219 extet
1408 2185 1531 2219 utilior
1553 2195 1664 2229 quam
1690 2184 1752 2218 illa
1776 2184 1838 2218 ubi

518 2247 725 2282 dominium
752 2246 971 2280 transfertur
1000 2244 1076 2278 sive
1110 2243 1298 2288 possessio
1328 2249 1389 2277 aut
1417 2248 1623 2287 utrumque,
1654 2242 1767 2276 claret
1796 2253 1840 2276 ex
1854 2251 1893 2283 35

519 2305 654 2348 multis,
682 2304 770 2350 quia
799 2310 854 2338 est
884 2303 1001 2338 tucior
1032 2302 1086 2346 (ut
1116 2301 1283 2346 superius
1312 2307 1368 2335 est
1397 2299 1609 2344 probatum)
1637 2299 1724 2344 quia
1753 2299 1839 2333 sim·
1852 2315 1959 2346 supra,
1976 2315 2011 2346 p,

519 2363 662 2409 pliciter
681 2363 800 2397 eciam
818 2361 1012 2396 iocundior
1025 2359 1220 2394 donatario
1237 2369 1281 2393 ac
1299 2357 1431 2400 datori,
1443 2358 1621 2401 intelligo,
1634 2357 1838 2391 secundum
1851 2358 1927 2407 4¹92

520 2422 684 2465 regulam
711 2419 874 2455 caritatis
893 2430 964 2464 que
990 2417 1101 2452 efficit
1127 2423 1260 2451 cuncta
1285 2415 1506 2458 communia,
1526 2415 1613 2460 quia
1636 2421 1692 2449 est
1715 2415 1840 2458 regule
1854 2401 2034 2466 {22'32-057‘3'251‘·

519 2479 583 2514 tali
602 2478 825 2513 conformior
841 2489 848 2512 z
874 2476 973 2510 unde
991 2474 1198 2520 proprietas
1217 2473 1331 2508 inficit
1349 2473 1552 2515 caritatem,
1568 2472 1671 2507 cuius
1685 2472 1840 2506 infeccio

521 2543 578 2571 est
596 2535 845 2571 incomoditas
865 2533 1027 2568 maxima
1051 2532 1088 2566 in
1114 2532 1184 2566 hac
1202 2531 1287 2574 vita,
1310 2530 1380 2564 nisi
1405 2530 1570 2565 subiecta
1587 2530 1742 2565 materia
1759 2542 1840 2575 pro·
1853 2546 1896 2577 40

521 2595 716 2640 prietatem
754 2598 940 2637 exposcat,
970 2590 1082 2625 veluti
1117 2601 1200 2624 cum
1234 2600 1292 2623 res
1329 2599 1502 2633 possessa
1535 2594 1591 2622 est
1624 2587 1708 2622 talis
1742 2588 1842 2633 quod

522 2653 688 2698 pluribus
712 2652 758 2685 de
781 2652 863 2694 lege
890 2655 1017 2683 nature
1040 2659 1115 2682 non
1140 2652 1340 2690 congruat3
1380 2645 1484 2680 sicuti
1509 2645 1630 2679 uxoris
1653 2657 1751 2688 usus,
1771 2656 1841 2689 que

523 2723 544 2745 a
568 2710 712 2745 duobus
737 2707 960 2752 impregnari
985 2718 1058 2740 non
1084 2710 1215 2749 potest,
1235 2705 1379 2738 duobus
1403 2715 1476 2737 non
1499 2703 1684 2748 competit.
1729 2703 1841 2739 Unde

526 2769 628 2802 Deus
648 2767 753 2802 nobis
773 2764 1056 2800 communicavit
1075 2762 1199 2797 omnia
1218 2762 1335 2807 primo
1357 2762 1405 2797 ad
1427 2773 1544 2805 usum,
1566 2760 1581 2779 *
1598 2768 1636 2796 ut
1653 2767 1842 2806 appareat,
1856 2766 1886 2794 B
