2008 3305
222 192 420 251 CAP.X11.]
698 205 845 236 LIBER
874 205 1072 237 PRIMUS.

108 324 200 366 330]
219 320 292 356 Dei
332 319 628 365 similitudinem,
661 319 847 358 iusticiam
881 326 1007 368 partes
1045 319 1236 368 ymaginis
1268 319 1547 356 accidentaliter

219 390 501 435 informantem,
525 396 629 439 patet
649 391 755 440 quod
777 390 946 428 defectus
967 391 1080 427 huius
1101 389 1357 427 similitudinis
1381 396 1436 427 est
1460 403 1546 439 pes-

219 461 315 497 sima
345 460 487 498 falsitas
517 467 554 498 et
584 469 800 510 peccatum,
831 461 919 510 quia
950 468 1053 498 caret
1083 460 1238 498 racione
1269 460 1479 509 exemplari
1509 462 1547 497 in

219 530 318 576 Deo,
352 532 417 580 qui
457 532 673 568 eternaliter
705 531 795 568 dicit
825 531 966 569 omnia.
1023 530 1139 568 Unde
1171 530 1370 579 dyabolus,
1403 531 1548 580 primus

186 620 203 650 5
219 602 399 647 mendax,
433 614 584 651 semper
623 602 740 639 defuit
779 614 801 639 a
841 602 998 639 veritate
1038 608 1222 651 perpetua
1261 613 1378 650 quam
1418 601 1549 638 debuit

218 672 405 717 habuisse,
434 681 475 710 ut
510 673 676 710 ostendit
707 672 947 721 Augustinus
978 672 1185 710 undecimo
1220 684 1334 721 super
1361 671 1548 709 Genesim

218 743 268 779 ad
288 743 459 788 litteram,
480 743 594 789 xxiii„
610 755 657 780 ex
680 749 784 780 textu
806 743 1005 792 ewangelii
1027 742 1214 780 Iohannis
1229 743 1299 779 viii.
1318 755 1382 789 44.
1428 742 1548 780 Falsi-

217 820 275 850 tas
296 820 422 850 autem
444 814 580 862 logica,
602 825 676 862 que
705 820 762 850 est
787 813 955 850 defectus
976 813 1140 850 veritatis
1167 825 1285 862 quam
1314 825 1361 850 ex
1390 813 1548 862 imposi-

219 884 332 921 cione
353 884 508 933 signum
524 884 715 933 significat
736 891 793 921 est
813 884 1061 932 impertinens
1082 883 1171 920 huic
1191 883 1291 920 loco.
1350 882 1426 920 Sed
1447 890 1550 932 patet

166 971 206 992 10
219 954 324 1003 quod
339 955 491 1004 signum
508 967 587 991 non
604 961 742 1003 potens
757 954 897 991 habere
915 954 1111 990 veritatem
1132 953 1411 1002 significacioni
1425 954 1549 1002 impo-

218 1025 287 1062 site
308 1024 551 1074 adequatam,
569 1025 704 1061 dicitur
720 1024 962 1073 impossibile.
1005 1023 1167 1073 Signum
1189 1030 1318 1061 autem
1340 1024 1401 1061 cui
1422 1024 1549 1061 deficit

216 1095 352 1132 veritas
373 1095 561 1144 adequata
582 1095 706 1132 solum
726 1107 797 1144 pro
818 1095 904 1132 loco
921 1094 980 1132 vel
1001 1102 1175 1144 tempore
1190 1095 1325 1132 dicitur
1339 1094 1550 1132 secundum

217 1166 310 1215 quid
330 1165 467 1203 falsum
497 1172 533 1203 et
563 1166 779 1203 secundum
808 1165 902 1215 quid
921 1177 1061 1211 verum,
1085 1165 1114 1202 si
1145 1172 1252 1202 extra
1282 1177 1322 1202 se
1352 1177 1549 1214 proquo-

171 1249 203 1277 D
219 1248 371 1285 cunque
391 1236 478 1274 loco
494 1236 552 1274 vel
568 1244 738 1286 tempore
759 1236 949 1285 adequate
970 1234 1274 1284 cor*resp0ndet
1289 1236 1446 1273 veritati.
1499 1235 1551 1272 Et

166 1326 203 1357 15
220 1307 285 1354 sic,
306 1314 347 1344 ut
376 1307 526 1345 ostendi
550 1308 589 1344 in
618 1307 778 1344 materia
807 1307 854 1344 de
884 1306 1165 1352 insolubilibus,
1187 1306 1382 1356 loquendo
1402 1313 1482 1344 tam
1504 1307 1551 1344 de

219 1378 373 1415 veritate
403 1377 681 1427 methaphisica
711 1389 829 1427 quam
858 1377 994 1426 logica,
1025 1383 1176 1426 oportet
1207 1377 1419 1415 concedere
1449 1377 1552 1414 idem

219 1448 331 1485 simul
352 1454 388 1485 et
409 1449 527 1486 semel
547 1460 630 1485 esse
652 1460 784 1485 verum
804 1454 842 1485 et
863 1447 1013 1484 falsum.
1071 1446 1211 1484 Omnis
1232 1448 1389 1497 quidem
1410 1447 1553 1485 falsitas

217 1520 470 1568 presupponit
489 1519 685 1556 veritatem
707 1517 772 1569 (de
800 1531 876 1568 qua
896 1518 1067 1556 secundo
1089 1518 1384 1567 Methaphisice,
1406 1517 1468 1569 iv.)
1490 1520 1550 1556 cui

218 1589 556 1627 fundamentaliter
575 1590 762 1627 inexistat.
820 1590 1025 1627 Peccatum
1056 1589 1184 1639 itaque
1215 1590 1332 1627 moris
1359 1590 1464 1639 quod
1494 1598 1551 1628 est

166 1674 205 1695 20
218 1660 360 1698 falsitas
389 1673 411 1697 a
432 1660 518 1697 Deo
547 1661 717 1697 maxime
748 1660 941 1709 elongata,
963 1673 1042 1698 non
1071 1660 1186 1697 habet
1215 1660 1378 1697 univoce
1405 1672 1551 1698 nomen

217 1731 337 1768 entis:
369 1738 406 1768 et
435 1731 489 1768 sic
509 1731 628 1777 Deus,
650 1743 718 1769 ens
743 1738 924 1777 creatum,
947 1739 984 1768 et
1013 1738 1215 1780 peccatum
1236 1732 1352 1768 moris
1374 1731 1551 1769 dicuntur

217 1813 300 1838 esse
320 1801 484 1838 multum
504 1802 699 1851 equivoce,
721 1809 762 1839 ut
789 1808 892 1851 patet
912 1814 959 1839 ex
979 1802 1051 1839 isto
1072 1808 1177 1839 textu
1199 1802 1284 1839 Ioh.
1305 1803 1326 1838 i.
1353 1815 1387 1851 3,
1413 1802 1549 1839 Omnia

208 1879 282 1921 per
302 1873 420 1921 ipsum
429 1873 545 1923 facta
566 1877 663 1918 sunt,
684 1877 718 1909 et
733 1875 811 1910 sz'ne
838 1874 1079 1923 {pso-factum
1103 1878 1155 1910 est
1172 1873 1300 1910 nz‘clzz'l.
1358 1874 1404 1910 In
1424 1874 1549 1922 primo

217 1942 373 1992 quidem
394 1943 433 1980 fit
457 1943 679 1980 distribucio
700 1956 772 1992 pro
799 1944 907 1980 omni
928 1950 1069 1989 creato,
1092 1943 1183 1993 quia
1203 1944 1362 1980 alterum
1385 1945 1549 1981 duorum

166 2026 203 2058 25
218 2025 298 2050 non
318 2013 539 2063 cointelligit
563 2014 773 2052 intellectus
794 2015 967 2052 univoce.
1020 2014 1071 2051 Et
1092 2027 1159 2063 per
1180 2014 1394 2052 secundum
1415 2015 1551 2052 dicitur

216 2090 420 2133 peccatum
440 2096 520 2121 non
540 2097 624 2122 esse
644 2092 857 2122 creaturam
878 2085 946 2122 sed
967 2084 1109 2123 factum
1130 2085 1316 2134 equivoce
1337 2085 1417 2122 sine
1439 2084 1535 2122 Deo.

1746 208 1820 236 101

270 2154 439 2192 Ulterius
469 2161 574 2204 patet
603 2168 651 2192 ex
681 2156 835 2193 racione
856 2156 953 2193 entis
975 2155 1188 2192 secundum
1209 2156 1549 2205 participacionem
1563 2170 1589 2196 d.
1610 2171 1671 2196 The
1684 2171 1771 2197 world

1564 2204 1657 2230 added
1672 2211 1700 2230 to
1714 2205 1778 2231 God

217 2225 322 2274 quod
350 2226 574 2263 universitas
595 2226 681 2263 Deo
711 2226 918 2263 adveniens
948 2238 1028 2263 non
1058 2226 1228 2264 cumulat
1248 2227 1370 2263 maius
1392 2227 1550 2263 bonum.
1565 2237 1633 2263 does
1646 2244 1694 2263 not
1706 2239 1787 2264 make

1566 2280 1582 2296 a
1595 2277 1707 2303 greater
1719 2273 1794 2304 good

216 2294 347 2332 Primo
378 2308 425 2333 ex
455 2295 529 2333 hoc
560 2297 667 2346 quod
687 2297 791 2334 nullo
812 2297 962 2333 infinito
983 2302 1110 2346 potest
1130 2296 1273 2345 aliquid
1303 2309 1387 2334 esse
1417 2297 1552 2334 maius.
1566 2305 1634 2330 than
1650 2305 1713 2331 God
1726 2306 1816 2332 alone.

163 2376 204 2406 30
219 2364 399 2403 Secundo
419 2379 466 2403 ex
488 2367 562 2404 hoc
583 2369 688 2417 quod
709 2368 857 2404 bonum
871 2379 917 2404 ex
932 2366 1018 2403 Deo
1040 2373 1076 2403 et
1099 2372 1271 2405 creatura
1287 2368 1549 2405 communica-

216 2443 316 2473 retur
337 2436 408 2473 illis
428 2437 599 2474 univoce.
657 2437 782 2475 Multa
802 2438 905 2474 enim
928 2444 1102 2487 possunt,
1126 2444 1167 2474 ut
1186 2444 1313 2486 partes
1334 2438 1550 2485 subiective,

217 2518 421 2543 commune
438 2508 682 2553 constituere,
696 2520 772 2558 que
793 2520 872 2545 non
893 2515 1055 2557 possunt
1071 2507 1304 2556 integraliter
1318 2509 1551 2545 constituere

250 2586 273 2602 2.
292 2577 381 2602 huius
395 2577 434 2602 B:
455 2587 508 2603 om.
524 2579 549 2603 A
560 2579 591 2605 C.
731 2589 753 2611 3.
775 2581 784 2608 ll
794 2582 822 2605 et
829 2581 982 2617 peta-catum
997 2580 1019 2604 B
1033 2579 1052 2605 f.
1066 2588 1114 2611 227
1127 2587 1151 2604 Β.
1316 2589 1338 2612 7.
1360 2581 1423 2605 vz'z'z’.
1445 2589 1499 2605 om.
1518 2581 1549 2606 B.

216 2619 240 2644 9.
253 2611 411 2676 {ggssfimt
422 2611 493 2637 AC:
512 2613 611 2644 signat
624 2612 655 2637 B.
730 2622 767 2638 10.
788 2613 1088 2645 szjgnrficacz'oniAC:
1108 2612 1271 2644 signacioni
1282 2612 1314 2638 B.
1377 2623 1416 2645 23.
1433 2615 1550 2645 primo:

218 2652 250 2669 co
292 2663 298 2669 .
331 2653 418 2669 rzma.

286 2698 317 2732 6.
342 2701 483 2741 August.
502 2701 542 2732 de
560 2701 642 2733 Gen.
660 2701 703 2732 ad
719 2702 782 2733 litt.
800 2703 842 2734 xi.
864 2711 902 2742 23
922 2705 937 2740 ξ)
958 2703 1109 2744 30,Opp.
1130 2711 1147 2742 3
1167 2703 1217 2742 (ι)
1239 2703 1311 2742 283.

267 2752 316 2783 18.
340 2752 440 2783 Arist.
454 2753 601 2794 Metaph.
620 2754 663 2789 ii„
681 2754 770 2795 Opp.
788 2755 806 2784 8
819 2754 840 2786 f.
858 2764 896 2794 14
908 2763 931 2785 D
944 2756 957 2794 (
968 2766 1031 2784 =a.
1049 2765 1080 2796 p.
1099 2764 1160 2796 993
1176 2755 1204 2793 b,
1216 2755 1296 2786 with
1310 2765 1351 2786 an
1367 2755 1551 2787 additional

223 2803 412 2845 paragraph
427 2809 484 2835 not
501 2805 533 2835 in
550 2805 604 2836 the
622 2806 729 2837 Greek
747 2807 842 2846 text).
