2095 3278
60 209 298 268 CAP.XX1V.]
614 219 679 251 DE
711 218 953 251 PAUPERIE
987 217 1301 251 SALVATORIS.
1803 211 1885 264 367

169 330 264 372 220]
277 329 387 369 potus
405 334 512 359 usum
529 334 573 358 ex
589 329 677 358 voto
696 322 912 368 simpliciter
929 322 1114 366 abdicare,
1133 333 1180 358 ne
1198 322 1334 367 pariter
1357 321 1394 356 in
1420 332 1510 357 casu
1534 322 1605 357 sibi

276 381 486 416 necessaria
500 381 752 416 subtrahendo
769 392 809 415 se
823 380 944 425 ipsum
961 380 1108 415 occidat
1128 380 1164 415 in
1183 391 1347 425 corpore,
1362 380 1539 425 quoniam
1553 380 1606 415 sic

276 439 458 483 obligaret
482 450 520 473 se
545 438 667 483 ipsum
693 444 732 472 ut
750 438 787 472 in
813 449 901 472 casu
927 449 968 473 se
991 438 1128 473 faceret
1155 437 1405 472 homicidam:
1432 438 1489 472 Et
1503 439 1607 472 scitis

275 498 378 541 quod
390 497 511 531 omnis
527 496 712 530 homicida
729 507 803 530 non
824 495 932 530 habet
947 497 1070 529 vitam
1093 499 1259 530 eternam
1276 496 1318 530 z'n
1334 506 1371 529 se
1396 499 1606 529 manentem

245 564 262 596 5
278 554 311 599 (1
335 555 411 589 Ioh.
431 554 480 588 iii.
502 552 558 597 15)
585 559 621 588 et
636 553 750 598 foras
774 564 892 596 canes,
909 554 1071 598 venefici,
1098 554 1290 597 impudici,
1316 553 1506 596 homicide,
1533 559 1604 588 etc,

59 615 167 656 Apoc.
181 614 258 645 xxii.
277 612 408 657 (Apoc.
427 610 584 655 ultimo).
636 611 699 646 Set
717 610 926 655 quicunque
943 622 987 645 ex
1000 616 1088 645 voto
1105 611 1243 645 habent
1262 610 1361 655 quod
1379 621 1510 645 carnes
1528 621 1604 644 non

62 667 111 698 Ι5·
276 669 475 704 comedant
502 675 564 703 aut
589 668 718 703 vinum
744 680 817 703 non
843 668 984 711 bibant,
1004 674 1067 702 aut
1092 668 1192 703 aliud
1217 668 1442 712 huiusmodi,
1460 679 1535 703 non
1561 679 1606 703 ea

57 738 132 758 cum
147 737 212 758 exc.
225 736 236 758 .·
275 733 410 762 vovent
437 726 662 771 simpliciter,
681 732 738 760 set
761 737 845 760 cum
871 726 1093 769 excepcione
1117 737 1227 760 casus
1251 725 1505 769 necessitatis;
1533 736 1606 770 quo

58 781 99 802 ex
113 781 196 802 ‘⁰⁷²⁶‘
211 778 241 801 B·
279 796 369 819 casu
388 784 540 829 quilibet
559 783 754 828 obligatur,
780 789 819 818 ut
845 783 1084 818 homicidium
1104 789 1245 827 caveat,
1263 783 1314 818 uti
1342 794 1409 818 suo
1434 782 1604 827 originali

224 849 264 871 10
276 842 441 876 dominio
475 841 526 876 rei
559 841 741 886 presentis
775 841 804 876 si
838 841 955 886 possit
978 841 1151 885 impune:
1193 848 1248 876 set
1275 841 1322 876 de
1345 841 1417 876 isto
1441 841 1478 875 in
1503 847 1606 876 sexto

275 899 384 934 huius
410 898 577 934 diffusior
601 898 670 934 erit
696 904 886 933 tractatus.
937 899 1050 934 Unde
1073 898 1310 943 consequitur
1335 899 1436 944 quod
1460 898 1497 933 in
1515 910 1605 944 quo-

274 957 362 992 libet
376 957 454 991 viro
472 956 567 991 iusto
581 956 763 1000 integrum
780 961 906 991 manet
924 956 1101 1000 originale
1115 956 1330 1000 dominium,
1345 956 1498 999 scilicet,
1513 967 1601 1001 quo-

276 1015 326 1049 ad
351 1014 477 1049 omnia
502 1014 571 1048 sibi
597 1014 773 1056 subiecta,
799 1013 884 1048 licet
911 1014 1033 1058 quoad
1066 1024 1174 1048 usum
1200 1013 1237 1048 in
1262 1014 1446 1059 aliquibus
1472 1014 1518 1049 sit
1542 1025 1600 1049 re-

229 1072 465 1115 Dstrictum3
497 1071 602 1107 sicuti
630 1071 667 1106 in
691 1071 863 1106 omnibus
883 1070 902 1091 ’¹‘
921 1071 1074 1106 ecclesie
1098 1071 1282 1116 episcopis
1308 1072 1369 1116 qui
1396 1072 1598 1107 succedunt

223 1141 262 1173 15
278 1129 414 1165 Christi
438 1129 614 1174 apostolis
637 1140 782 1174 semper
805 1135 860 1164 est
886 1129 1071 1173 integrum
1097 1129 1288 1174 apostolici
1314 1129 1457 1164 ordinis
1480 1140 1602 1164 sacra-

275 1193 440 1222 mentum
467 1187 544 1222 sive
566 1187 778 1230 auctoritas,
797 1186 881 1221 licet
899 1187 1022 1231 quoad
1040 1193 1145 1222 actus
1164 1187 1330 1222 diversos
1349 1198 1416 1232 per
1439 1198 1524 1223 eum
1542 1187 1604 1232 qui

275 1256 462 1280 summam
480 1245 593 1279 habet
610 1243 869 1279 iurediccionis
886 1244 1145 1279 auctoritatem
1160 1243 1197 1279 in
1211 1244 1376 1289 pluribus
1394 1245 1441 1280 sit
1458 1245 1605 1280 restric-

275 1308 376 1338 tum:
404 1302 503 1337 unde
522 1302 559 1336 in
578 1301 752 1346 utrisque,
766 1302 890 1336 laxata
907 1301 1136 1345 obligaeione
1154 1302 1232 1337 sive
1243 1302 1318 1337 voti
1338 1302 1415 1338 sive
1432 1302 1607 1347 precepti,

275 1360 356 1394 sine
382 1371 480 1394 nova
503 1359 723 1394 auctoritate
756 1359 905 1401 donata,
932 1359 1055 1403 vigere
1088 1365 1210 1404 potest
1235 1360 1358 1405 quoad
1384 1360 1510 1395 omnia
1535 1359 1606 1394 sibi

223 1424 265 1446 20
276 1417 444 1452 subiecta
461 1416 628 1462 primeva
645 1416 846 1452 auctoritas
863 1427 909 1452 ex
925 1427 998 1461 quo
1017 1416 1230 1459 dinoscitur,
1247 1428 1323 1452 non
1341 1417 1379 1452 in
1398 1428 1450 1462 se,
1469 1417 1608 1463 aliqua-

275 1475 359 1510 liter
375 1474 571 1519 minorata‚
589 1480 645 1510 set
663 1474 923 1510 tantummodo
941 1475 1066 1519 quoad
1083 1485 1191 1510 usum
1207 1475 1387 1511 restricta.

58 1597 90 1624 et
105 1604 170 1626 om.
185 1601 224 1625 M.
329 1589 560 1623 IOHANNES.
588 1588 662 1623 Dic
678 1588 824 1633 planius
847 1594 883 1624 et
906 1588 1061 1634 nunquit
1087 1594 1209 1633 potest
1231 1588 1357 1634 augeri
1375 1594 1438 1624 aut
1463 1588 1580 1623 minui
1598 1598 1753 1631 :XX1V,

277 1646 390 1681 michi
409 1646 509 1681 enim
525 1653 677 1691 apparet
696 1647 796 1691 quod
813 1652 935 1691 potest
953 1647 1077 1690 augeri
1096 1653 1133 1682 et
1151 1646 1289 1691 minui3
1317 1647 1414 1692 quia,
1430 1647 1459 1682 si
1478 1658 1607 1682 omnes
1621 1648 1750 1687 original
1762 1647 1889 1682 lordship

277 1703 447 1739 homines
466 1703 722 1739 innocenciam
744 1703 963 1747 tenuissent,
981 1703 1094 1749 aliqui
1111 1704 1193 1739 aliis
1211 1705 1428 1739 naturaliter
1451 1704 1607 1739 fuissent
1621 1683 1866 1748 ἷῗγῃέξειεῃῐῗιῖἓῖῗιῗὲ

225 1767 263 1800 25
279 1761 447 1806 apciores
466 1761 515 1796 ad
533 1761 708 1805 regimen,
721 1767 756 1796 et
775 1761 827 1796 ita
844 1761 956 1806 aliqui
970 1762 1186 1797 naturaliter
1203 1761 1285 1797 aliis
1300 1762 1521 1807 prefuissent
1537 1773 1545 1805 ;
1573 1768 1608 1797 et
1621 1758 1687 1776 over
1699 1750 1779 1776 ‘'the‘
1791 1756 1874 1781 men3

276 1818 390 1853 michi
408 1819 554 1854 videtur
570 1819 670 1864 quod
694 1818 926 1864 presidentes
952 1819 1111 1864 amplius
1137 1819 1344 1856 dominium
1361 1831 1473 1865 quam
1497 1819 1606 1855 ceteri

276 1876 505 1911 habuissent.

60 1933 180 1965 ultimo
192 1940 224 1965 Β.
327 1935 558 1969 RICARDUS.
576 1934 637 1968 De
650 1934 721 1968 isto
735 1932 900 1969 dominio
918 1932 1087 1978 originali
1099 1934 1271 1969 ultimum
1283 1934 1383 1969 istud
1394 1945 1468 1970 non
1484 1934 1606 1980 sequi·
1620 1941 1696 1980 since
1708 1941 1771 1968 that
1783 1941 1856 1968 lord-

276 1998 346 2035 tur‚
365 1991 543 2036 quoniam
561 1991 650 2025 illud
668 1991 875 2026 dominium
893 1991 1058 2036 sequitur
1080 1991 1348 2036 ingenuitatem
1365 1999 1495 2028 nature
1512 1992 1607 2028 iuste
1620 1976 1887 2041 {ffippfgffiffigipon

224 2058 266 2089 30
279 2048 450 2094 primitus
474 2049 652 2092 institute,
670 2055 733 2084 aut
756 2048 971 2093 peccatricis
988 2055 1119 2084 nature
1142 2050 1190 2084 ad
1216 2049 1318 2085 illam
1339 2050 1607 2094 ingenuitatem
1619 2041 1773 2102 {22¹3ssssth
1784 2042 1818 2069 of

278 2106 315 2141 in
333 2106 495 2151 pluribus
513 2118 579 2151 per
594 2106 757 2151 graciam
775 2106 942 2141 restitute
957 2106 1072 2151 (iuxta
1088 2113 1305 2151 preostensa
1322 2106 1518 2152 superius),
1532 2119 1608 2142 non
1721 2094 1728 2109 ²

278 2163 517 2198 condiciones
541 2163 782 2208 consequenti
807 2170 974 2208 tempore
999 2164 1232 2200 accedentes.
1283 2165 1394 2210 Quod
1416 2165 1515 2200 enirn
1541 2165 1607 2200 ali·
1620 2169 1746 2195 whereas
1757 2168 1817 2195 rule

278 2221 340 2267 qui
358 2228 455 2265 tunc,
473 2228 512 2256 ut
529 2233 638 2265 nunc,
653 2221 809 2257 fuissent
828 2222 909 2257 aliis
927 2223 977 2257 ad
993 2223 1157 2267 regimen
1175 2223 1296 2267 magis
1315 2223 1402 2268 apti,
1420 2223 1492 2258 hoc
1508 2228 1607 2267 tunc,
1620 2203 1887 2269 ἓὲἶοᾶζὲυᾞξὲἑίῗιᾏι·

278 2286 317 2315 ut
342 2291 450 2324 nunc,
476 2292 520 2315 ex
544 2280 757 2316 diversitate
785 2281 992 2316 extrinseca
1015 2281 1197 2326 impressa
1217 2281 1446 2326 corporibus,
1468 2293 1543 2316 non
1563 2293 1608 2318 ex
1620 2270 1862 2330 {iggldsiglgssquent

225 2352 265 2384 35
281 2338 494 2373 diversitate
518 2338 701 2374 donorum
727 2338 970 2383 originalium,
989 2339 1215 2383 contigisset.
1268 2339 1423 2383 Ingenia
1447 2339 1548 2374 enim
1572 2345 1609 2374 et

279 2396 392 2430 robur
420 2406 464 2430 ac
493 2396 702 2440 pulcritudo
736 2407 933 2441 corporum
958 2397 1140 2441 ampliora
1174 2396 1212 2432 in
1241 2396 1467 2441 quibusdam
1496 2407 1610 2441 quam

279 2453 373 2497 aliis,
400 2465 471 2499 que
500 2454 672 2489 homines
698 2454 841 2499 aliquos
866 2455 915 2489 ad
940 2454 1106 2499 regimen
1132 2455 1293 2489 reddunt
1319 2454 1402 2490 aliis
1428 2454 1609 2499 apciores,

278 2522 353 2545 non
377 2511 425 2545 ab
443 2511 599 2555 origine,
618 2517 674 2546 set
691 2523 736 2547 ex
758 2523 854 2554 aere,
873 2523 982 2557 aqua,
1000 2512 1236 2548 nutrimentis
1254 2512 1377 2556 variis,
1395 2512 1610 2548 diversitate

279 2569 484 2613 regionum,
502 2569 796 2614 inpressionibus
815 2569 982 2612 diversis,
1000 2576 1036 2605 et
1054 2569 1167 2605 variis
1191 2570 1395 2606 influenciis
1414 2581 1609 2615 corporum

223 2635 267 2666 40
280 2626 470 2660 celestium
481 2626 518 2660 in
531 2627 853 2672 concepcionibus,
869 2627 906 2662 in
920 2627 1190 2670 nativitatibus,
1204 2634 1240 2662 et
1255 2627 1292 2662 in
1306 2638 1414 2662 cursu
1431 2627 1609 2662 naturalis

279 2684 479 2727 augmenti,
498 2691 618 2728 preter
635 2691 698 2721 aut
716 2686 811 2720 ultra
829 2685 1086 2720 condicionem
1100 2692 1229 2720 nature
1246 2685 1417 2730 primitus
1431 2685 1608 2727 institute,

280 2747 378 2784 tunc,
393 2747 432 2775 ut
447 2752 545 2776 nunc
565 2740 673 2786 (sicut
690 2741 862 2787 videtur),
877 2742 962 2778 licet
980 2754 1054 2777 non
1074 2743 1125 2777 ita
1143 2742 1252 2785 varie,
1268 2742 1543 2787 provenissent:
1571 2748 1607 2779 et

282 2799 330 2833 ob
359 2798 431 2833 hoc
459 2798 619 2843 primum
646 2799 824 2844 originale
853 2800 1057 2836 dominium
1085 2812 1160 2836 non
1192 2806 1410 2844 mutassent,
1438 2800 1607 2847 quamvis
