2008 3305
181 215 239 266 46
866 224 931 255 DE
966 223 1185 256 DOMINIO
1219 223 1396 255 Drero
1602 210 1707 269 [est.
1722 225 1797 253 v11.

182 346 411 406 ῖῖ-Οὲἕυὲέἐῑςιῗη
517 338 578 376 Ex
611 351 689 389 quo
718 338 895 376 videntur
924 338 1242 377 inconveniencia
1271 338 1341 375 tria
1371 337 1502 387 sequi:
1542 337 1668 386 primo
1698 335 1803 386 quod
1819 339 1911 380 [15Β

181 413 260 439 finite
270 409 656 447 magnitude7infinitum
676 421 842 459 magnus
862 415 992 458 potest
1012 421 1096 447 esse
1116 408 1299 454 mundus,
1319 408 1411 457 quia
1431 407 1544 444 simul
1564 407 1803 444 infinitorum

463 479 658 530 equalium
675 492 756 517 non
772 479 1153 517 communicancium
1169 479 1424 516 contentivus.
1473 477 1678 526 Quotquot
1698 477 1803 514 enim

463 549 571 587 Deus
596 556 725 599 potest
752 551 967 588 successive
988 549 1215 599 producere,
1236 554 1293 586 tot
1319 548 1523 586 suscitatos
1542 553 1669 597 potest
1690 546 1804 584 simul

463 620 707 667 beatificare;
743 632 822 669 quo
845 620 984 669 posito,
1009 619 1049 656 in
1075 632 1159 657 esse
1189 619 1286 656 foret
1314 618 1483 656 mundus
1512 617 1682 654 infinitus
1713 616 1835 658 sim-5

465 690 611 740 pliciter
627 702 959 739 quaquaversum:
989 690 1096 739 quod
1117 702 1300 739 suppono
1321 688 1560 738 impossibile
1581 687 1805 737 simpliciter

385 776 414 794 a·
465 773 514 798 ex
535 760 625 798 alibi
645 760 857 798 declaratis.
917 760 956 797 Si
976 761 1080 798 enim
1101 767 1158 798 tot
1179 759 1357 797 homines
1377 758 1632 808 septipedales
1653 758 1803 795 incom-

464 831 707 869 municantes
726 830 852 869 forent
872 831 912 867 in
932 838 1066 879 quarta
1089 830 1226 867 mundi
1246 829 1419 867 orientali
1439 835 1534 878 quot
1555 834 1643 865 sunt
1663 834 1806 877 puncta

464 902 504 938 in
530 908 664 939 nostra
691 906 827 951 quarta
854 913 959 939 nunc
987 900 1035 938 de
1062 900 1175 945 facto,
1197 906 1233 938 et
1261 900 1315 937 sic
1343 900 1390 937 de
1416 900 1538 936 tribus
1558 898 1640 936 aliis
1660 898 1806 947 quartis

464 972 612 1018 mundi,
645 971 771 1009 adhuc
806 977 957 1009 tantum
991 971 1117 1009 forent
1150 970 1245 1008 finiti
1279 970 1457 1008 homines
1488 971 1581 1007 sicut
1610 970 1688 1007 iam
1718 974 1806 1006 sunt
1821 975 1861 996 10

465 1049 616 1080 tantum
654 1042 761 1079 finita
798 1048 943 1090 puncta
982 1042 1264 1079 constituencia
1305 1041 1450 1079 molem
1490 1040 1649 1078 mundi:
1700 1051 1806 1088 ergo,

466 1125 556 1151 cum
590 1112 660 1150 hec
695 1124 776 1150 non
810 1112 898 1149 sinit
931 1112 1080 1161 primus
1112 1123 1297 1148 numerus
1336 1117 1496 1160 propter
1530 1109 1808 1148 inconveniens

466 1183 717 1233 implicatum,
758 1182 881 1219 multo
925 1182 1050 1231 magis
1089 1194 1170 1219 non
1210 1182 1350 1219 sineret
1388 1193 1471 1219 esse
1509 1187 1567 1218 tot
1605 1187 1643 1218 et
1680 1185 1809 1217 tantos

394 1267 418 1292 b.
466 1254 646 1291 homines
665 1252 910 1290 multitudine
935 1253 1118 1290 infinitos.
1176 1252 1360 1289 Secundo
1388 1251 1638 1289 confirmatur
1659 1262 1707 1287 ex
1731 1249 1807 1287 hoc

467 1325 586 1375 quod,
626 1325 754 1374 posita
800 1324 1007 1362 hominum
1054 1323 1299 1360 multitudine
1346 1323 1505 1369 infinita,
1549 1322 1677 1359 adhuc
1726 1332 1807 1359 non
1823 1332 1861 1364 15

467 1395 619 1442 valeret,
637 1395 711 1433 nisi
732 1395 893 1445 quilibet
912 1406 1049 1432 eorum
1069 1401 1202 1444 posset
1222 1394 1423 1432 hominem
1445 1393 1662 1442 producere
1690 1404 1808 1442 quem

467 1466 666 1505 actualiter
686 1478 766 1504 non
792 1465 993 1514 producit;
1029 1471 1066 1502 et
1093 1465 1148 1505 sic
1176 1465 1361 1514 possibile
1387 1470 1488 1501 esset
1514 1463 1593 1501 fore
1621 1462 1810 1500 infinieies

470 1537 655 1581 infinitos,
669 1548 761 1585 ymo
779 1536 969 1573 infinicies
990 1535 1180 1573 infinicies
1200 1535 1384 1580 infinitos,
1402 1541 1440 1571 et
1459 1534 1514 1571 sic
1536 1534 1575 1570 in
1596 1533 1809 1570 infinitum:

401 1629 422 1647 c.
471 1620 564 1657 ymo
602 1608 733 1653 tercio,
763 1605 887 1645 cum*
922 1619 1004 1645 non
1045 1607 1093 1645 sit
1122 1607 1213 1644 dare
1243 1618 1381 1644 omnes
1413 1617 1513 1655 quos
1543 1604 1651 1642 Deus
1683 1608 1851 1653 potestO

470 1678 697 1727 producere,
714 1677 822 1727 quod
842 1684 944 1715 esset
963 1677 1070 1727 quod
1083 1690 1164 1715 non
1181 1677 1229 1714 sit
1249 1677 1340 1714 dare
1356 1688 1494 1713 omnes
1510 1687 1609 1725 quos
1624 1674 1809 1712 terminus
1825 1686 1864 1708 20

471 1749 674 1797 significat,
697 1755 735 1786 et
754 1761 822 1798 per
842 1760 1090 1798 consequens
1119 1760 1192 1786 nec
1220 1747 1541 1785 communitatem
1561 1746 1619 1783 vel
1645 1745 1810 1794 gradum

472 1819 732 1857 inferioritatis
748 1824 813 1856 aut
830 1818 1108 1868 superioritatis
1127 1818 1281 1856 termini
1297 1818 1590 1866 cuiuscumque,
1609 1828 1682 1854 nec
1703 1827 1812 1856 com-

472 1890 820 1927 municabilitatem
847 1889 1061 1926 maximam
1089 1889 1243 1938 speciei,
1265 1896 1401 1926 contra
1425 1888 1515 1925 alibi
1545 1886 1810 1924 determinata.

472 1959 590 1998 Unde
610 1960 758 1998 videtur
777 1959 885 2010 quod
914 1960 962 1997 sit
992 1959 1083 1997 dare
1112 1971 1335 1997 mensuram
1363 1958 1534 1996 mediam
1564 1958 1661 1994 inter
1688 1969 1810 2006 quan-

472 2032 620 2069 titatem
650 2031 738 2068 fabe
767 2038 805 2068 et
834 2030 1144 2080 magnitudinem
1178 2030 1378 2075 infinitam,
1412 2035 1598 2078 tanquam
1632 2028 1710 2065 duo
1744 2039 1809 2064 ex·
1825 2041 1863 2073 25

472 2108 597 2139 trema
630 2101 1039 2151 improporcionabilia
1072 2100 1167 2138 moli
1200 2100 1348 2147 mundi,
1381 2100 1420 2136 in
1449 2111 1526 2149 qua
1555 2110 1736 2135 mensura
1765 2097 1811 2135 sit

474 2172 667 2221 optimum
701 2172 891 2209 mundum
929 2171 1035 2220 poni,
1070 2178 1108 2209 et
1147 2171 1201 2209 sic
1241 2171 1289 2208 de
1328 2182 1492 2207 numero
1527 2168 1811 2206 individuorum

475 2242 677 2281 cuiuslibet
698 2243 851 2292 speciei.
907 2242 957 2279 Et
983 2254 1073 2279 cum
1100 2241 1209 2279 Deus
1238 2241 1386 2278 infinite
1417 2240 1610 2290 sapiencie
1639 2238 1812 2288 disponit

474 2315 597 2351 omnia
627 2314 666 2349 in
696 2326 880 2359 mensura,
902 2325 1062 2359 numero,
1084 2317 1119 2349 et
1134 2313 1309 2362 pondere,
1330 2311 1644 2361 philosophicum
1663 2310 1811 2347 videtur

474 2396 621 2434 ponere
645 2384 752 2434 quod
772 2383 880 2420 Deus
902 2384 1035 2420 omnia
1056 2383 1109 2421 sic
1130 2383 1259 2432 posuit
1279 2383 1318 2419 in
1339 2383 1500 2419 effectu:
1541 2381 1607 2426 sic,
1623 2380 1809 2424 videlicet,
1824 2390 1864 2421 30

475 2455 594 2505 quod,
617 2455 649 2492 si
670 2454 955 2503 superadderet,
975 2453 1073 2491 foret
1093 2461 1323 2499 monstrum,
1343 2459 1380 2491 et
1404 2454 1436 2491 si
1456 2452 1695 2496 diminueret,
1715 2450 1811 2488 foret

474 2525 620 2563 fabrica
640 2525 835 2563 defectiva.

530 2596 592 2634 Ex
613 2597 753 2646 quibus
772 2595 1020 2645 probabiliter
1039 2594 1140 2633 credi
1162 2600 1289 2644 potest
1308 2594 1425 2644 quod,
1443 2593 1474 2632 si
1494 2593 1602 2631 Deus
1622 2590 1811 2629 mundum

475 2666 709 2716 produxerit,
744 2673 836 2704 tunc
869 2666 996 2716 ipsum
1029 2665 1221 2702 mundum
1255 2672 1292 2703 et
1326 2665 1458 2702 omnia
1496 2675 1571 2713 que
1606 2668 1694 2700 sunt
1729 2661 1811 2699 eius

913 2762 953 2777 21.
975 2752 1128 2784 significat
1142 2751 1218 2777 AC:
1238 2751 1338 2783 szgrnat
1352 2750 1383 2776 B.

1003 2823 1052 2854 29.
1078 2814 1152 2854 Sap.
1173 2813 1214 2843 xi.
1237 2822 1286 2844 21.
