2095 3278
44 214 128 242 CAP.
152 199 287 257 xxvi]
582 209 645 239 DE
680 208 919 240 PAUPERIE
953 204 1265 239 SALVATORIS.
1783 198 1863 241 319

162 318 246 359 [110
259 314 376 348 iustos
404 317 439 347 et
464 313 633 357 iniustos,
662 325 735 347 non
765 312 909 347 videtur
937 321 1138 355 congruere
1166 308 1364 354 quicquam
1391 305 1497 341 alicui
1524 305 1586 339 do-

260 378 388 406 natum
404 371 452 405 ab
470 382 514 406 eo
533 372 748 406 subtrahere
766 362 842 405 sive
858 376 1035 414 repetere.

2 468 4 478 R
307 431 393 464 RIC.
422 429 649 464 Liberalitati
678 429 761 472 Dei,
783 440 827 463 eo
853 428 953 473 quod
980 427 1073 470 talis,
1098 425 1187 460 illud
1213 435 1289 459 non
1316 422 1504 467 congruit3
1533 427 1587 456 set

43 494 181 535 exigant
194 500 224 522 B.
260 487 405 522 iusticia
431 487 508 522 eius
535 494 570 522 et
595 487 743 522 bonitas
769 486 805 521 in
824 497 913 520 casu
939 485 1011 519 hoc
1032 484 1192 528 exigunt,
1212 482 1361 525 scilicet,
1379 492 1463 515 curn
1483 480 1513 514 is
1531 479 1588 514 cui

2 537 5 547 ξ
229 558 245 589 5
260 552 343 580 sunt
361 546 461 580 bona
478 546 611 580 collata
628 545 681 580 eis
699 545 861 580 abutitur
876 555 884 588 3
913 543 1087 588 quoniam
1099 548 1185 577 tunc
1200 540 1369 585 congruit
1384 538 1590 573 remedium

260 602 441 646 adhiberi,
459 603 558 647 quod
577 614 720 637 summe
738 602 886 647 sapiens
906 600 1025 636 ordini
1045 600 1177 634 domus
1197 610 1272 641 sue,
1292 597 1441 640 scilicet,
1460 595 1589 630 mundi

260 661 389 704 tocius,
416 661 518 695 novit
548 660 666 705 magis
695 671 924 704 congruere:
963 658 1062 693 unde
1092 668 1176 692 cum
1207 667 1273 691 sua
1298 656 1398 690 dona
1423 666 1445 689 a
1469 653 1592 689 taliter

261 719 436 753 abutente
463 717 656 760 subtrahit,
675 718 748 752 fide
774 716 926 751 indubia
946 722 1070 751 tenere
1094 715 1272 750 debemus
1293 713 1392 758 quod
1411 712 1464 747 sic
1481 722 1591 755 agere

261 787 325 811 sue
351 775 485 810 domus
511 775 630 810 ordini
657 774 931 819 elegantissime
956 780 1067 819 atque
1100 772 1301 808 iustissime
1335 769 1591 806 conservando

209 844 248 866 10
260 834 332 868 hoc
360 833 551 878 congruit3
590 839 626 868 et
652 843 917 878 nonnunquam
951 832 1072 867 taliter
1101 830 1260 876 spoliati,
1289 829 1382 864 sicut
1413 828 1590 872 Nabugo-

261 892 420 926 donosor
437 898 473 926 et
489 891 561 935 alii,
581 897 732 936 propter
747 890 1009 936 repeticionem
1026 889 1135 924 huius
1157 888 1403 932 corriguntur.
1455 888 1498 920 In
1517 897 1590 931 quo

260 960 348 983 casu
374 949 542 984 clarescit
568 949 681 984 talem
706 948 970 994 repeticionem
997 946 1183 982 salvatrici
1209 945 1367 981 bonitati
1395 944 1529 987 divine,
1551 949 1590 978 ut

5 1014 7 1018 ⁴
44 1006 183 1037 volentes
199 1013 237 1036 M·
259 1007 365 1042 aliter
397 1009 566 1042 nolentes
596 1006 725 1051 corrigi
759 1006 999 1050 corrigantur,
1033 1011 1069 1040 et
1101 1005 1179 1039 eius
1214 1003 1412 1047 dulcedini,
1447 1008 1591 1037 servata

44 1066 97 1098 Ps.
114 1066 198 1097 xxiv.
217 1067 246 1101 8,
260 1064 490 1109 rectitudine,
510 1064 729 1099 convenire:
757 1064 855 1099 unde
881 1064 1020 1098 dictum
1046 1062 1226 1105 existimo,
1252 1062 1388 1096 Dulcis
1413 1065 1448 1095 et
1471 1063 1592 1095 rectus

210 1130 247 1162 15
261 1123 477 1164 Domz'nus;
509 1125 669 1167 propter
698 1123 764 1156 laec
796 1123 912 1167 legem
954 1121 1058 1155 dabit
1091 1120 1391 1165 delinquentibus
1430 1120 1473 1153 z‘n
1512 1119 1592 1152 via.

261 1182 367 1216 Tolle
383 1179 581 1224 maliciam,
600 1187 636 1215 et
652 1180 917 1225 repeticionem
935 1179 1146 1214 huiusmodi
1170 1190 1244 1213 non
1262 1177 1406 1213 videbis
1422 1188 1430 1221 ;
1455 1188 1526 1211 nec
1544 1176 1592 1210 ab

262 1238 400 1282 origine
427 1238 554 1272 mundi
582 1238 756 1283 repeticio
785 1238 868 1272 talis
898 1238 994 1272 facta
1023 1237 1162 1281 fuisset,
1191 1237 1220 1271 si
1248 1247 1438 1281 nunquam
1461 1234 1593 1279 aliquis

262 1296 500 1341 deliquisset:
540 1297 639 1331 unde
664 1296 882 1331 exercicium
908 1295 1017 1330 huius
1047 1302 1150 1330 actus
1177 1294 1292 1329 divini
1319 1293 1472 1329 dominii
1498 1304 1594 1327 nun-

262 1365 374 1399 quam
400 1354 644 1399 omnipotenti
670 1353 836 1388 Domino
862 1353 1110 1396 convenisset,
1136 1352 1206 1387 nisi
1234 1352 1407 1388 delictum
1431 1350 1594 1386 hominis

211 1424 250 1445 20
263 1411 525 1456 precessisset3
551 1418 676 1446 tamen
701 1412 736 1446 in
763 1411 862 1446 omni
887 1422 976 1446 casu
1006 1417 1110 1446 actus
1135 1410 1219 1445 talis
1246 1416 1350 1445 actus
1378 1409 1493 1445 divini
1527 1409 1593 1443 do-

262 1469 376 1514 minii,
394 1476 572 1515 tanquam
591 1469 660 1505 sibi
678 1469 877 1515 possibilis,
895 1469 1101 1514 computari
1119 1469 1250 1504 merito
1269 1468 1466 1504 debuisset.

312 1586 543 1619 IOHANNES.
572 1585 688 1629 Perge
709 1584 872 1628 ulterius,
891 1591 926 1619 et
949 1585 995 1619 de
1012 1583 1230 1619 vendicione
1248 1583 1415 1626 ostende,
1430 1583 1461 1618 si
1479 1582 1593 1626 vales,
1609 1582 1752 1616 XXVI.

263 1642 419 1688 qualiter
453 1644 537 1677 Deo
566 1642 788 1678 conveniat:
826 1642 895 1678 etsi
923 1642 1024 1677 enim
1057 1642 1180 1687 quoad
1213 1641 1595 1677 communicacionem
1609 1644 1746 1681 OfGod’s
1758 1642 1859 1676 selling

263 1701 417 1736 dominii
448 1701 502 1736 sui
531 1700 567 1735 in
597 1702 753 1736 alterum
781 1713 856 1736 non
885 1707 1064 1746 repugnet
1091 1701 1159 1736 sibi
1185 1700 1368 1743 vendicio,
1395 1700 1489 1735 sicut
1524 1699 1594 1734 sibi
1608 1678 1664 1704 and
1678 1678 1792 1710 buymg'

211 1770 249 1802 25
265 1758 423 1794 donacio
455 1770 531 1793 non
563 1765 744 1804 repugnat
781 1758 879 1803 (cum
905 1759 1063 1794 vendere
1087 1759 1292 1794 secundum
1318 1769 1468 1794 sensum
1493 1757 1596 1793 verbi

264 1816 312 1852 sit
327 1828 464 1851 venum
490 1817 591 1860 dare,
610 1823 645 1852 et
671 1828 810 1852 venum
836 1816 1096 1852 indeclinabile
1123 1817 1221 1852 idern
1247 1816 1293 1852 sit
1319 1817 1418 1862 quod
1441 1816 1594 1860 venale;

39 1879 153 1924 prete-r
169 1883 208 1907 B:
263 1874 362 1909 unde
379 1874 538 1909 vendere
564 1881 688 1919 preter
712 1876 876 1921 recipere
898 1875 1011 1910 nichil
1028 1875 1188 1920 amplius
1206 1876 1318 1910 habet
1336 1887 1446 1920 quam
1465 1873 1568 1919 dare)
1585 1886 1593 1919 ;

11 1942 13 1974 ;
39 1923 232 1992 ξέξῖἆνε·
263 1939 388 1967 tamen
402 1944 476 1967 non
493 1932 602 1968 'video
620 1933 775 1978 qualiter
792 1934 873 1979 quis
893 1945 972 1969 rem
990 1934 1094 1969 cuius
1116 1940 1172 1969 est
1191 1933 1362 1969 dominus
1379 1934 1490 1979 pleno
1508 1933 1595 1976 iure,

49 2005 145 2036 deum
162 1987 228 2038 ΟΞΠ,
264 1990 367 2026 sicuti
387 1991 511 2026 Deum
536 1991 703 2026 omnium
724 2003 846 2026 rerum
873 1992 1065 2027 dominum
1088 1998 1233 2027 constat
1258 2004 1351 2036 esse,
1377 2003 1444 2037 pro
1470 1991 1595 2037 precio

12 2086 15 2100 ἑ
48 2055 87 2079 Μ.
263 2048 380 2094 possit
398 2048 571 2094 recipere,
590 2061 674 2084 cum
691 2061 764 2084 non
783 2050 917 2085 debeat
938 2050 992 2095 (ut
1010 2049 1121 2085 michi
1141 2050 1299 2094 videtur)
1318 2049 1484 2095 precium
1500 2061 1595 2085 nun-

13 2131 15 2133 ·
47 2101 241 2153 dlsslf‘nmnff
265 2106 391 2152 cupari
409 2107 497 2141 illud
516 2108 615 2152 quod
632 2118 820 2153 nunquam
838 2108 909 2142 nisi
928 2108 974 2143 de
993 2107 1150 2153 propriis
1168 2108 1275 2143 bonis
1294 2109 1453 2144 offertur.

12 2173 15 2216 j
46 2145 252 2219 Ξῗὲζῖἕὲῃῖἷ
312 2166 541 2200 RICARDUS.
592 2166 652 2200 De
686 2166 906 2201 vendicione
947 2178 1035 2211 ergo
1074 2178 1150 2201 non
1193 2167 1352 2212 ambigis
1386 2167 1474 2212 quin
1512 2168 1596 2202 Deo

49 2231 105 2262 niz·
120 2239 160 2262 Μ,
266 2224 473 2267 conveniat,
498 2223 570 2259 nisi
596 2231 778 2270 quatenus
803 2225 974 2260 vendicio
1005 2236 1089 2260 cum
1114 2225 1309 2271 empcione
1333 2225 1596 2269 communicat,

48 2294 152 2325 nunq.
170 2285 241 2316 nisi
267 2278 416 2322 scilicet,
435 2278 472 2313 in
498 2279 711 2324 recipiendo
737 2292 815 2315 rem
833 2291 963 2324 suam;
996 2280 1173 2325 quoniam
1199 2281 1294 2316 bene
1318 2292 1466 2315 sensum
1491 2281 1595 2316 verbi

14 2367 17 2376 ,
49 2335 100 2359 M:
125 2329 193 2359 cuz·-
264 2336 493 2371 vendicionis
519 2337 695 2382 advertis,
722 2338 874 2383 scilicet,
901 2339 1001 2384 quod
1027 2350 1100 2373 non
1126 2344 1182 2374 est
1208 2338 1278 2373 nisi
1305 2350 1441 2374 venum
1474 2340 1594 2383 dacio,

15 2391 17 2433 ξ
48 2379 197 2452 ΞζέἴῑΜῙῗ”
265 2394 418 2438 scilicet,
438 2394 545 2430 dacio
570 2395 621 2430 rei
649 2396 865 2442 cuiusquam
890 2408 957 2442 pro
982 2396 1115 2442 precio,
1135 2397 1227 2432 sicut
1251 2408 1318 2432 nec
1336 2397 1479 2442 empcio
1496 2399 1596 2433 aliud

14 2453 19 2481 ·ῐ’
48 2465 117 2496 leue
134 2472 165 2498 Β,
183 2447 190 2454 '
265 2452 378 2487 habet
397 2452 433 2487 in
451 2464 561 2488 sensu
580 2464 691 2498 quam
716 2454 767 2489 rei
794 2454 1011 2499 cuiusquam
1036 2454 1323 2500 acquisicionem
1350 2466 1417 2500 pro
1445 2455 1594 2500 preci03

265 2517 320 2545 set
345 2518 514 2556 respectu
539 2512 591 2547 rei
617 2518 742 2557 empte
769 2519 804 2548 et
830 2519 1000 2557 respectu
1026 2512 1077 2547 rei
1104 2512 1253 2547 vendite
1278 2512 1359 2558 ipsa
1384 2513 1458 2548 duo
1483 2515 1597 2549 verba

265 2578 285 2602 e
304 2568 489 2603 contrario
506 2569 645 2605 habent
668 2581 811 2605 sensus.
862 2570 1096 2615 Inquiramus
1114 2569 1226 2615 igitur
1243 2569 1351 2606 simul
1370 2571 1415 2607 de
1432 2571 1597 2617 utrisque

209 2641 253 2673 40
265 2637 309 2661 ex
327 2626 440 2661 sacris
459 2626 668 2673 Scripturis.

314 2686 405 2719 IOH.
431 2685 493 2720 Sic
511 2686 574 2721 fiat

218 2753 251 2782 D
313 2743 399 2778 RIC.
427 2744 532 2779 Deus
549 2745 712 2789 precium
730 2751 852 2780 nostre
872 2744 891 2766 ’¹‘
910 2745 1181 2790 redempcionis
1198 2746 1351 2791 accepit,
1365 2757 1450 2781 cum
1469 2746 1592 2782 Chris·
1608 2750 1673 2778 God
1691 2750 1819 2777 received

263 2805 323 2836 tus
348 2811 415 2846 pro
439 2801 548 2837 nobis
574 2813 614 2838 se
640 2802 760 2848 ipsum
784 2803 915 2848 optulit
942 2805 1023 2839 Deo
1052 2804 1162 2848 Patri,
1181 2803 1231 2839 ita
1256 2810 1295 2839 ut
1320 2804 1454 2840 Paulus
1481 2784 1853 2851 dicat‚‡2¹0‘1³e¹1³1{}‚⁰t‘1³032f⁰¹²¹
