2008 3305
270 200 356 229 CAP.
381 189 448 242 11.]
699 197 845 229 LIBER
877 197 1144 230 SECUNDUS.

156 317 249 359 620]
265 313 362 351 sicut
375 313 466 351 alias
480 312 677 359 declaravi,
693 312 831 350 falsum
846 319 903 350 est
915 320 952 350 et
967 313 1201 351 infundabile
1217 313 1323 363 quod
1338 313 1413 351 hoc
1429 315 1588 352 verbum

262 387 316 420 est
340 383 527 433 significat
551 383 762 421 successive
786 384 966 422 continue
995 396 1138 422 novum
1160 397 1318 434 presens
1344 391 1380 422 et
1408 386 1589 434 preterito

262 454 429 503 presenti
449 454 632 492 continue
653 453 880 491 decidendo.
924 453 1016 491 Non
1038 455 1141 491 enim
1161 461 1218 492 est
1237 455 1284 493 de
1304 456 1457 493 racione
1477 455 1588 493 huius

262 524 365 562 verbi
404 524 667 562 substancialis
714 524 820 573 quod
867 531 1051 562 connotet
1089 525 1252 574 quodvis
1298 532 1468 575 tempus;
1520 526 1588 564 sed

230 605 248 634 5
263 594 293 632 si
314 594 367 632 sic
387 593 499 632 faciat
528 594 601 632 hoc
627 600 684 631 est
712 607 780 643 per
799 595 1070 643 operacionem
1100 595 1313 633 intellectus
1334 596 1587 646 concipientis

260 665 533 714 particulariter
547 671 672 714 preter
686 665 1013 713 significacionem
1025 666 1141 703 verbo
1157 666 1334 715 primarie
1350 666 1585 716 deputatam:

259 741 296 772 et
326 741 416 773 tunc
451 735 652 784 negabitur
686 734 791 784 quod
821 741 972 785 tempus
1002 748 1086 773 esse
1118 736 1162 773 sit
1201 737 1418 774 communis
1449 738 1586 775 veritas

257 816 418 842 manens
445 812 639 854 perpetuo.

1785 191 1865 247 183

311 874 361 912 Et
380 881 484 924 patet
509 874 614 924 quod
635 875 751 913 tercia
771 875 906 913 veritas
933 875 1081 914 duabus
1101 876 1291 925 prioribus
1317 875 1363 914 sit
1383 888 1558 914 connexa
1573 890 1582 923 3
1596 887 1658 915 The
1671 889 1748 916 three
1760 889 1854 918 truths

1595 932 1643 949 are
1656 923 1722 950 thus
1733 933 1798 950 con-

207 961 247 983 10
257 957 362 995 ymo,
384 945 552 995 quelibet
572 946 706 983 veritas
727 946 786 983 vel
814 946 1032 984 immediate
1052 947 1111 985 vel
1130 948 1294 985 mediate
1324 948 1397 985 alia
1417 960 1584 986 connec—
1597 957 1819 991 nectedinsepa-

257 1016 346 1053 titur
369 1016 523 1053 cuilibet
551 1016 809 1064 assignande;
839 1028 929 1054 cum
956 1016 1043 1055 Deo
1071 1018 1197 1067 posito
1227 1029 1315 1055 cum
1341 1018 1417 1055 suis
1444 1018 1585 1056 eternis

256 1086 468 1124 intrinsecis
489 1086 658 1135 sequitur
677 1085 884 1124 formaliter
904 1087 1101 1137 quodlibet
1122 1095 1319 1138 posterum
1335 1101 1467 1126 verum
1489 1101 1585 1127 esse.

258 1156 333 1194 Sed
362 1157 614 1194 scienciarum
640 1169 684 1194 ac
715 1157 949 1195 volicionum
985 1165 1202 1196 eternarum
1232 1159 1272 1195 in
1302 1159 1390 1197 Deo
1416 1160 1585 1209 quedam

255 1234 344 1265 sunt
355 1227 622 1276 contingentes
634 1234 671 1265 et
686 1239 765 1265 non
778 1228 1018 1277 temporales,
1036 1241 1110 1278 que
1127 1213 1340 1267 secu'ndum
1355 1231 1583 1277 subiectum,

204 1309 242 1341 15
257 1297 360 1347 quod
382 1297 489 1335 Deus
515 1304 581 1344 est,
605 1303 764 1335 causant
783 1303 984 1344 creaturas,
1006 1311 1082 1348 que
1106 1299 1207 1348 ipsas
1227 1300 1433 1337 terminant
1455 1301 1584 1339 obiec-

207 1373 240 1401 D
255 1368 339 1414 tive,
348 1374 384 1406 et
397 1369 608 1406 secundum
622 1367 855 1405 relacionem
865 1366 882 1386 *
892 1369 1069 1414 racionis,
1079 1381 1195 1419 quarn
1208 1370 1349 1408 debent
1362 1370 1584 1418 formaliter,

253 1440 303 1476 ab
326 1438 471 1476 eisdem
495 1438 663 1476 terminis
689 1445 947 1476 recausantur.
1005 1439 1109 1477 Nam
1130 1441 1169 1477 in
1196 1440 1353 1478 diversis
1378 1442 1583 1490 generibus

252 1509 367 1547 docet
397 1508 630 1554 Aristoteles,
661 1509 831 1546 secundo
871 1508 1121 1556 Phisicorum,
1157 1518 1381 1550 commento
1412 1524 1512 1558 xxx„
1545 1518 1582 1549 et

252 1579 387 1628 quinto
419 1578 709 1627 Methaphisice‚
739 1579 786 1625 ii.,
819 1579 945 1628 aliqua
977 1592 1017 1617 se
1047 1592 1206 1618 causare
1242 1581 1460 1630 reciproce3
1492 1582 1582 1632 quia

202 1667 242 1690 20
254 1649 372 1696 aliter,
393 1661 481 1687 cum
501 1661 616 1687 omne
642 1656 839 1687 causatum
859 1649 975 1687 habet
996 1651 1231 1699 completam
1251 1663 1410 1689 causam
1436 1653 1475 1689 in
1494 1659 1582 1690 actu

252 1732 300 1757 ex
320 1731 397 1768 qua
416 1719 623 1757 formaliter
642 1720 810 1769 sequitur
830 1720 955 1769 ipsum
975 1733 1069 1766 esse,
1084 1722 1210 1759 omnis
1230 1722 1388 1761 effectus
1408 1724 1581 1762 absolute

252 1790 468 1828 necessario
497 1790 682 1828 eveniret:
715 1802 803 1828 cum
829 1798 959 1828 tamen
988 1798 1146 1829 econtra
1175 1792 1231 1839 sit,
1262 1793 1446 1840 videlicet,
1476 1794 1582 1845 quod

252 1872 409 1898 omnem
422 1868 630 1898 creaturam
644 1861 1043 1910 contingentissimum
1057 1863 1105 1899 ad
1120 1864 1341 1901 utrumlibet
1355 1865 1402 1902 sit
1414 1865 1581 1910 fore‚ex-

251 1931 373 1977 istere,
389 1937 425 1968 et
439 1930 566 1976 fuisse,
580 1931 669 1980 quia
688 1943 804 1969 omne
818 1944 931 1981 posse
951 1933 1217 1982 contingeneie
1232 1934 1272 1970 in
1286 1933 1374 1972 Deo
1388 1935 1579 1982 fundatur,

199 2020 214 2042 2
220 2021 237 2052 5
252 2002 318 2051 qui
347 2014 443 2051 eque
463 2001 578 2039 libere
598 2014 642 2039 ac
661 2001 819 2039 faciliter
842 2009 968 2051 potest
996 2003 1035 2039 in
1065 2004 1289 2052 oppositum
1317 2005 1580 2056 cuiuscunque

250 2072 507 2120 contingentis
537 2072 634 2109 sicut
653 2072 692 2109 in
712 2073 933 2121 oppositum
961 2073 1120 2111 alieuius
1132 2087 1142 2120 ,·
1172 2080 1277 2123 patet
1298 2076 1403 2125 quod
1423 2077 1521 2114 sicut
1540 2078 1580 2115 in

252 2143 429 2180 absoluta
461 2143 686 2181 necessitate
719 2143 849 2193 quoad
879 2155 959 2181 non
993 2156 1118 2193 posse,
1151 2146 1205 2182 sic
1236 2146 1276 2183 in
1310 2148 1579 2196 contingencia

252 2213 380 2262 quoad
408 2225 522 2262 posse
551 2213 690 2250 sistitur
709 2213 922 2251 indivisibili
952 2215 1031 2252 sine
1051 2215 1184 2263 gradu.
1245 2216 1341 2253 Sunt
1360 2224 1490 2255 autem
1510 2231 1579 2256 ne-

250 2283 458 2320 cessarium
497 2295 544 2320 ex
584 2284 857 2333 supposicione
896 2286 1206 2323 concomitancia
1249 2288 1465 2325 secundum
1501 2301 1577 2338 que

197 2370 239 2401 30
251 2354 408 2402 suscipit
449 2353 535 2403 plus
577 2360 614 2391 et
661 2354 800 2400 minus,
838 2361 878 2391 ut
925 2355 1157 2401 durabilitas,
1197 2357 1385 2406 prioritas,
1424 2359 1576 2406 utilitas,

250 2424 413 2471 coactio,
442 2424 718 2470 inevitabilitas,
750 2431 821 2462 etc.
878 2424 993 2462 Unde
1031 2426 1094 2463 illa
1132 2427 1311 2465 dicuntur
1342 2429 1577 2479 quandoque

249 2494 509 2532 necessariora
542 2507 615 2544 que
649 2502 737 2532 sunt
770 2495 999 2533 durabiliora
1030 2496 1159 2545 quoad
1190 2497 1448 2536 intencionem
1487 2500 1572 2547 Dei,

248 2564 525 2613 principaliora,
547 2565 708 2610 utiliora,
729 2565 787 2602 vel
813 2566 998 2603 maiorem
1019 2567 1279 2613 coaccionem,
1301 2568 1573 2618 indigenciam,

283 2648 306 2664 2.
319 2640 437 2670 presens
445 2638 508 2665 AC:
524 2640 612 2671 prius
622 2640 653 2666 B.
723 2649 745 2672 3.
759 2640 847 2666 huius
857 2640 893 2665 B:
905 2640 1118 2666 huiusmodi&
1124 2641 1164 2673 (in
1173 2642 1243 2675 mg.)
1252 2642 1288 2668 C:
1301 2652 1355 2669 om.
1365 2644 1411 2669 A1.
1483 2655 1506 2678 9.
1518 2647 1576 2675 HEt

242 2674 327 2704 patet
342 2672 363 2696 B
375 2672 392 2697 f.
408 2681 457 2703 240
469 2680 492 2697 c.
591 2682 629 2705 17.
648 2676 844 2699 recausantur
857 2674 898 2699 B:
918 2682 1073 2700 recausare
1085 2675 1110 2700 A
1120 2675 1152 2702 C.
1248 2677 1286 2702 18.
1304 2686 1383 2703 xxx.
1400 2678 1439 2703 B:
1460 2687 1490 2711 31
1505 2680 1571 2706 AC.

250 2714 291 2737 32.
310 2707 506 2731 necessariora
520 2706 560 2731 B:
581 2706 676 2732 miora
688 2707 732 2732 A:
750 2711 846 2732 mibra
859 2707 890 2733 C.

297 2751 344 2780 18.
370 2749 468 2781 Arist.
495 2750 591 2791 Phys.
608 2751 641 2782 ii.
662 2761 680 2790 3
704 2762 736 2793 p.
757 2760 815 2792 195
829 2762 859 2782 α.
885 2753 903 2782 8
922 2752 1049 2790 (Averr.
1067 2762 1184 2783 comm.
1205 2763 1255 2793 30,
1274 2755 1373 2786 Arist.
1392 2756 1480 2798 Opp.
1498 2768 1572 2789 cum

249 2794 362 2825 Averr.
379 2803 496 2825 comm.
513 2804 534 2834 4
549 2794 569 2825 f.
590 2804 627 2836 29
645 2796 717 2835 A.);
743 2795 890 2836 Metaph.
910 2796 951 2827 iv.
973 2796 1037 2836 (v.)
1058 2806 1072 2827 2
1093 2807 1124 2837 p.
1144 2805 1224 2837 1013
1239 2797 1265 2829 b.

1597 990 1687 1023 rably.
