2095 3278
196 176 280 230 326

211 2128 261 2154 the
273 2127 348 2161 price
361 2127 428 2160 paid

213 2162 236 2188 is
253 2168 302 2187 not
315 2162 367 2188 lost
381 2162 419 2194 by
431 2161 479 2188 the

212 2204 310 2228 payer.

353 1958 476 1993 XXX.

213 2025 247 2054 In
261 2026 347 2054 God’s
360 2026 478 2060 buying,

860 180 1066 217 R1cARn1
1098 178 1401 215 ARMACHANI
1874 165 1974 222 [Lm.
1990 177 2019 207 1.

476 298 560 321 cum
586 298 653 332 per
677 285 965 332 acquisicionem
990 285 1144 321 alicuius
1171 284 1259 320 iuris
1287 282 1390 319 Deus
1416 282 1610 328 adquirere
1635 292 1712 317 rem
1730 291 1805 315 non
1821 284 1917 326 [13A

475 346 603 390 possit,
631 356 714 379 cum
740 344 855 379 nichil
881 344 988 379 civile
1014 345 1219 378 humanum
1244 349 1422 387 congruat
1450 341 1627 384 Creatori,
1654 340 1805 374 omnino

475 402 711 447 consequitur
723 401 823 446 quod
840 413 906 446 per
923 402 1161 436 amissionem
1176 408 1238 435 aut
1253 399 1556 434 imminucionem
1571 397 1648 433 sive
1660 396 1807 441 restric-

476 460 620 495 cionem
645 460 682 494 in
708 460 781 494 alio
806 459 960 494 alicuius
986 459 1075 494 iuris
1102 460 1160 494 vel
1183 458 1275 493 tituli
1300 466 1364 493 seu
1387 457 1440 492 rei
1463 455 1642 501 acquisite
1665 467 1687 490 a
1711 455 1806 494 Deo,
1820 460 1878 494 in:
1905 471 1979 493 cum
1994 466 2024 492 Β,

478 519 583 552 Deus
610 529 689 552 rem
715 518 762 552 de
787 526 884 552 novo
910 517 1100 562 acquirat3
1142 516 1293 559 scilicet,
1320 527 1364 550 ex
1393 515 1465 550 hoc
1491 515 1591 559 quod
1616 512 1697 559 quis
1725 513 1808 546 Deo

480 574 669 610 offerendo
702 586 780 610 rem
814 574 946 619 ipsam,
977 574 1056 609 eius
1090 574 1296 609 dominium
1330 578 1392 607 aut
1426 571 1713 617 possessionem,
1745 581 1809 604 seu

482 632 582 667 aliud
601 633 656 667 ius
679 632 715 666 in
734 631 827 677 ipsa,
844 644 867 666 a
893 643 932 667 se
956 631 1117 675 abdicat,
1136 631 1261 675 abicit,
1280 630 1431 675 respuit,
1451 629 1648 673 restringit,
1666 625 1810 670 minuit,

481 697 545 725 aut
570 690 731 725 amittit:
759 690 812 724 sic
836 690 936 725 enim
962 701 1021 725 res
1048 690 1129 735 ipsa
1153 688 1383 734 appropriari
1408 687 1567 732 amplius
1590 688 1674 721 Deo
1699 694 1812 730 quam

482 754 569 783 ante
587 747 659 782 dici
676 747 797 792 potuit
815 755 1068 792 congruenter,
1087 759 1171 783 cum
1194 747 1294 792 prius
1314 748 1396 780 Deo
1415 752 1450 781 et
1469 745 1518 779 illi
1537 743 1692 779 donanti
1710 754 1812 778 com-

481 806 605 841 munis
639 805 815 848 extiterit3
857 805 964 840 sicuti
1000 805 1037 840 in
1073 806 1242 849 exemplo
1277 804 1420 849 prefato
1457 803 1504 837 de
1533 799 1812 837 admittentibus
1827 804 1868 829 10

483 863 625 898 socium
638 864 687 898 ad
705 875 812 898 suum
830 873 1027 898 commune
1040 862 1256 906 dominium,
1273 862 1303 897 si
1323 862 1381 896 ilie
1395 860 1581 895 admissus
1593 859 1812 902 discederet,

483 921 690 956 dominium
703 932 899 956 commune
916 921 1074 966 amplius
1092 920 1391 966 appropriaretur
1408 917 1478 953 illis
1490 929 1601 963 quam
1619 924 1715 960 ante,
1733 916 1814 952 sine

482 979 733 1024 acquisicione
751 978 838 1013 novi
858 979 1012 1014 dominii
1030 991 1096 1014 seu
1114 978 1265 1014 alterius
1283 977 1371 1012 iuris
1389 991 1397 1020 3
1422 983 1459 1012 et
1476 976 1527 1011 ita
1544 975 1742 1018 admissus,
1762 974 1815 1009 sic

482 1037 694 1072 abdicando
713 1048 820 1071 suurn
839 1036 907 1080 ius,
926 1042 1052 1081 posset
1079 1048 1137 1072 res
1157 1036 1237 1071 illas
1256 1044 1411 1081 quarum
1428 1033 1589 1070 habebat
1607 1032 1814 1068 dominium

483 1094 791 1140 predonatoribus
812 1094 887 1129 suis
905 1094 1004 1129 dare.
1831 1095 1869 1127 15

534 1154 626 1187 IOH.
650 1151 777 1186 Alium
807 1151 959 1187 modum
989 1163 1061 1197 quo
1093 1152 1197 1187 Deus
1229 1149 1442 1186 donatarius
1476 1161 1558 1186 esse
1588 1148 1705 1195 possit
1740 1160 1815 1183 non

483 1208 602 1245 video.

532 1269 621 1302 RIC.
649 1267 808 1302 Provide
825 1266 876 1302 ita
895 1266 1020 1302 sentis.
1077 1268 1172 1302 Cum
1191 1266 1301 1311 igitur
1317 1265 1460 1301 habens
1479 1278 1501 1301 a
1520 1264 1602 1301 Deo
1620 1275 1686 1310 per
1700 1265 1816 1300 solam

486 1324 869 1360 communicacionem
894 1336 1016 1359 rerum
1043 1324 1262 1368 dominium,
1290 1324 1383 1359 sicut
1408 1324 1533 1359 Adam
1562 1322 1717 1368 accepit,
1743 1333 1817 1356 non

485 1382 604 1427 possit
621 1381 828 1416 dominium
846 1393 953 1416 suum
972 1381 1040 1416 sibi
1059 1381 1370 1416 communicatum
1389 1381 1408 1401 *
1421 1380 1569 1416 abicere
1583 1380 1637 1426 (ut
1648 1379 1815 1426 predixi),
1831 1384 1863 1412 B

485 1438 725 1485 consequitur
742 1439 841 1484 quod
862 1450 928 1484 per
945 1439 1195 1476 amissionem,
1216 1439 1530 1482 imminucionem,
1548 1445 1611 1473 aut
1637 1437 1817 1473 restricci-

486 1509 597 1533 onem
626 1497 781 1532 dominii
810 1497 862 1532 rei
892 1497 1029 1532 donate
1061 1503 1124 1531 aut
1155 1497 1243 1532 iuris
1269 1497 1419 1532 alterius
1446 1496 1562 1531 habiti
1593 1496 1631 1531 in
1660 1508 1699 1531 re
1726 1496 1818 1540 ipsa,

486 1561 609 1600 preter
642 1555 732 1589 illud
762 1555 981 1597 dominium,
1012 1555 1085 1590 dici
1120 1555 1231 1590 debet
1268 1556 1418 1590 donare,
1472 1556 1567 1590 Cum
1600 1554 1710 1599 igitur
1742 1565 1821 1588 rem

487 1613 608 1658 ipsam
638 1612 785 1658 penitus
816 1624 891 1647 non
920 1613 1037 1657 possit
1067 1612 1214 1648 abicere
1243 1619 1388 1648 retento
1422 1613 1500 1647 eius
1534 1611 1709 1654 dominio,
1737 1623 1821 1646 cum

486 1671 610 1705 adhuc
627 1681 686 1705 res
704 1680 790 1705 vere
808 1681 875 1704 sua
892 1676 1082 1705 remaneat
1100 1670 1277 1706 existente
1296 1671 1331 1705 in
1346 1670 1427 1715 ipso
1444 1670 1495 1705 rei
1514 1670 1630 1715 ipsius
1644 1668 1821 1713 dominio,
1837 1679 1875 1713 25

487 1739 718 1773 consequens
745 1735 801 1763 est
828 1728 929 1773 quod
956 1728 1113 1763 donacio
1139 1729 1223 1764 talis
1251 1729 1296 1764 sit
1321 1741 1343 1763 a
1370 1730 1453 1764 Deo
1478 1740 1545 1774 per
1569 1727 1855 1766 abieccionema
1871 1745 1936 1767 οη),
1955 1742 1996 1766 M.

488 1785 641 1821 alicuius
660 1785 749 1820 iuris
768 1797 833 1820 seu
850 1785 942 1820 tituli
962 1785 1142 1821 inferioris
1162 1786 1327 1821 dominio
1345 1786 1382 1821 in
1401 1798 1440 1821 re
1458 1787 1538 1832 ipsa
1557 1787 1639 1821 Deo
1658 1786 1819 1821 donata:

488 1849 551 1878 aut
569 1843 687 1886 aliter,
706 1843 737 1877 si
755 1843 896 1888 poteris
915 1843 1090 1879 invenire.

542 1957 773 1992 IOHANNES.
801 1957 862 1992 Sic
881 1963 948 2001 est,
966 1968 1036 1992 nec
1054 1956 1161 1992 aliter
1178 1955 1337 1993 donacio
1357 1955 1432 1993 fieri
1452 1955 1535 1993 Deo
1553 1963 1685 2003 potest.

540 2015 769 2049 RICARDUS.
795 2014 946 2058 Verum,
966 2015 1052 2060 quia
1070 2015 1242 2050 inseritur
1262 2014 1299 2050 in
1317 2015 1485 2060 predicta
1503 2016 1683 2060 scriptura
1698 2015 1823 2059 Ysaie,
1837 2014 1901 2048 Isa.
1916 2015 1959 2046 lv.
1976 2023 2003 2046 1.

492 2072 530 2105 E
532 2071 620 2105 mite
634 2071 768 2116 absque
779 2083 874 2107 auro
891 2077 927 2107 et
938 2077 1092 2118 argento
1104 2077 1140 2107 et
1152 2073 1286 2117 absque
1299 2073 1381 2107 ulla
1393 2074 1680 2107 commutacione
1689 2074 1824 2107 vinum

491 2133 528 2163 et
544 2129 612 2173 lac,
631 2136 801 2174 patenter
814 2130 978 2165 innuitur
991 2129 1090 2175 quod
1108 2130 1272 2176 precium
1290 2132 1373 2166 Deo
1392 2130 1519 2165 datum
1533 2129 1585 2175 (in
1603 2141 1690 2165 casu
1709 2129 1825 2175 ipsius

494 2186 696 2231 Scripture)
716 2199 738 2222 a
755 2188 920 2223 donante
938 2188 1146 2223 nullatenus
1165 2187 1369 2231 abdicatur,
1382 2188 1470 2233 quin
1488 2188 1616 2233 pocius
1634 2189 1683 2223 ad
1700 2199 1824 2223 emen-

492 2244 538 2279 tis
563 2256 628 2279 seu
653 2245 819 2290 precium
842 2245 1031 2280 offerentis
1056 2246 1294 2280 commodum
1312 2246 1506 2281 detinetur.
1551 2247 1706 2281 Constat
1725 2244 1824 2280 enirn

492 2313 560 2347 per
583 2302 673 2336 illud
698 2303 796 2347 quod
826 2303 1000 2347 sequitur,
1020 2303 1209 2338 Inclz'nate
1231 2315 1361 2338 aurem
1382 2308 1546 2338 vestram
1569 2308 1605 2338 et
1627 2305 1751 2338 venite
1775 2303 1902 2337 adver.
1922 2312 1950 2343 3.

492 2371 578 2401 me;
602 2361 730 2394 audite
755 2364 790 2394 et
810 2361 916 2394 vivet
938 2361 1069 2394 anima
1094 2365 1232 2405 vestra,
1251 2361 1350 2406 quod
1375 2373 1441 2406 per
1464 2362 1582 2396 solam
1607 2363 1745 2396 bonam
1762 2371 1824 2394 vo-

492 2418 685 2460 luntatem,
699 2428 772 2462 qua
790 2417 861 2452 itur
878 2425 914 2453 et
932 2418 1076 2453 venitur
1092 2419 1141 2453 ad
1161 2419 1295 2462 Deum,
1311 2419 1357 2454 sit
1376 2419 1446 2454 ista
1464 2419 1645 2454 mercacio
1657 2418 1729 2455 vite
1743 2430 1824 2465 pro-

493 2474 618 2509 missa
670 2476 752 2509 Nec
771 2475 894 2510 minus
920 2482 976 2510 est
999 2482 1131 2520 patens
1157 2476 1257 2521 quod
1281 2477 1380 2511 bona
1397 2477 1566 2512 voluntas
1592 2487 1826 2522 nequaquam

495 2532 567 2566 hoc
586 2543 673 2567 casu
692 2533 848 2568 abicitur
867 2534 945 2568 sive
962 2533 1152 2577 amittitur,
1172 2534 1261 2578 quin
1279 2534 1399 2568 verius
1418 2541 1568 2579 propter
1586 2534 1825 2579 optinendam

496 2590 654 2624 salutem
677 2598 957 2635 perseveranter
980 2597 1135 2635 tenetur,
1154 2598 1192 2626 ut
1215 2592 1260 2627 sit
1279 2603 1417 2635 verum,
1439 2593 1516 2637 Qui
1524 2594 1828 2637 perseveraverit
1838 2603 1881 2635 40

495 2659 611 2691 usque
628 2649 669 2681 in
675 2648 795 2692 finem
821 2649 880 2682 hic
904 2649 1036 2682 salvus
1053 2650 1137 2692 erit,
1159 2650 1252 2684 Mat.
1270 2650 1362 2684 xxiv.
1386 2659 1425 2693 13
1443 2661 1450 2684 :
1479 2657 1513 2685 et
1540 2656 1678 2695 quanto
1696 2651 1826 2686 arden·
1838 2656 1942 2688 xxiv:

496 2705 573 2739 cius
586 2704 770 2740 detinetur
784 2705 854 2740 ista
872 2707 1050 2749 voluntas,
1063 2706 1225 2751 precium
1240 2707 1313 2742 vite
1330 2707 1521 2751 promisse,
1536 2714 1640 2742 tanto
1657 2705 1826 2743 detinens
1839 2700 1934 2731 codd.
1956 2709 2004 2741 14³

497 2762 656 2807 amplius
668 2769 937 2808 promereretur
949 2770 983 2799 et
997 2764 1102 2799 titulo
1118 2776 1197 2800 eam
1212 2764 1377 2810 possidet
1390 2765 1558 2810 graciori,
1568 2766 1652 2811 quia
1667 2766 1822 2802 offerens
