2008 3305
242 213 328 242 CAP.
351 199 430 259 XL]
719 211 867 243 LIBER
900 211 1097 244 PRIMUS.

126 330 226 374 29A]
242 330 368 363 nostra
387 339 437 364 ex
457 325 536 364 Deo
555 330 614 364 est.
663 325 826 375 Insuper
841 326 873 364 si
891 326 995 364 nulla
1014 332 1142 376 potest
1161 325 1241 363 fieri
1260 326 1441 364 naturalis
1461 327 1568 364 accio

239 396 320 434 sine
368 396 457 434 Deo
494 397 621 446 previe
669 402 932 444 concurrente,
970 403 1115 446 quanto
1157 397 1281 446 magis
1324 403 1570 435 concurreret

237 473 423 516 tanquam
456 467 670 505 intellectus
708 479 828 516 agens
866 467 904 504 in
939 468 1108 516 quolibet
1140 474 1229 505 actu
1259 479 1328 505 sue
1365 468 1567 517 ymaginis.

238 537 324 574 Sive
346 550 439 586 ergo
459 550 505 575 ex
529 537 805 587 Scripturarum
827 538 1019 584 scrutinio,
1043 539 1118 576 sive
1140 550 1188 576 ex
1208 539 1568 577 communicacione

204 613 378 646 5sonora
408 621 497 646 cum
524 608 733 658 fidedigno‚
765 608 842 646 sive
872 621 921 646 ex
955 607 1219 658 disputacione
1252 608 1463 655 scolastica,
1491 609 1568 646 sive

236 691 285 716 ex
318 679 501 717 oracione
533 679 590 716 vel
628 680 858 728 operacione
896 680 1100 727 meritoria,
1135 681 1212 718 sive
1250 691 1299 717 ex
1335 680 1566 717 mirabilium

237 751 461 788 sensacione
501 751 559 788 vel
598 763 829 800 quacunque
865 751 939 789 alia
978 758 1150 790 creature
1189 751 1432 797 causacione,
1471 751 1568 788 fides

235 821 459 870 acquiritur‚·
510 833 662 871 semper
703 828 857 871 oportet
894 822 1020 871 primo
1068 829 1107 859 et
1148 822 1285 860 ultimo
1332 821 1568 871 Magistrum

234 891 400 940 primum
448 904 676 930 concurrere
717 899 755 930 et
801 892 999 942 tangendo
1047 893 1219 930 animam
1266 891 1475 930 inmediate
1518 891 1568 929 ad

183 970 223 994 10
236 962 441 1010 quemlibet
461 969 590 1000 actum
620 974 731 1000 suurn
760 975 829 1012 per
855 975 895 1000 se
916 969 954 1001 et
973 963 1126 1012 proprie
1156 963 1296 1001 docere
1325 962 1568 1000 infundendo

235 1032 475 1081 disciplinam
495 1033 705 1082 quamlibet
725 1034 963 1083 acquisitam.

288 1102 339 1140 Et
358 1103 447 1141 hinc
477 1111 583 1142 actus
611 1104 701 1142 fidei
731 1104 891 1142 sumitur
919 1111 998 1142 tam
1026 1103 1285 1152 multiplieiter
1312 1103 1353 1140 in
1380 1102 1565 1153 loquelis:

1579 1110 1602 1134 4.
1623 1102 1686 1128 The
1698 1107 1744 1129 act
1757 1103 1789 1129 of

1578 1135 1649 1161 saith
1669 1136 1692 1162 is
1711 1138 1814 1163 under-

190 1184 221 1214 B
237 1171 255 1192 *
277 1179 318 1210 ut
343 1185 445 1212 nunc
474 1186 545 1223 pro
573 1175 699 1224 primo
726 1182 812 1212 actu
842 1175 1059 1213 adhesionis
1090 1175 1242 1213 cuilibet
1261 1175 1431 1221 veritati3
1461 1170 1702 1213 nunc⁵t00di¹¹
1715 1179 1801 1204 many

234 1255 306 1294 pro
327 1244 537 1283 adhesione
556 1245 701 1283 veritati
722 1245 905 1284 catholice
929 1258 951 1283 a
971 1246 1104 1283 virtute
1124 1245 1294 1283 intuitiva
1314 1245 1539 1284 abscondite
1554 1258 1565 1293 3

184 1325 221 1357 15
235 1315 351 1353 tercio
371 1327 441 1364 pro
461 1322 549 1354 actu
568 1317 761 1354 evidenter
782 1316 963 1355 credendi
983 1328 1258 1366 quamcunque
1279 1316 1451 1366 topicam
1470 1317 1567 1355 veri-

233 1392 350 1424 tatem
390 1384 447 1436 (ut
485 1387 610 1436 primo
652 1387 896 1437 Topicorum
935 1386 1078 1434 Boecii,
1118 1387 1167 1433 ii„
1202 1386 1477 1436 Argumentum
1515 1391 1569 1424 est

233 1458 337 1496 racio
370 1458 429 1494 rei
454 1458 558 1495 dubie
575 1457 731 1508 faciens
758 1456 919 1509 fidem);
958 1464 1094 1507 quarto
1129 1469 1219 1496 vero
1252 1457 1486 1495 contrahitur
1516 1458 1566 1496 ad

233 1540 408 1565 veracem
455 1528 716 1566 assercionem
761 1528 896 1566 viantis
945 1528 1076 1578 quoad
1122 1535 1229 1566 actus
1281 1527 1481 1577 pollitieos,
1528 1535 1566 1566 et

234 1592 472 1631 habituatum
502 1593 552 1631 ad
580 1593 703 1631 taliter
731 1593 979 1631 asserendum
1006 1593 1151 1642 absque
1179 1592 1398 1642 duplicitate
1416 1593 1565 1642 fidelem

181 1678 222 1701 20
234 1663 406 1701 dicimus.
461 1663 513 1701 Et
542 1664 594 1701 hii
624 1664 838 1702 secundum
868 1664 1026 1702 Tulium
1056 1664 1096 1701 in
1125 1663 1440 1713 deposicionibus
1476 1670 1565 1702 sunt

233 1740 348 1772 testes
374 1734 578 1772 fundantes
601 1735 802 1781 iusticiam,
825 1747 914 1772 cum
935 1734 1129 1773 sentencia
1147 1734 1301 1772 testium
1322 1734 1498 1784 deposita
1518 1735 1565 1772 sit

232 1805 360 1842 minor
379 1805 564 1854 premissa
592 1806 633 1842 in
662 1806 870 1855 sillogismo
900 1805 1059 1852 iudicis;
1090 1811 1127 1842 et
1146 1805 1492 1854 proporcionaliter
1516 1806 1563 1843 de

232 1875 424 1914 habitibus
444 1882 501 1914 est
524 1876 741 1914 dicendum.
797 1875 924 1922 Unde,
947 1876 1043 1914 sicut
1064 1888 1167 1913 error
1186 1876 1308 1925 prime
1329 1876 1416 1913 fidei
1436 1876 1564 1914 interi-

232 1952 352 1984 meret
370 1958 527 1984 omnem
549 1947 822 1997 speculativam
843 1946 1062 1992 scienciam,
1084 1947 1137 1984 sic
1163 1958 1267 1984 error
1287 1946 1456 1985 secunde
1476 1947 1564 1984 fidei

180 2036 219 2068 25
234 2017 380 2055 tolleret
398 2029 555 2055 omnem
575 2029 705 2055 veram
725 2017 961 2067 religionem.
1012 2016 1121 2063 QuiS,
1136 2029 1268 2066 queso,
1290 2017 1503 2055 decertaret
1523 2017 1564 2055 in

233 2088 361 2137 aliquo
393 2088 615 2137 promereri,
649 2088 721 2125 nisi
758 2087 929 2127 crederet
967 2087 1095 2125 Deum
1134 2099 1217 2125 esse
1250 2094 1330 2125 tam
1368 2088 1564 2126 bonorum

233 2171 351 2209 quam
369 2159 558 2211 malo-rum
579 2165 734 2197 actuum
753 2159 1004 2209 equissimum
1024 2159 1158 2208 premii
1174 2159 1434 2197 redditorem?
1469 2159 1564 2199 Ideo

232 2230 323 2267 dicit
346 2230 541 2279 apostolus
561 2230 610 2267 ad
631 2230 752 2268 Hebr.
772 2230 822 2268 xi.
858 2232 892 2276 6,
924 2229 1013 2267 Sine
1022 2230 1102 2279 fide
1121 2230 1340 2279 impossihile
1359 2235 1412 2267 est
1429 2243 1564 2280 quem-

233 2312 351 2349 quam
365 2301 513 2349 placere
540 2300 621 2338 Deo
633 2314 652 2344 ;
683 2302 902 2338 accedentem
932 2301 986 2338 ad
1007 2300 1131 2338 Deum
1159 2302 1302 2338 credere
1322 2305 1460 2350 oportet
1475 2303 1565 2350 quia

180 2391 221 2422 30
234 2375 293 2417 est,
324 2375 357 2409 et
376 2372 475 2421 quod
498 2375 751 2409 remunerator
784 2371 958 2409 bonorum
996 2372 1056 2408 sil.
1111 2371 1162 2409 Et
1195 2371 1354 2409 indubie
1392 2371 1564 2410 defectus

263 2500 288 2517 2.
309 2493 491 2517 concurreret
508 2490 582 2518 AC:
602 2492 752 2517 concurret
771 2490 803 2516 B.
976 2499 1014 2523 19.
1033 2490 1223 2516 kabituatum
1241 2490 1315 2518 Ac:
1336 2490 1513 2519 habituatus
1530 2492 1561 2518 B.

230 2533 274 2557 23.
296 2526 305 2554 11
314 2525 495 2551 interimeret
508 2525 530 2550 B
544 2525 561 2550 f.
578 2533 626 2556 225
640 2533 666 2551 Β.
802 2533 843 2557 30.
862 2523 990 2556 defectus
1004 2524 1026 2550 B
1038 2531 1044 2550 :
1064 2525 1181 2558 effectus
1193 2524 1259 2552 AC.

279 2609 328 2631 12.
353 2599 403 2632 Cf.
422 2610 529 2641 supra,
547 2611 580 2641 p.
602 2606 653 2641 77.

280 2651 330 2683 16.
355 2652 424 2683 Cic.
443 2652 560 2693 Topic.
584 2652 606 2684 i.
629 2661 667 2683 2:
693 2652 934 2692 Argumentum
951 2655 1061 2682 autem
1083 2651 1244 2683 rationem
1269 2662 1353 2693 quae
1376 2651 1421 2684 rei
1444 2652 1565 2684 dubiae

233 2703 332 2735 faciat
363 2703 483 2741 fidem3
517 2703 639 2745 quoted
662 2703 851 2745 repeatedly
875 2703 919 2744 by
943 2703 1056 2734 Boeth.
1082 2703 1115 2734 in
1139 2704 1256 2746 Topic.
1293 2703 1364 2736 Cic.
1397 2715 1519 2736 comm.
1540 2704 1564 2735 i.

234 2765 289 2796 pp.
312 2754 371 2795 762
390 2760 421 2786 et
436 2765 536 2796 seqq„
555 2755 604 2786 ed.
624 2755 728 2791 Basle,
749 2762 842 2795 1570.

281 2815 330 2837 20.
361 2807 502 2838 Tulz'um
515 2819 528 2843 ,·
555 2807 696 2848 perhaps
714 2806 783 2838 Cic.
802 2805 918 2848 Topic.
938 2817 1001 2845 xx.‚
1019 2807 1079 2838 &c.

1578 1211 1656 1236 ways
1662 1223 1668 1232 .
