2095 3278
257 165 346 205 404
902 159 1105 196 R1CARD1
1137 160 1439 198 ARMACHANI
1882 156 1986 215 [Lm.
2003 170 2070 201 111.

535 267 607 302 alio
636 267 796 313 positivo
827 279 1055 314 quocunque,
1086 270 1203 314 possit
1229 270 1408 305 veraciter
1442 270 1578 306 iustum
1612 281 1704 306 esse.
1757 272 1852 307 Cum
1870 270 1962 314 [3113

534 325 632 359 enim
657 326 819 371 privacio
845 326 957 361 nichil
984 327 1029 361 sit
1051 326 1210 362 dicenda
1232 329 1331 373 quod
1355 339 1430 363 non
1456 335 1578 373 potest
1599 328 1748 374 aliquod
1772 340 1855 374 pro-

532 383 653 427 prium
677 385 754 418 solo
778 383 853 419 iure
873 385 1061 419 communi
1080 385 1217 419 iustum
1235 385 1400 430 existere,
1418 398 1485 431 per
1509 385 1715 421 diceionem
1733 388 1856 422 exclu-

532 441 650 475 sivam
670 443 748 476 solo
766 441 843 476 iure
860 442 1060 485 communi,
1078 454 1148 487 que
1165 442 1216 477 ita
1234 444 1437 478 secundum
1454 444 1613 488 logicam
1629 451 1727 480 recte
1746 445 1855 480 debet

531 499 663 543 exponi
682 499 758 534 iure
777 500 962 534 communi
981 507 1017 535 et
1035 501 1135 535 nullo
1154 500 1225 535 alio
1248 512 1360 545 quam
1378 501 1453 537 iure
1475 502 1673 546 communi,
1691 502 1854 547 privacio
1869 513 1888 545 5

532 567 603 601 que
620 556 733 592 nichil
750 564 807 593 est
824 569 1058 603 nequaquam
1076 558 1289 594 excluditur.

441 678 516 710 XV.
580 679 809 714 IOHANNES.
837 679 1040 714 Plurimum
1058 680 1211 715 letificor
1228 681 1299 716 hoc
1321 680 1458 715 videre.
1508 681 1613 716 Tolle
1636 687 1759 716 cetera
1784 692 1855 726 que

251 727 475 793 ἓῇἒξιζξζῑξξᾶιὴλῖ
529 736 565 770 in
590 737 815 772 contrarium
840 737 1007 782 superius
1028 738 1240 782 adduxisti;
1265 745 1301 774 et
1320 738 1462 773 utinam
1486 739 1609 784 aliquo
1633 739 1856 774 documento

252 795 409 826 possession
422 796 446 822 is
529 795 717 830 succincto
735 807 778 830 ea
796 796 1024 840 patefaceres
1042 808 1048 830 :
1076 808 1149 831 non
1167 803 1297 832 artare.

251 834 393 861 property'
578 855 806 888 RICARDUS.
835 854 953 898 Leges
976 860 1107 888 nature
1131 854 1176 889 de
1199 855 1418 899 preferendo
1442 855 1603 900 priorem
1626 855 1767 899 origine
1789 860 1853 889 aut
1869 866 1909 888 10

529 923 614 946 eum
632 912 693 956 qui
712 911 871 956 ingeni0‚
891 911 1082 954 industria,
1097 913 1232 955 labore,
1248 924 1312 947 seu
1330 924 1443 958 opera
1462 914 1498 947 in
1517 913 1688 957 eligendo
1706 924 1764 948 res
1781 912 1851 948 sibi

529 969 763 1013 accomodas,
778 976 840 1004 aut
858 969 895 1004 in
913 970 1138 1014 possidendo
1156 971 1355 1015 acquisitas
1370 983 1435 1016 per
1451 983 1535 1006 eum
1552 977 1615 1005 aut
1633 971 1686 1006 eis
1703 971 1852 1014 utendo,

529 1028 575 1062 de
592 1027 824 1072 prerogativa
842 1028 929 1062 facti
948 1040 992 1063 ex
1009 1040 1121 1062 causa
1138 1029 1285 1063 adiecta
1305 1030 1441 1064 debent
1460 1029 1610 1073 intelligi
1628 1029 1751 1073 quoad
1767 1040 1854 1073 pos-

529 1085 733 1120 sessionem
760 1092 796 1120 et
825 1097 943 1130 usum,
972 1097 1047 1120 non
1078 1087 1123 1121 de
1152 1087 1387 1132 prerogativa
1411 1087 1498 1122 iuris
1528 1086 1744 1132 possidendi
1776 1086 1853 1122 sive

528 1143 679 1186 utendi;
706 1143 806 1178 aliud
833 1150 888 1179 est
919 1144 1018 1179 enim
1049 1155 1200 1179 causam
1227 1145 1416 1190 propriam
1443 1156 1554 1190 quam
1580 1144 1768 1190 proprium
1795 1143 1850 1179 ius
1867 1155 1905 1187 15

527 1201 675 1237 habere.
726 1202 901 1237 Sufficere
919 1201 1018 1237 enim
1037 1202 1163 1237 debuit
1182 1203 1312 1248 cuique
1330 1203 1516 1238 innocenti
1535 1203 1633 1248 quod
1652 1202 1851 1247 particulas

526 1271 648 1294 rerum
666 1259 737 1294 sibi
751 1260 974 1295 accomodas
988 1266 1113 1305 posset
1128 1260 1250 1295 taliter
1267 1272 1449 1306 occupare
1463 1260 1561 1306 quod
1575 1260 1850 1306 possessionem

525 1323 562 1353 et
592 1329 700 1352 usum
728 1318 878 1363 plenum
906 1318 1069 1363 ipsarum
1104 1318 1183 1353 sine
1217 1319 1441 1364 inpeticione
1478 1319 1696 1363 cuiusquam
1728 1317 1851 1363 quiete

525 1381 652 1420 posset
677 1376 827 1418 habere,
845 1387 867 1410 a
888 1375 964 1411 iure
988 1376 1115 1411 utendi
1136 1375 1323 1411 neminem
1347 1376 1587 1419 excludendo,
1607 1382 1663 1411 set
1687 1375 1850 1421 quolibet

525 1432 597 1467 alio
618 1434 846 1478 approbante
870 1440 932 1468 aut
956 1435 1151 1470 tollerante
1175 1446 1239 1469 seu
1264 1435 1395 1469 saltem
1412 1446 1487 1468 non
1507 1434 1746 1479 impugnante
1766 1445 1849 1478 pos·
1865 1443 1907 1466 20

525 1490 732 1526 sessionem
746 1497 782 1526 et
794 1503 900 1526 usum
916 1491 1031 1536 ipsius
1047 1504 1056 1534 ;
1083 1493 1194 1537 pleno
1207 1492 1283 1527 iure
1297 1504 1417 1527 rerum
1433 1492 1576 1526 illarum
1588 1491 1849 1526 nichilominus

526 1548 679 1593 singulis
702 1555 901 1592 reservatO,
920 1549 1014 1584 sicut
1038 1549 1214 1593 coniuges
1232 1556 1267 1584 et
1284 1549 1361 1584 veri
1378 1549 1488 1584 amici
1515 1549 1772 1584 communibus
1794 1560 1848 1584 re-

524 1607 594 1641 bus
619 1613 781 1650 utuntur,
799 1607 899 1642 nullo
924 1607 1107 1642 usualium
1133 1619 1258 1642 rerum
1284 1607 1361 1642 iure
1386 1607 1534 1652 penitus
1559 1606 1688 1652 pocius
1713 1607 1749 1641 in
1774 1618 1849 1641 uno

523 1675 634 1709 quam
653 1665 690 1699 in
708 1665 780 1699 alio
799 1671 986 1710 pereunte,
1004 1670 1058 1700 set
1075 1665 1121 1700 de
1140 1665 1312 1700 omnibus
1331 1666 1378 1700 ab
1393 1665 1445 1700 eis
1465 1677 1529 1700 seu
1547 1665 1669 1710 aliquo
1684 1664 1848 1710 ips0rum

522 1722 706 1767 possessis
735 1723 855 1769 equali
886 1723 1050 1758 dominio
1082 1730 1118 1759 et
1147 1723 1268 1769 equali
1298 1724 1374 1759 iure
1403 1723 1529 1758 utendi
1554 1722 1591 1757 in
1613 1722 1766 1768 singulis
1792 1734 1848 1758 re·
1864 1735 1902 1767 25

522 1787 709 1816 manente.

571 1840 662 1874 IOH.
690 1839 794 1874 Istud
809 1839 1071 1875 documentum
1087 1841 1201 1876 breve
1218 1846 1384 1885 acceptO,
1399 1841 1488 1875 dum
1502 1845 1627 1874 tamen
1646 1839 1682 1874 in
1701 1838 1848 1874 modico
1886 1861 1891 1864 -

523 1897 682 1942 amplius
698 1897 786 1932 illud
801 1898 963 1932 elucides
978 1910 985 1941 ;
1014 1898 1192 1943 quoniam
1210 1911 1254 1933 ex
1268 1910 1339 1943 quo
1357 1899 1457 1942 leges
1472 1898 1565 1933 iuste
1580 1898 1669 1932 dant
1683 1897 1746 1932 uni
1764 1909 1847 1942 pre-

522 1955 729 2000 rogativam
747 1955 832 1990 facti
852 1962 890 1990 ut
908 1956 1025 2000 possit
1045 1956 1081 1990 in
1102 1956 1287 1991 eleccione
1304 1955 1464 2001 preferri,
1483 1955 1633 1990 omnino
1652 1955 1847 2000 consequi-

521 2020 579 2048 tur
596 2013 695 2058 quod
714 2013 773 2048 ille
792 2013 897 2056 iuste,
913 2013 998 2058 quia
1016 2013 1113 2049 iusta
1130 2015 1221 2058 lege,
1235 2014 1415 2059 prefertur
1432 2013 1555 2058 quoad
1573 2013 1845 2058 possessionem
1858 2016 1938 2057 quia
1949 2025 1960 2047 .·

520 2072 572 2106 rei
594 2083 659 2116 per
675 2082 760 2106 eum
778 2072 894 2106 electe
912 2071 1135 2116 habendam,
1154 2078 1189 2107 et
1207 2083 1273 2117 per
1290 2082 1521 2117 consequens
1540 2071 1598 2105 ille
1616 2083 1638 2105 a
1654 2070 1671 2089 '¹‘
1688 2071 1766 2115 lege
1784 2071 1845 2105 illa
1858 2070 1918 2100 que
1935 2067 1966 2092 Β·

522 2130 617 2164 iusta
634 2130 746 2165 habet
765 2128 821 2164 ius
840 2130 911 2164 tale
930 2130 1131 2175 quodebet
1150 2129 1312 2175 preferri,
1333 2130 1432 2175 quod
1450 2129 1504 2164 ius
1522 2129 1613 2164 alter
1629 2141 1703 2163 non
1721 2129 1845 2172 habet,
1860 2116 1887 2145 Ο

522 2193 558 2222 et
588 2199 654 2232 per
681 2199 912 2232 consequens
940 2188 1000 2222 ille
1027 2188 1140 2222 habet
1168 2200 1213 2222 ex
1238 2187 1314 2222 iure
1341 2187 1616 2232 prerogacionis
1633 2186 1845 2222 huiusmodi

521 2245 796 2289 possessionem
814 2245 1000 2291 propriam
1019 2257 1093 2280 non
1111 2252 1254 2280 tanturn
1271 2246 1368 2280 facto
1387 2251 1442 2280 set
1460 2244 1547 2280 iure.

570 2305 657 2338 RIC.
686 2305 729 2337 In
743 2310 821 2338 toto
839 2315 955 2348 usque
975 2304 1022 2337 ad
1041 2303 1313 2338 conclusionem
1328 2314 1413 2337 vere
1431 2303 1593 2337 affirmas
1607 2308 1643 2337 et
1659 2302 1704 2337 de
1717 2308 1844 2337 nostro
1858 2311 1898 2344 35

521 2361 635 2395 nichil
662 2360 847 2404 infirmas;
884 2361 1057 2406 quoniam
1088 2360 1143 2395 ius
1173 2360 1262 2395 illud
1289 2360 1566 2405 prerogacionis
1596 2371 1670 2394 non
1699 2372 1844 2405 posses-

522 2418 664 2453 sionem
692 2418 790 2463 (cum
814 2419 869 2453 ius
895 2418 983 2452 illud
1010 2425 1136 2463 posset
1156 2430 1238 2453 esse
1262 2418 1298 2453 in
1325 2417 1451 2463 impio)
1469 2424 1524 2453 set
1541 2418 1924 2463 prerogacionemipio
1941 2430 1971 2453 Β.

520 2476 705 2520 iustificat,
723 2483 758 2511 et
777 2482 943 2511 remanet
961 2476 1150 2521 possessio
1169 2476 1365 2519 iustificata
1386 2477 1464 2511 solo
1485 2475 1654 2520 originali
1678 2475 1842 2510 dominio

519 2541 553 2568 et
583 2534 731 2579 propria
758 2535 856 2569 facto
884 2535 974 2577 solo,
1006 2535 1106 2568 nullo
1140 2534 1215 2569 iure
1245 2534 1392 2580 proprio
1426 2533 1623 2568 iustificata
1652 2544 1716 2568 seu
1746 2533 1841 2568 iusta

519 2592 673 2626 effecta:
701 2604 769 2626 nec
791 2597 887 2627 esset
914 2603 1013 2627 mere
1038 2592 1216 2626 naturalis
1243 2592 1440 2637 possessio,
1465 2591 1494 2626 si
1521 2598 1617 2626 esset
1644 2591 1840 2626 iustificata
1853 2605 1897 2636 40

519 2651 589 2684 hoc
621 2650 697 2685 iure
727 2650 883 2694 adiecto,
911 2661 995 2684 cum
1029 2661 1127 2685 mere
1160 2650 1336 2684 naturalis
1371 2648 1555 2695 possessio
1584 2649 1841 2684 innocentibus

519 2708 753 2751 suffecisset3
782 2714 836 2743 set
857 2707 967 2742 michi
987 2708 1130 2743 videtur
1147 2708 1265 2751 magis
1284 2707 1474 2752 probabile
1492 2707 1590 2752 quod
1611 2707 1750 2741 nullum
1768 2707 1841 2742 tale

517 2765 572 2801 ius
599 2766 856 2811 prevencionis
881 2776 944 2801 seu
968 2765 1241 2811 prerogacionis
1262 2765 1387 2801 suisset
1410 2765 1446 2800 in
1469 2765 1533 2810 eis,
1558 2770 1613 2800 set
1639 2764 1738 2809 illud,
1757 2770 1837 2800 tan-
