2095 3278
52 224 140 254 CAP.
158 209 275 268 v111.]
585 221 649 253 DE
681 221 925 253 PAUPERIE
957 221 1271 255 SALVATORIS.

162 329 256 371 17D]
271 324 320 359 iii.
355 323 411 369 14)
441 329 477 359 et
506 324 585 359 sine
619 335 691 369 qua
723 324 835 359 homo
866 335 941 358 non
971 330 1027 360 est
1055 324 1126 359 nisi
1154 326 1261 359 velut
1291 336 1327 359 es
1355 336 1492 359 sonans
1525 329 1594 360 aut

52 384 150 416 xz'z'z‘..·
162 384 256 416 codd.
272 382 471 417 cimbalum
484 382 632 425 tiniens,
654 391 668 416 Ι
691 382 739 416 ad
756 382 839 416 Cor.
856 382 928 416 xiii.
952 391 966 416 1
983 384 994 416 ?
1047 383 1122 417 Aut
1140 383 1327 427 quomodo
1344 382 1461 427 potuit
1480 384 1592 417 homo

56 437 105 460 1²·
274 439 345 474 dici
364 440 559 484 perfectus,
579 439 609 473 si
627 438 836 474 necessaria
853 439 1034 484 principia
1050 451 1124 474 non
1142 439 1281 483 habuit,
1301 451 1368 484 per
1385 451 1455 485 que
1472 440 1591 485 potuit

270 509 377 532 suum
407 496 575 531 ultimum
617 497 739 540 finem,
777 497 925 539 scilicet,
959 497 1227 532 beatitudinem
1267 503 1445 540 eternam,
1479 497 1591 532 attin-

238 564 255 596 5
270 566 355 599 gere
370 556 382 589 ?
435 556 578 589 Tamen
609 555 638 589 si
672 554 710 588 id
743 554 939 589 defecisset
972 554 1053 589 aliis
1088 555 1274 600 creaturis,
1310 555 1459 599 scilicet,
1494 556 1592 600 quod

270 624 345 646 non
374 612 588 647 habuissent
616 611 798 657 principia
827 612 1062 656 sufficiencia,
1090 624 1155 657 per
1188 624 1258 658 que
1284 619 1455 658 poterant
1486 625 1593 648 suum

270 669 382 704 finem
410 669 614 714 adquirere,
643 681 878 714 nequaquam
908 669 1116 705 dicerentur
1144 670 1260 705 fuisse
1293 671 1465 715 perfecte.
1509 673 1594 706 Hoc

269 727 369 761 enim
396 727 519 772 sepius
538 727 744 772 exprimunt
762 727 882 762 littere
908 728 1091 762 seculares
1111 728 1363 763 describentes
1380 729 1594 773 perfectum,

271 785 371 831 quod
388 797 432 820 eo
449 785 607 829 amplius
622 785 729 820 nobis
744 785 924 829 clarescit,
938 786 1037 830 quod
1052 786 1163 820 homo
1179 792 1234 820 est
1245 786 1427 821 maximus
1445 793 1596 821 ornatus

180 851 260 881 18A
275 842 393 878 tocius
414 842 587 877 machine
613 842 821 887 corporalis,
840 854 910 887 que
936 854 1010 877 non
1036 842 1189 877 dubium
1203 842 1220 862 ’¹‘
1236 849 1385 888 propter
1407 844 1596 879 hominem

269 901 335 935 fuit
352 901 450 935 facta
466 912 474 944 3
502 900 552 935 ita
570 900 668 944 quod
686 900 846 934 maxima
864 900 1034 935 condicio
1052 901 1195 935 ornatui
1214 901 1421 945 defecisset,
1436 901 1465 936 si
1484 902 1595 936 homo

269 970 336 994 suo
353 964 483 993 ornatu
501 958 687 1003 precipuo,
707 957 856 1001 scilicet,
874 958 1103 1002 gratificante
1120 958 1245 1003 gracia
1262 959 1461 994 caruisset:
1481 959 1594 995 immo
1607 965 1637 995 8.

270 1016 426 1051 finaliter
445 1027 520 1050 non
539 1015 682 1050 videtur
704 1016 802 1061 quod
824 1016 1000 1061 precipua
1023 1023 1201 1059 creatura,
1220 1023 1371 1062 propter
1388 1029 1500 1062 quam
1524 1018 1595 1052 alie

270 1080 375 1109 erant
391 1073 498 1116 facte,
516 1073 636 1118 magis
664 1072 846 1108 diminuta
866 1086 888 1108 a
912 1085 1057 1109 summo
1076 1075 1187 1117 bono,
1206 1086 1352 1109 summo
1378 1082 1540 1120 potente,
1559 1082 1595 1110 et

219 1144 256 1177 15
272 1143 416 1166 summo
431 1131 596 1176 sapiente
614 1143 680 1165 suo
697 1131 859 1175 Artifice,
875 1143 986 1177 quam
1005 1138 1124 1167 cetere
1143 1139 1310 1168 creature
1327 1133 1427 1168 facta
1442 1133 1571 1168 fuisset
1585 1145 1594 1177 3

270 1189 446 1234 quoniam
463 1190 533 1224 hoc
556 1188 697 1223 homini
715 1190 823 1231 bono,
843 1189 1012 1234 sapienti,
1029 1196 1137 1234 atque
1152 1191 1292 1235 potenti
1307 1202 1541 1236 nequaquam
1559 1191 1596 1225 in

271 1244 346 1279 suis
375 1244 548 1289 operibus
581 1244 801 1279 conveniret.
851 1245 964 1279 Unde
998 1246 1175 1280 Salomon
1204 1246 1404 1290 prudenter
1428 1246 1596 1290 asseruit,

272 1303 405 1336 Solum
430 1303 495 1336 boc
515 1303 646 1336 inveni
666 1302 768 1346 quod
777 1302 915 1346 fecerit
935 1303 1040 1336 Deus
1064 1304 1250 1337 hominem
1273 1308 1424 1347 rectum,
1449 1304 1595 1339 Eccles-

270 1360 330 1394 vii.
353 1370 421 1404 30;
448 1371 523 1394 non
549 1371 634 1395 vere
663 1366 783 1395 rectus
813 1360 940 1394 fuisset
970 1367 1033 1395 aut
1063 1361 1190 1404 iustus,
1218 1360 1288 1395 nisi
1317 1361 1509 1396 caritatem
1532 1368 1595 1396 aut

220 1429 260 1451 20
271 1418 435 1462 graciam
468 1418 669 1452 habuisset.
732 1418 789 1451 Ex
822 1417 903 1452 aliis
936 1418 1087 1462 insuper
1120 1418 1358 1463 consequitur
1391 1419 1594 1454 dominium
1608 1433 1640 1464 9.

271 1482 399 1510 nostro
432 1475 551 1520 primo
581 1474 725 1520 parenti
760 1476 935 1510 collatum
968 1477 1274 1520 presupposuisse
1307 1477 1498 1512 caritatem
1531 1489 1596 1512 seu

272 1534 463 1578 graciam:
505 1533 681 1578 quoniam
721 1533 827 1568 aliter
860 1534 1130 1568 Paterfamilias
1173 1534 1321 1578 sapiens
1363 1546 1447 1570 eum
1490 1546 1596 1569 suum

269 1592 479 1636 generalem
511 1591 741 1636 prepositum
775 1602 884 1635 super
916 1592 1026 1626 rebus
1059 1592 1258 1627 mundanis
1291 1598 1327 1627 et
1363 1592 1598 1637 spiritualiter

272 1661 381 1694 super
399 1649 619 1684 Paradisum
637 1649 846 1694 voluptatis,
865 1655 902 1684 ut
921 1655 1134 1694 operaretur
1159 1656 1194 1684 et
1213 1650 1414 1685 custodiret
1441 1650 1543 1685 illum
1560 1657 1596 1686 et

221 1716 258 1748 25
273 1707 351 1741 eius
385 1706 564 1741 fructibus
597 1713 816 1751 vesceretur,
849 1708 1056 1742 nullatenus
1089 1707 1328 1752 prefecisset3
1371 1720 1440 1743 nee
1475 1708 1596 1753 ipsum

272 1764 483 1800 inferiorum
517 1764 683 1799 omnium
717 1764 988 1810 dispositorem,
1016 1765 1249 1809 directorem,
1280 1771 1317 1801 et
1349 1766 1508 1802 iudicem
1544 1766 1598 1811 (ut

271 1822 429 1867 videtur)
460 1822 614 1867 proinde
642 1822 854 1867 statuisset;
883 1823 977 1857 sicut
1003 1834 1215 1867 expressum
1245 1829 1300 1858 est
1329 1823 1524 1868 Sapiencie
1552 1824 1596 1858 ix.

274 1889 350 1923 1—4,
365 1880 429 1918 ubi,
446 1880 498 1915 sic
516 1880 694 1923 scribitur,
708 1881 897 1915 Dominus
912 1881 1017 1915 Deus
1026 1883 1186 1925 patrum
1201 1892 1367 1915 meorum
1384 1886 1420 1916 et
1435 1883 1599 1916 Domine

271 1949 383 1980 meus,
409 1939 478 1983 qui
505 1939 637 1983 fecisti
666 1939 792 1972 omnia
824 1939 934 1973 verbo
966 1943 1042 1982 tuo,
1077 1943 1113 1973 et
1142 1940 1334 1984 sapiencia
1370 1941 1601 1974 constituisti

219 2007 259 2038 30
271 1995 454 2030 hominem
462 2008 481 2037 ,·
507 1999 552 2030 ut
574 1996 836 2031 dominaretur
857 2000 1026 2031 creature
1051 2001 1114 2031 tue
1140 2008 1212 2041 que
1231 2009 1255 2031 a
1283 2001 1318 2032 te
1329 1998 1439 2042 facta
1464 2001 1527 2041 est,
1555 2001 1600 2031 ut

270 2055 446 2098 disponat
461 2054 580 2088 orbem
598 2057 788 2088 terrarum
805 2055 847 2088 in
867 2055 1030 2098 equitate
1049 2058 1085 2089 et
1099 2056 1253 2089 iusticia
1272 2059 1309 2090 et
1327 2057 1368 2090 in
1393 2056 1596 2090 direccione

273 2113 394 2147 cordis
410 2112 594 2147 iudicium
611 2112 750 2145 iudicet
762 2125 776 2146 :
800 2113 850 2146 da
867 2112 989 2157 michi,
1008 2119 1076 2147 etc.

57 2232 191 2261 tantum
318 2227 379 2262 Ad
404 2227 475 2261 hoc
499 2226 586 2261 facit
604 2226 704 2271 quod
723 2228 827 2262 Deus
851 2226 991 2271 angelis
1008 2232 1152 2262 tantum
1178 2234 1240 2263 aut
1265 2227 1339 2263 tale
1365 2227 1463 2262 circa
1488 2238 1595 2262 mun·
1610 2232 1720 2267 VIII.

55 2277 117 2304 aut
126 2282 198 2321 ,ΜΠ-
220 2279 371 2319 M'dana
388 2284 549 2319 officium
569 2296 643 2318 non
662 2284 858 2327 commisit,
877 2296 968 2329 quos
992 2291 1115 2320 tamen
1140 2285 1291 2320 caritate
1318 2285 1355 2319 in
1374 2297 1440 2320 sua
1458 2285 1598 2329 origine
1615 2299 1664 2321 10.

55 2320 186 2390 Ξὲᾗζὲἶ
203 2323 233 2345 B.
273 2342 473 2387 insignivit,
492 2343 559 2385 Tu,
579 2342 706 2387 inquit,
724 2342 963 2387 signaculum
980 2343 1258 2387 similitudinis,
1264 2344 1403 2388 plenus
1415 2344 1600 2388 sapiencie

56 2412 130 2432 cum
147 2408 179 2432 Β.
273 2405 309 2435 et
324 2401 511 2445 peffectus
527 2401 661 2443 decore,
680 2401 721 2434 in
738 2401 882 2435 deliciis
898 2402 1079 2445 paradisi
1093 2402 1170 2435 Dei
1181 2402 1331 2446 suisti:
1355 2402 1477 2435 omnis
1501 2401 1601 2445 lapis

266 2459 459 2503 preciosus
483 2459 751 2502 operimentum
777 2462 897 2502 tuum,
917 2458 1088 2493 Ezechiel
1113 2459 1233 2494 xxviii.
1264 2469 1317 2502 12,
1340 2469 1406 2503 133
1434 2466 1468 2494 et
1493 2458 1599 2503 infra,

57 2527 121 2548 ver.
143 2524 192 2556 14.
282 2516 336 2550 Tu
357 2516 499 2550 Cherub
515 2520 685 2550 extentus
701 2520 737 2550 et
748 2519 959 2561 protegens,
971 2518 1087 2560 posui
1102 2521 1136 2551 te
1152 2518 1194 2551 in
1216 2521 1337 2551 monte
1353 2520 1479 2551 sancto
1496 2518 1572 2551 Dei
1579 2529 1601 2559 ‚-

274 2573 315 2607 in
332 2573 451 2607 medio
467 2574 639 2618 lapidum
665 2575 873 2620 ignitorum
891 2574 1104 2616 ambulasti,
1116 2575 1303 2619 peffectus
1321 2576 1361 2608 in
1380 2575 1456 2608 viis
1472 2575 1550 2608 tuis
1577 2587 1601 2609 a

58 2641 124 2664 ver.
145 2629 193 2662 16.
275 2631 334 2664 die
350 2631 573 2665 condicionis
586 2635 658 2672 tue,
676 2630 787 2674 donec
802 2632 958 2665 inventa
975 2635 1029 2665 est
1045 2632 1230 2676 iniquitas
1246 2633 1287 2666 in
1301 2635 1362 2673 te;
1378 2637 1414 2666 et
1433 2631 1535 2673 infra,
1548 2633 1604 2666 Et

269 2688 424 2733 perdidt
448 2691 493 2730 te,
519 2700 539 2722 o
566 2688 708 2723 Clzerub
725 2691 934 2733 protegens,
960 2689 1004 2722 de
1028 2690 1146 2723 medio
1171 2690 1341 2734 lapidum
1365 2690 1573 2734 ignitorum
1589 2703 1603 2724 .·

278 2745 339 2780 ubi
357 2757 431 2781 non
450 2746 567 2780 solum
586 2757 630 2780 ex
646 2746 878 2790 perfeccione
898 2746 934 2780 in
954 2758 1025 2791 qua
1043 2748 1256 2782 ambulabat
1279 2754 1364 2782 ante
1388 2759 1526 2790 casum,
1547 2753 1603 2782 set

279 2803 396 2839 eciam
425 2815 468 2839 ex
497 2804 730 2849 prerogativa
759 2810 875 2839 status
905 2805 1072 2840 celcioris
1100 2817 1165 2851 pre
1195 2805 1324 2841 ceteris
1359 2805 1509 2850 angelis,
1539 2805 1599 2850 qui

1785 222 1866 269 347
