2008 3305
211 208 297 237 CAP.
314 195 409 252 ΧΠ]
694 207 836 238 LIBER
867 207 1064 239 PRIMUS.

96 323 195 364 32D]
211 332 300 357 eum
339 321 385 358 sit
423 320 593 369 superior
631 321 737 359 omni
776 333 916 369 genere
954 327 991 358 et
1025 319 1305 369 quantumlibet
1339 319 1485 357 distans
1516 332 1539 357 a

208 390 379 439 qualibet
395 397 578 436 creatura,
596 403 675 429 non
697 391 750 428 sic
771 391 972 440 participat
989 391 1151 440 quodvis
1166 402 1299 440 genus.
1358 389 1536 427 Secundo

207 466 310 508 patet
340 460 443 497 idem
472 473 520 498 ex
550 461 625 498 hoc
654 461 759 510 quod
780 461 906 498 omnis
926 468 1098 498 creatura
1118 460 1234 497 habet
1254 467 1404 509 partem
1426 472 1536 497 suam

207 529 254 566 de
275 530 517 567 universitate
537 529 747 567 formarum
774 531 1076 579 exemplarium3
1115 536 1152 567 et
1177 530 1226 566 ab
1253 530 1315 567 illa
1341 529 1439 579 ydea
1466 529 1536 566 sibi

175 599 361 648 5propria
389 599 513 636 habet
523 599 733 637 formaliter
752 612 836 637 esse
857 612 990 637 suum:
1027 600 1134 637 Deus
1155 605 1284 637 autem
1313 611 1393 637 non
1422 599 1536 636 habet

205 670 357 718 ydeam,
374 682 461 707 cum
475 682 558 706 esse
575 682 687 706 suum
703 670 939 719 intelligibile
959 682 1039 706 non
1059 670 1231 719 precedit
1243 681 1352 707 suam
1368 670 1535 707 existen-

110 749 193 778 33A
207 739 307 777 ciam
327 740 515 777 actualem
536 739 603 776 sed
622 739 814 789 prioritate
838 738 855 758 '¹‘
872 740 1028 789 originis
1041 746 1098 776 est
1111 739 1216 788 prior
1229 739 1396 788 qualibet
1412 739 1535 776 forma

205 809 339 858 ydeali.
397 809 540 846 Tercio
576 821 623 846 ex
656 809 731 846 hoc
763 809 868 859 quod
900 810 1066 859 quelibet
1094 816 1268 847 creatura
1294 821 1534 858 componens

206 892 294 916 cum
315 880 389 917 alia
408 879 603 917 constituit
622 880 748 928 magis
768 880 927 924 bonum,
949 891 1038 916 cum
1059 879 1116 917 vel
1137 879 1182 916 sit
1203 891 1292 929 pars
1314 879 1418 917 finite
1442 880 1536 917 boni

155 969 194 991 10
206 950 265 986 vel
287 962 335 987 ex
358 950 529 999 partibus
547 950 778 998 integratum
797 963 806 996 ;
837 950 944 987 Deus
973 956 1099 987 autem
1119 956 1175 987 est
1194 950 1365 987 essencia
1385 962 1535 988 summe

206 1020 382 1069 simplex,
403 1020 761 1057 immensurabiliter
782 1020 971 1057 excedens
991 1020 1030 1056 in
1050 1021 1217 1064 entitate,
1238 1020 1402 1065 veritate,
1423 1021 1534 1057 boni-

205 1096 292 1134 tate,
314 1096 350 1126 et
369 1090 539 1138 positivis
555 1091 692 1127 ceteris
708 1090 944 1127 universum:
970 1096 1011 1127 ut
1034 1090 1063 1127 si
1084 1097 1183 1128 esset
1199 1096 1333 1127 natura
1349 1102 1536 1139 corporea

206 1160 353 1197 infinita
383 1160 604 1209 simpliciter
628 1173 945 1210 quaquaversum,
976 1173 1056 1198 non
1087 1168 1187 1198 esset
1215 1160 1396 1210 possibile
1426 1160 1534 1209 quid-

206 1242 322 1279 quam
351 1230 390 1266 in
419 1230 684 1280 magnitudine
714 1232 839 1280 ipsam
868 1231 1066 1276 excedere,
1098 1231 1165 1268 sed
1195 1236 1389 1280 oporteret
1417 1242 1535 1268 omne

155 1312 192 1343 15
207 1301 307 1338 aliud
328 1313 468 1350 corpus
488 1313 675 1349 magnum
695 1301 814 1350 ipsius
834 1302 1060 1351 participare
1081 1307 1266 1350 tanquam
1286 1301 1409 1338 finalis
1430 1302 1534 1350 prin-

206 1371 314 1419 cipii;
351 1371 697 1420 correspondenter
726 1371 1015 1420 quodammodo
1045 1371 1267 1421 intelligitur
1296 1371 1402 1421 quod
1427 1371 1535 1408 Deus

205 1441 411 1478 virtualiter
442 1441 488 1478 sit
522 1441 733 1479 immensus
771 1447 809 1479 et
848 1441 953 1491 quod
985 1441 1089 1478 nulla
1127 1448 1300 1479 ereatura
1337 1448 1462 1490 potest
1496 1442 1535 1477 in

205 1511 473 1560 magnitudine
506 1511 650 1549 virtutis
688 1513 758 1549 sibi
798 1512 1012 1560 equiparari
1043 1511 1100 1548 vel
1139 1511 1536 1548 commensurabiliter

207 1581 434 1630 comparari,
456 1593 526 1618 nec
556 1580 697 1618 habere
727 1582 940 1619 bonitatem
969 1581 1138 1631 aliquam
1158 1581 1216 1618 vel
1237 1582 1432 1618 veritatem
1462 1581 1534 1618 nisi

154 1667 194 1689 20
207 1651 253 1688 de
274 1658 419 1701 quanto
448 1651 528 1688 eius
553 1651 706 1689 racione
727 1652 937 1700 participat.
993 1651 1043 1688 Et
1073 1651 1170 1688 sicut
1199 1663 1431 1700 corporeum
1451 1651 1535 1688 infi-

205 1722 328 1758 nitum
372 1733 453 1758 non
498 1722 635 1759 sineret
674 1722 884 1760 coexistere
924 1722 994 1758 sibi
1033 1722 1266 1759 contrarium
1305 1720 1369 1771 (ex
1411 1722 1535 1770 primo

206 1790 476 1842 Phisicorum),
499 1792 552 1829 sic
583 1803 654 1829 nec
673 1792 789 1828 virtus
818 1791 877 1828 vel
906 1791 1057 1828 bonitas
1086 1792 1209 1840 prime
1239 1791 1423 1837 essencie,
1447 1803 1535 1829 cum

206 1873 321 1899 omne
342 1862 547 1910 positivum
568 1868 720 1899 emanat
739 1862 788 1898 ab
809 1862 904 1910 ipso.
953 1861 1002 1898 Et
1024 1873 1112 1899 cum
1134 1861 1258 1898 solum
1279 1862 1318 1898 in
1339 1874 1422 1899 esse
1444 1874 1535 1899 eon-

205 1933 307 1968 venit
336 1932 521 1980 equivoce
551 1943 639 1969 cum
670 1932 807 1969 creatis
836 1931 1022 1975 essencie,
1052 1931 1142 1980 quia
1171 1943 1251 1968 non
1280 1938 1406 1981 potest
1435 1931 1536 1969 aliud

154 2021 192 2052 25
207 2014 290 2039 esse
321 2003 553 2051 oppositum,
585 2008 689 2051 patet
722 2001 829 2051 quod
862 2001 1009 2038 nullum
1048 2014 1117 2039 ens
1156 2002 1244 2039 sinit
1281 2002 1429 2051 opponi
1464 2002 1535 2039 sibi

205 2072 412 2110 formaliter
438 2073 477 2109 in
504 2079 653 2109 tantum
673 2073 778 2122 quod
799 2072 967 2109 defectus
992 2079 1251 2110 creaturarum
1272 2073 1534 2118 racionalium,

205 2143 344 2191 quibus
365 2142 546 2180 deficiunt
574 2155 596 2180 a
625 2143 782 2180 servicio
805 2143 876 2179 sibi
897 2142 1036 2188 debito,
1059 2155 1139 2180 non
1159 2150 1290 2192 posset
1315 2143 1438 2180 sinere
1463 2143 1535 2180 nisi

206 2213 343 2251 exinde
363 2214 510 2250 bonurn
530 2214 691 2250 eliceret.
749 2213 848 2250 Vide
870 2214 998 2262 itaque
1027 2214 1066 2250 in
1096 2214 1241 2251 ambitu
1263 2214 1360 2251 entis
1382 2214 1536 2263 analogi

205 2289 331 2320 utrum
362 2295 482 2320 unum
513 2284 583 2320 sub
618 2283 772 2320 racione
808 2296 884 2332 qua
915 2296 983 2320 ens
1017 2290 1074 2321 est
1107 2284 1211 2321 alteri
1242 2284 1463 2332 opponitur,
1499 2290 1536 2320 et

162 2363 192 2392 B
206 2359 356 2391 constat
376 2353 482 2402 quod
499 2351 517 2371 *
532 2366 624 2399 non,
642 2354 732 2403 quia
747 2359 788 2390 ut
801 2354 854 2391 sic
876 2366 991 2391 omne
1013 2366 1080 2391 ens
1101 2355 1281 2392 convenit
1294 2355 1535 2403 cuicumque.

205 2421 317 2460 Ydeo
335 2423 548 2460 secundum
564 2424 778 2461 doctrinam
795 2424 1009 2461 Aristotelis
1025 2431 1177 2473 oportet
1193 2425 1373 2473 opposita
1393 2424 1536 2462 habere

205 2493 397 2530 racionem
412 2494 481 2530 sub
497 2505 649 2541 genere,
668 2501 708 2530 ut
723 2494 890 2531 calidum
906 2493 1099 2543 frigidum,
1115 2501 1151 2531 et
1167 2495 1237 2531 sibi
1251 2494 1387 2531 similia
1393 2507 1403 2540 3
1425 2493 1535 2531 Deus

206 2568 333 2600 autem
350 2574 464 2612 supra
479 2574 596 2600 omne
609 2575 731 2612 genus
747 2575 826 2601 non
842 2569 969 2612 potest
982 2564 1178 2601 racionem
1191 2564 1307 2601 talem
1322 2565 1535 2613 suscipere;

239 2682 263 2698 2.
283 2672 402 2704 quodvis
411 2672 437 2697 A
448 2672 485 2698 C:
506 2673 640 2704 quamvis
651 2673 681 2698 Β.
755 2683 792 2706 13.
814 2676 883 2699 esset
894 2674 916 2699 B
928 2681 934 2699 3
955 2676 996 2700 est
1005 2674 1031 2699 A
1039 2674 1071 2700 C.
1133 2675 1170 2700 16.
1193 2675 1201 2703 ΙΙ
1213 2674 1367 2706 quoddeus
1380 2674 1402 2699 Β
1418 2674 1437 2699 f.
1452 2684 1499 2706 ‘³27
1510 2682 1535 2701 A.

206 2715 245 2731 21.
267 2707 420 2732 coexistere
434 2706 456 2731 B
468 2713 474 2731 :
494 2707 644 2732 consistere
656 2707 682 2732 A
692 2706 723 2733 C.
829 2717 868 2739 30.
890 2710 924 2733 ut
938 2707 976 2733 B:
997 2716 1050 2733 om.
1066 2708 1091 2733 A
1101 2707 1134 2734 C.
1235 2717 1275 2740 31.
1294 2710 1404 2740 oportet
1414 2717 1468 2734 om.
1485 2708 1518 2735 B.

296 2798 344 2821 21.
370 2789 468 2821 Arist.
486 2789 582 2836 Phys..
601 2791 622 2821 i.
643 2792 731 2831 4('?).
1086 2802 1135 2832 31.
1161 2793 1214 2824 Cf.
1233 2792 1312 2824 ibid.
1329 2793 1350 2824 i.
1370 2802 1399 2833 5,
1417 2792 1447 2823 6.

828 2863 862 2893 H
889 2864 911 2894 2

1565 398 1592 425 ii.

1564 817 1601 845 iii.

1759 208 1812 248 99
