2008 3305
176 166 257 217 178
852 171 916 202 DE
949 169 1170 202 DOMrNro
1203 168 1379 200 Drero
1615 156 1722 215 [eff.
1746 169 1773 198 1.

457 287 552 334 olus,
570 287 608 325 id
626 293 693 332 est,
711 299 825 325 omne
841 298 964 335 genus
981 285 1138 331 olerum,
1156 291 1192 322 et
1207 283 1307 321 Mar.
1324 283 1459 321 ultimo
1476 283 1680 332 precipitur
1692 294 1777 332 pre·
1791 287 1889 327 [60D

456 359 585 397 dicare
606 357 848 406 evangelium
869 356 977 394 omni
997 362 1180 401 creature,
1199 355 1237 391 id
1250 361 1317 400 est,
1334 354 1490 399 homini,
1509 353 1574 402 qui
1594 360 1651 391 est
1664 364 1780 390 omne

455 440 579 478 genus
599 433 780 472 creature,
802 427 891 475 quia
912 432 990 463 tam
1012 430 1147 461 natura
1168 424 1370 474 spiritualis
1390 436 1506 473 quam
1536 425 1781 460 natura‘cor-

455 511 584 548 porea.
613 497 728 544 Ymo,
743 498 792 535 ad
807 497 908 534 hunc
923 509 1078 534 sensum
1095 496 1255 545 exponit
1273 495 1467 544 Scriptura
1487 506 1526 531 se
1540 492 1779 543 ipsam,Gen.

455 569 515 605 vii.
538 568 714 617 capitulo,
741 580 799 615 13,
823 580 887 613 14:
919 567 1095 616 Ingressz'
1109 571 1204 612 sunt,
1227 566 1361 615 inquit,
1383 566 1458 614 z'psz'
1472 570 1506 601 et
1522 577 1621 601 omne
1640 563 1787 600 animal
1796 570 1813 602 5

454 640 651 676 secundum
667 651 786 687 genus
813 651 932 674 suum.
990 637 1040 675 Et
1071 638 1123 675 sic
1152 637 1370 685 intelligitur
1390 636 1537 673 dictum
1566 634 1783 679 Salvatoris‚

457 709 551 746 Mat.
568 709 615 746 iii.
637 718 696 756 15,
714 708 804 746 Sine
823 709 925 745 modo
937 722 956 752 ,·
986 709 1040 745 sz‘c
1060 709 1156 745 decet
1176 720 1240 744 nos
1259 708 1406 755 implere
1431 718 1568 743 omnem
1587 706 1784 742 iusticiam.

456 780 607 817 Iustum
627 779 784 828 quidem
813 785 870 815 est
900 785 939 815 ut
968 778 1095 815 minor
1124 778 1259 815 maiori
1287 777 1453 822 obediat,
1475 783 1511 813 et
1539 777 1609 813 ista
1628 782 1785 813 vocatur

457 850 649 887 humilitas
662 849 874 894 sufficiens3
896 848 1078 894 secundo,
1095 848 1236 885 iustum
1251 854 1308 885 est
1320 847 1426 896 quod
1439 859 1507 895 par
1522 846 1604 895 pari
1617 845 1782 891 obediat,

457 927 495 958 et
523 920 594 957 ista
622 919 816 956 humilitas
845 926 901 956 est
928 918 1157 956 habundans
1173 931 1182 964 ;
1213 924 1248 955 et
1271 918 1401 962 tercio,
1422 917 1562 954 iustum
1591 922 1648 954 est
1676 915 1785 965 quod
1800 928 1839 950 10

457 991 580 1028 maior
608 990 746 1027 minori
771 990 935 1035 obediat,
966 996 1003 1026 et
1033 989 1104 1026 ista
1130 995 1187 1026 est
1208 988 1401 1025 humilitas
1429 986 1785 1035 superhabundans,

458 1073 576 1110 quam
589 1060 739 1098 Veritas
760 1072 910 1097 summe
926 1060 1148 1109 impleverat
1166 1072 1174 1096 :
1206 1065 1242 1096 et
1261 1059 1349 1096 ideo
1364 1071 1450 1096 vere
1471 1058 1562 1095 dicit
1577 1057 1786 1106 apostolus,

458 1130 617 1180 Eph.iv.
636 1143 670 1176 2,
684 1130 789 1180 quod
810 1130 978 1179 quelibet
998 1129 1252 1167 communitas
1274 1129 1387 1166 debet
1407 1128 1602 1166 ambulare
1622 1128 1661 1164 z'n
1690 1128 1794 1164 omni

459 1202 673 1239 humililate.
729 1201 780 1238 Et
801 1201 855 1238 sic
877 1201 924 1238 de
946 1201 1079 1238 ceteris
1100 1200 1223 1238 verbis
1238 1199 1412 1237 veridicis
1434 1198 1726 1248 Scripturarum,
1747 1204 1789 1234 ut

465 1285 480 1309 1
506 1272 596 1310 Cor.
619 1271 667 1309 iii.
690 1274 725 1317 8,
751 1271 829 1318 Qui
844 1272 1000 1319 plantat
1021 1275 1055 1307 et
1077 1272 1147 1319 qui
1169 1271 1276 1319 rzgat
1299 1283 1413 1306 unum
1440 1274 1549 1306 sunt:
1581 1268 1688 1318 quod
1707 1268 1787 1305 Au·
1804 1281 1841 1313 15

460 1343 637 1391 gustinus
657 1342 829 1391 exponit,
843 1342 970 1390 primo
986 1347 1121 1379 contra
1135 1339 1406 1385 Maximinum,
1420 1339 1588 1388 capitulo
1606 1361 1670 1385 —,
1683 1338 1790 1388 quod

461 1412 657 1462 apostolus
670 1412 833 1449 intendit
853 1412 1015 1449 Paulum
1036 1417 1074 1448 et
1089 1411 1261 1459 Appollo
1274 1422 1358 1448 esse
1375 1408 1394 1429 *
1408 1422 1527 1447 unam
1542 1420 1791 1447 communem
1803 1416 1883 1444 61A

461 1490 648 1528 naturam,
671 1483 761 1532 quia
779 1482 842 1519 illa
862 1482 1064 1531 requiritur
1084 1488 1172 1518 ante
1200 1481 1386 1518 unionem
1406 1480 1630 1530 qualitatum
1651 1479 1791 1517 anime.

462 1553 578 1590 Unde
608 1553 680 1590 ista
708 1552 984 1601 methaphisica
1014 1558 1071 1589 est
1099 1552 1243 1600 tyriaca
1272 1563 1342 1600 pro
1373 1550 1567 1588 intellectu
1598 1549 1793 1599 Scripture

462 1629 499 1660 et
519 1635 589 1672 pro
608 1622 786 1660 tollendis
807 1622 972 1670 arguciis
995 1622 1266 1671 sophistarum.
1805 1637 1846 1659 20

185 1702 210 1730 b.
228 1701 400 1733 concerning
520 1693 698 1731 Secunda
728 1699 821 1730 nota
850 1699 908 1730 est
936 1693 1109 1741 superior
1136 1691 1316 1729 naturalis
1342 1691 1390 1729 de
1418 1691 1551 1729 formis
1581 1690 1792 1728 substanci-

183 1735 365 1763 substantz'al

173 1767 399 1829 Ῑαοζῖζξιέἕδξτὲζιε
463 1763 597 1809 alibus,
637 1763 837 1813 quomodo
877 1768 966 1800 sunt
1004 1763 1141 1800 eadem
1178 1762 1353 1799 essencia
1387 1773 1477 1799 eum
1507 1761 1705 1798 formatis:
1754 1765 1794 1797 ut

185 1834 410 1902 {22322223201'1572
463 1833 683 1871 humanitas
704 1832 855 1879 Christi,
877 1845 952 1882 que
975 1839 1033 1870 est
1063 1833 1187 1870 forma
1208 1832 1304 1870 servi
1333 1831 1390 1869 vel
1417 1831 1535 1869 homo
1564 1837 1793 1880 assumptus,

176 1903 316 1937 JW³d³
465 1910 524 1942 est
553 1904 657 1941 idem
688 1903 938 1952 personaliter
962 1903 1095 1941 Verbo
1126 1903 1221 1940 Dei:
1260 1909 1297 1940 et
1331 1903 1383 1940 sic
1419 1901 1593 1940 concedo
1626 1902 1689 1939 illa
1719 1913 1794 1951 que

468 1974 659 2023 Scriptura
679 1973 727 2010 de
742 1972 895 2011 Christo
916 1974 1112 2019 enunciat,
1129 1985 1232 2010 nunc
1246 1973 1458 2011 secundum
1480 1972 1670 2017 deitatem,
1691 1983 1793 2009 nunc
1808 1984 1847 2016 25

467 2045 679 2084 secundum
703 2045 903 2082 hominem
932 2052 1183 2094 assumptum,
1205 2051 1245 2082 ut
1273 2045 1435 2094 pertinet
1464 2044 1660 2093 processui
1688 2043 1795 2092 quod

467 2122 657 2154 notentur.
732 2115 781 2152 Et
816 2115 919 2152 idem
953 2115 1067 2153 docet
1096 2115 1335 2164 Augustinus
1364 2115 1581 2152 notabiliter
1609 2121 1646 2151 et
1674 2114 1795 2152 difuse

467 2186 628 2235 epistula
649 2198 759 2223 cxxv.
781 2185 830 2222 ad
852 2185 1117 2231 Pascencium,
1148 2192 1226 2223 tam
1255 2197 1344 2223 cum
1374 2185 1541 2223 sciencia
1570 2185 1617 2223 de
1645 2185 1794 2222 univer-

468 2257 609 2294 salibus
630 2268 747 2305 quam
767 2256 814 2293 de
834 2255 978 2293 formis.

188 2327 455 2392 ξ-ῃξζίξῖζῗῖξηῗ·
523 2327 661 2364 Tereia
681 2333 773 2363 nota
792 2332 848 2363 est
868 2326 916 2363 de
937 2326 1160 2363 extensione
1180 2325 1374 2374 temporis,
1389 2325 1588 2375 quomodo
1606 2325 1794 2362 immensa
1808 2342 1850 2373 30

191 2394 457 2459 &gfilfsresserssss'ssjew
469 2397 543 2435 Dei
569 2397 750 2435 eternitas
769 2396 961 2434 coassistit
990 2396 1097 2433 omni
1117 2396 1281 2445 tempori
1306 2396 1486 2445 preterito
1513 2401 1551 2433 et
1575 2395 1701 2432 futuro
1714 2408 1724 2442 ;
1757 2401 1795 2433 et

470 2481 537 2518 per
557 2479 805 2516 consequens
825 2478 941 2504 omne
961 2466 1066 2516 quod
1087 2466 1155 2503 fuit
1174 2466 1232 2504 vel
1252 2467 1332 2512 erit,
1354 2473 1411 2504 est
1435 2478 1505 2516 pro
1530 2478 1601 2503 suo
1621 2472 1797 2515 tempore

506 2563 527 2580 1.
546 2554 555 2582 ΙΙ
563 2552 730 2584 ρνεειζρἰίκν
742 2552 774 2577 Β.
789 2552 806 2577 f.
824 2561 871 2584 239
882 2560 909 2577 D.
1096 2561 1119 2583 7.
1142 2551 1209 2576 Post
1221 2551 1284 2577 sine
1295 2551 1321 2576 A
1335 2559 1379 2577 me
1391 2551 1485 2582 habet,
1500 2550 1549 2577 sed
1561 2556 1733 2584 expunctum
1745 2555 1795 2577 est.

472 2589 511 2614 16.
530 2586 737 2613 Maximinum
753 2586 791 2611 B:
812 2585 999 2611 Maximz'um
1011 2584 1054 2610 A:
1077 2585 1206 2610 Maxiam
1220 2585 1250 2611 C.

582 2653 608 2675 1.
635 2644 719 2675 Mar.
740 2644 804 2675 xvi.
827 2652 877 2683 15.

562 2695 611 2727 16.
639 2696 778 2736 August.
795 2699 909 2727 contra
925 2694 1100 2726 Maximin.
1120 2695 1153 2725 ii.
1174 2704 1210 2724 22
1231 2697 1247 2732 ξ
1269 2703 1297 2733 1,
1314 2695 1402 2735 Opp.
1423 2695 1451 2726 8.
1473 2701 1535 2735 724
1548 2703 1581 2726 A.

562 2753 611 2789 27.
638 2747 747 2778 Eiusd.
765 2747 858 2788 epist.
876 2747 1044 2778 ccxxxviii.
1065 2756 1079 2776 2
1101 2750 1117 2784 ξ
1137 2755 1176 2778 10
1192 2756 1293 2788 seqq.,
1313 2746 1401 2787 Opp.
1424 2755 1451 2777 2.
1469 2745 1562 2786 8560
1579 2755 1665 2786 seqq.
