2008 3305
58 224 145 252 CAP.
168 210 244 268 vr]
590 223 654 253 DE
687 223 930 255 PAUPERIE
964 223 1275 256 SALVATORIS.
1802 220 1881 271 287

184 324 261 366 4A]
277 324 339 359 Set
358 325 524 369 nunquid
539 337 666 361 earum
688 326 724 360 in
749 326 810 360 illo
833 333 1023 362 momento
1040 327 1192 371 originis
1212 328 1315 363 Deus
1342 328 1604 374 proprietatem

274 382 402 417 habuit
427 394 474 418 an
502 395 697 419 commune
717 385 835 419 solum
854 385 1070 428 dominium,
1089 397 1162 420 non
1185 386 1237 420 ita
1261 386 1374 421 michi
1399 393 1497 422 extat
1523 399 1603 432 per-

275 441 453 486 spicuum.

320 556 549 591 RICARDUS.
601 556 640 591 Si
664 556 756 591 alius
781 557 818 590 in
841 557 960 601 prima
983 557 1110 592 mundi
1130 558 1270 601 origine
1290 559 1461 593 dominus
1479 559 1599 594 nullus
1612 560 1678 593 VI.

241 621 258 653 5
273 619 359 656 erat,
380 614 482 648 Deus
508 620 607 657 tunc,
625 620 663 648 ut
681 615 836 658 videtur,
856 616 1023 649 omnium
1043 627 1164 650 rerum
1184 622 1392 651 creatarum
1410 618 1599 662 proprium
1614 622 1681 661 Hau
1695 621 1757 647 God
1767 624 1835 653 pro-

271 671 317 706 de
335 671 434 706 facto
452 672 655 706 dominium
674 672 750 707 sive
768 673 1031 718 proprietatem
1048 674 1219 709 habebat.
1605 655 1811 721 fisilggffassftffel

320 730 550 764 IOHANNES.
579 731 662 764 Hec
679 730 797 764 fateor
813 743 820 773 ;
850 737 904 766 set
922 732 1010 776 quid
1028 732 1074 766 de
1092 732 1161 766 hoc
1180 731 1244 766 tibi
1264 732 1408 767 videtur
1424 744 1470 767 ne
1490 734 1596 767 celes.
1610 722 1809 781 ξξξᾟὲἰῖῗὲἳοῐ

318 788 405 821 RIC.
435 787 473 822 Si
498 787 618 832 angeli
641 788 749 822 simul
774 800 858 822 cum
882 789 1021 823 mundo
1046 789 1082 823 in
1102 790 1223 834 primo
1240 797 1429 825 momento
1446 791 1597 835 originis
1610 800 1671 838 The
1684 800 1781 838 angele
1793 805 1823 826 at

270 855 391 878 rerum
424 852 528 880 erant
568 846 693 889 creati,
727 846 859 880 estimo
893 847 993 891 quod
1031 847 1236 891 aliquarum
1269 859 1389 882 rerum
1431 854 1518 882 tunc
1560 848 1597 883 in
1610 834 1682 892 ἓξὲξ
1696 840 1850 893 ξῗέζιζὲρῃ

218 910 257 932 10
270 902 460 938 creacione
478 903 683 938 dominium
709 910 952 948 acceperunt3
980 904 1168 949 quoniam,
1189 904 1281 939 sicut
1302 906 1405 940 Deus
1424 906 1459 940 in
1478 906 1598 951 prima
1609 901 1875 968 ξξζξζζῇὲοζξίξξέξ,

268 960 428 995 hominis
459 961 566 1006 primi
601 961 740 1006 origine
774 962 897 1006 ipsum
930 962 1120 997 hominem
1161 963 1322 1007 primum
1357 975 1440 998 cum
1475 976 1597 999 rerum
1866 954 1876 965 ⁷

267 1017 472 1062 aliquarum
498 1019 635 1053 creavit
656 1019 822 1054 dominio
841 1019 894 1064 (ut
918 1031 983 1053 suo
1005 1020 1085 1054 loco
1112 1020 1260 1055 inferius
1283 1021 1524 1065 ostendetur),
1544 1022 1597 1056 sic

267 1075 410 1110 videtur
435 1078 586 1121 angelos
612 1089 696 1112 cum
719 1078 924 1122 aliquarum
948 1089 1069 1112 rerum
1093 1078 1268 1122 dominio,
1293 1079 1424 1114 saltem
1448 1079 1595 1124 spiritu-

267 1134 390 1178 alium,
426 1135 521 1170 intra
563 1135 688 1180 ipsos;
738 1136 886 1170 habitus
926 1136 1040 1170 animi
1082 1136 1258 1180 intelligo,
1294 1148 1386 1181 quos
1425 1144 1595 1181 poterant

215 1196 252 1227 15
267 1202 412 1235 augere,
442 1193 618 1236 minuere,
647 1200 683 1228 et
716 1205 761 1228 ex
794 1200 872 1228 toto
906 1194 1076 1229 abicere:
1114 1195 1160 1229 de
1195 1205 1268 1239 quo
1302 1194 1467 1229 dominio
1500 1195 1595 1230 infra

265 1256 443 1286 tractatus
462 1262 501 1286 se
519 1251 645 1286 offeret
663 1258 878 1296 oportunus.

222 1317 253 1345 B
316 1308 406 1343 IOH.
433 1310 491 1343 Tu
508 1321 594 1353 ergo
613 1310 768 1344 ostende
787 1309 816 1344 si
835 1316 922 1344 tunc
941 1316 1046 1344 erant
1064 1309 1087 1332 ἥ
1104 1310 1229 1345 creati.

310 1367 397 1401 RIC.
426 1367 464 1401 Si
486 1367 610 1402 dixero
634 1369 785 1411 angelos
808 1379 874 1412 per
898 1367 1055 1412 primam
1078 1368 1199 1402 lucem
1221 1374 1382 1403 creatam
1406 1369 1442 1403 in
1465 1369 1592 1404 mundi
1606 1374 1661 1400 and
1675 1374 1783 1407 though·
1797 1375 1866 1408 they

46 1434 127 1466 Gen.
145 1434 165 1466 i.
187 1443 215 1474 3.
265 1425 446 1472 principio
466 1425 599 1460 debere
622 1425 783 1470 intelligi,
802 1426 848 1460 de
870 1437 942 1470 qua
960 1425 1141 1468 scribitur,
1159 1427 1344 1470 Dixitque
1368 1427 1483 1470 Deus,
1501 1428 1595 1461 Fiat
1605 1414 1816 1474 ᾗῗηὲἕῑᾶᾞῗὲὲ

211 1498 252 1520 20
265 1486 344 1526 lux,
380 1487 416 1517 et
431 1483 541 1528 facta
570 1484 642 1517 lux
667 1487 722 1517 est
752 1482 861 1527 (sicut
888 1483 1001 1528 aliqui
1030 1495 1105 1518 non
1135 1484 1332 1518 mediocris
1362 1485 1591 1520 auctoritatis
1605 1476 1653 1535 {¹122
1666 1476 1799 1542 ζξῑξζξξ

263 1544 436 1577 doctores
463 1539 659 1585 dixerunt),
685 1552 758 1575 non
784 1540 893 1575 video
921 1541 1078 1586 qualiter
1105 1542 1391 1586 precedentibus
1418 1549 1593 1587 aptantur

262 1600 470 1645 sequencia,
498 1599 569 1633 nisi
597 1598 925 1644 equivocacionem
949 1610 1163 1643 expressam
1190 1600 1378 1644 Scripture
1404 1612 1509 1635 sacre
1532 1613 1592 1636 as-

44 1679 109 1700 ver,
131 1679 157 1701 2,
262 1660 421 1701 cribam3
442 1658 541 1703 quod
553 1658 665 1693 michi
678 1669 883 1702 congruum
896 1669 971 1692 non
985 1658 1140 1693 videtur.
1169 1659 1338 1694 Precedit
1351 1660 1460 1703 enim,
1475 1661 1592 1695 Terra

262 1721 387 1751 autem
405 1720 488 1750 erat
503 1717 632 1750 inanis
647 1720 683 1750 et
698 1727 831 1759 vacua,
846 1720 882 1750 et
893 1717 1036 1750 tenebre
1051 1720 1163 1750 erant
1173 1717 1432 1761 superfacz‘em
1446 1718 1570 1762 abyssi
1579 1731 1593 1753 .·

263 1781 298 1810 et
318 1775 492 1820 sequitur,
520 1775 622 1808 Vidit
637 1775 741 1808 Deus
758 1775 886 1817 lucem,
904 1774 1007 1818 quod
1019 1778 1110 1808 esset
1126 1775 1243 1816 bonan
1267 1779 1303 1809 et
1318 1776 1453 1809 divisit
1474 1776 1591 1810 lucem

262 1846 286 1867 a
311 1834 493 1874 tenebr2·s;
528 1833 808 1877 appellavitque
836 1833 953 1866 lucem
980 1833 1076 1865 diem
1106 1836 1141 1866 et
1166 1833 1332 1867 tenebras
1358 1837 1496 1867 noctem
1510 1846 1524 1868 .·
1556 1840 1593 1869 et

42 1910 105 1931 ver.
126 1909 174 1940 14,
262 1897 532 1935 consequenter
552 1890 588 1924 in
612 1901 722 1934 opere
746 1896 875 1934 quarte
903 1889 975 1924 diei
1005 1889 1148 1933 dicitur,
1170 1891 1291 1924 Fiant
1314 1891 1525 1925 luminaria
1550 1893 1592 1925 in

42 1964 168 1996 dividit
186 1973 218 1998 Β.
249 1950 494 1993 firmamento
527 1948 605 1991 celi,
631 1952 667 1982 et
690 1948 868 1982 dividant
891 1948 986 1982 diem
1013 1952 1050 1981 et
1081 1952 1230 1982 noctem.
1281 1948 1320 1984 Si
1347 1960 1434 1993 ergo
1460 1949 1591 1984 dixeri-

260 2017 342 2040 mus
366 2007 486 2041 lucem
516 2005 742 2050 spiritualem
768 2005 818 2040 ibi
845 2006 980 2040 debere
1007 2005 1172 2049 intelligi,
1199 2012 1235 2040 et
1263 2007 1435 2041 tenebras
1465 2007 1591 2051 abyssi

206 2077 247 2108 30
261 2064 480 2108 spirituales,
507 2075 583 2098 non
610 2070 730 2108 potest
759 2063 796 2097 id
826 2063 944 2108 aptari
974 2063 1045 2097 diei
1075 2070 1111 2098 et
1137 2064 1250 2107 nocti,
1279 2076 1371 2109 quas
1396 2064 1591 2099 luminaria

40 2122 130 2152 Idem
144 2131 248 2153 om.B.
262 2121 465 2167 corporalia
498 2122 710 2156 diviserunt.
772 2122 878 2155 Idem
912 2121 1148 2166 consequitur
1176 2121 1205 2156 si
1238 2133 1304 2166 per
1337 2122 1456 2157 celum
1491 2123 1590 2167 quod

43 2181 126 2212 Gen.
144 2184 164 2213 i.
183 2191 208 2212 1.
260 2179 470 2215 nominatur
502 2180 564 2223 ibi,
597 2181 645 2213 In
679 2180 872 2224 prz'nczjbz'o
904 2181 1047 2213 creavit
1078 2180 1182 2213 Deus
1220 2181 1337 2214 celum
1370 2184 1407 2214 et
1437 2185 1590 2223 terram,

260 2238 459 2272 dixerimus
489 2238 640 2282 angelos
672 2237 807 2272 debere
840 2237 1005 2281 intelligi,
1041 2248 1124 2271 cum
1159 2238 1284 2272 statim
1319 2238 1368 2272 ibi
1404 2245 1590 2283 sequatur,

40 2304 105 2324 ver·
124 2294 153 2325 8-
265 2296 418 2329 Vocavz't
445 2296 549 2329 Deus
570 2296 858 2340 firmamentum
883 2295 1011 2337 celum,
1042 2301 1077 2329 et
1109 2294 1155 2329 de
1183 2295 1423 2330 luminaribus
1458 2296 1591 2330 dicitur

39 2362 102 2383 ver.
124 2361 172 2392 14.
258 2359 540 2397 consequentur,
560 2353 679 2386 Fiant
694 2352 906 2386 luminaria
926 2353 965 2385 in
971 2352 1217 2396 firmamento
1235 2353 1312 2387 celi.
1356 2353 1497 2388 Pariter
1514 2365 1588 2388 non

256 2410 364 2444 video
406 2410 506 2454 quod
539 2421 604 2454 per
636 2409 776 2454 aliquid
810 2409 1044 2443 nominatum
1078 2409 1172 2444 inter
1204 2421 1316 2455 opera
1350 2422 1413 2445 sex
1446 2411 1587 2445 dierum

256 2468 418 2503 debeant
444 2468 565 2513 angeli
591 2475 653 2502 aut
680 2474 835 2512 possunt
862 2467 1028 2511 intelligi,
1057 2468 1109 2502 sic
1135 2469 1234 2513 quod
1261 2469 1297 2502 in
1326 2468 1498 2513 operibus
1525 2481 1589 2504 sex

256 2525 397 2560 dierum
421 2526 540 2570 angeli
566 2526 803 2560 subticentur.
857 2527 937 2560 Nec
964 2526 1034 2560 hoc
1059 2526 1242 2570 discrepat
1265 2538 1287 2560 a
1307 2526 1481 2570 primaria
1499 2539 1586 2561 con-

255 2583 401 2618 dicione
434 2595 555 2617 rerum
589 2590 625 2618 et
658 2584 808 2626 ordine3
845 2583 1018 2628 quoniam
1053 2585 1164 2617 homo
1199 2590 1302 2618 sexto
1336 2584 1396 2618 die
1431 2591 1586 2627 creatus,

201 2641 292 2687 40in
319 2641 518 2676 creacionis
546 2641 732 2676 beneficiis
760 2653 993 2685 permanens,
1023 2653 1258 2686 nequaquam
1288 2641 1517 2685 indiguisset,
1549 2649 1587 2677 ut

255 2698 410 2741 videtur,
446 2699 651 2733 ministerio
684 2706 745 2733 aut
779 2699 939 2743 presidio
980 2700 1196 2743 angelorum
1231 2698 1355 2743 (super
1389 2710 1460 2743 quo
1493 2700 1586 2734 forte

257 2755 446 2801 Scriptura
471 2767 540 2790 nos
566 2757 712 2791 volebat
734 2756 913 2790 instruere
944 2756 980 2790 in
1011 2757 1243 2790 numerando
1266 2768 1309 2791 ea
1338 2767 1408 2801 que
1436 2763 1586 2801 propter

258 2814 474 2849 innocentes
514 2814 682 2850 homines
724 2821 826 2850 erant
871 2815 978 2856 sacta,
1013 2826 1076 2849 eos
1119 2814 1332 2858 omittens):
1379 2820 1432 2849 set
1474 2814 1584 2857 eguit,

42 1798 105 1819 ver.
123 1799 153 1829 4.
