2095 3278
239 185 324 228 432

897 183 1099 216 RICARni
1133 183 1438 216 ARMACHANI
1870 171 1972 228 [ΜΒ.
1998 186 2063 215 111.

520 286 607 322 facti
626 287 888 331 proprietatem
906 287 1016 323 efficit
1036 288 1090 333 (ut
1121 288 1158 322 in
1184 288 1291 323 huius
1315 294 1446 333 quarto
1465 286 1655 331 clarescet)
1676 293 1713 322 et
1729 286 1848 322 eciam
1862 285 1957 327 [370

520 351 660 389 prestat
676 356 942 390 nonnunquam
965 345 1112 381 titulum
1131 345 1208 381 sive
1226 357 1378 380 causam
1401 357 1467 390 per
1484 345 1659 380 iudicium
1677 356 1755 380 rem
1772 356 1847 380 non
1860 355 1899 377 ec.
1914 356 1979 376 om.
1994 352 2029 378 Β.

520 402 688 437 habitam
717 403 908 447 optinendi
938 410 974 438 et
1004 410 1198 448 optentam
1227 403 1345 438 eciam
1371 402 1562 446 retinendi,
1589 409 1625 437 et
1656 403 1693 437 in
1717 403 1847 438 eadem
1862 404 1998 435 alterum

521 471 681 504 persona
699 459 797 495 iuxta
814 460 1063 495 variacionem
1082 461 1200 505 ipsam
1218 461 1415 506 aliquando
1434 461 1570 495 iustum
1594 472 1849 505 possessorem
1860 452 1890 478 ‘’²“
1906 458 1969 478 om.
1983 455 2015 478 Β·

523 529 607 552 eum
631 518 753 561 efficit,
772 517 971 562 aliquando
997 518 1188 564 iniquum3
1216 530 1284 553 nec
1309 518 1463 564 acquirit
1491 518 1662 563 indigens
1686 530 1752 564 per
1777 519 1848 552 hoc
1863 531 1880 564 5

523 575 675 620 aliquod
693 575 747 610 ius
766 575 872 610 civile
892 575 945 619 (ut
964 576 1090 620 infers)
1110 576 1180 611 nisi
1205 577 1317 620 gratis
1335 578 1405 611 hoc
1422 577 1521 620 velit,
1541 583 1595 611 set
1614 588 1679 621 per
1695 576 1849 619 amplia-

524 633 669 667 cionem
695 633 749 668 sui
777 633 964 677 originalis
994 633 1147 668 dominii
1175 635 1297 679 quoad
1327 646 1445 678 usum,
1472 634 1558 679 quia
1582 640 1639 669 est
1666 633 1849 678 indigens,

523 690 755 735 restringitur
782 691 959 736 originale
989 691 1194 726 dominium
1218 692 1341 736 quoad
1369 703 1477 726 usum
1501 692 1538 726 in
1565 691 1626 726 illo
1652 691 1712 736 qui
1738 692 1848 725 rebus

524 749 727 783 habundat.
779 750 869 784 Ideo
887 761 945 784 res
963 749 1024 784 illa
1040 761 1114 794 qua
1131 756 1214 794 eget
1233 750 1302 784 sibi
1326 750 1561 785 adiudicatur
1579 749 1674 784 iusto
1702 749 1847 791 iudicio,
1863 754 1932 785 z'ud.
1946 764 2011 786 om.
2023 761 2055 785 Β.
2089 743 2095 791 ᾞ

525 806 643 841 eciam
675 807 756 850 lege
790 807 886 842 iusta
918 814 1048 842 nature
1083 807 1136 852 (ut
1171 807 1291 851 dicis),
1326 819 1396 853 que
1429 808 1486 842 lex
1519 807 1703 852 duplicem
1736 808 1848 842 habet
1862 812 1902 839 ut
1912 808 1942 839 d.
1956 819 2021 839 om.
2034 815 2065 840 Β.
2089 823 2091 832 ¹

523 864 717 900 effectum:
751 877 876 907 unum,
896 866 994 910 quod
1027 866 1074 900 ab
1108 866 1349 900 habundante
1382 865 1657 910 possessionem
1690 865 1783 900 tollit
1812 871 1848 901 et
2089 855 2091 858 V

522 933 643 966 usum,
662 922 721 967 qui
739 922 891 958 effectus
908 923 955 957 ab
976 923 1034 957 illo
1053 923 1114 968 qui
1132 935 1207 957 non
1225 924 1301 958 vult
1318 923 1463 958 titulum
1482 923 1624 958 civilem
1652 922 1848 958 admittere
1861 921 1942 970 qui:
1965 931 2043 962 quo·
2089 929 2091 955 ὲ

524 986 757 1024 acceptatur3
785 980 897 1015 alium
915 981 1026 1015 habet
1045 981 1227 1024 effectum,
1243 981 1341 1026 quod
1355 981 1459 1016 affert
1478 981 1533 1015 ius
1551 980 1678 1015 utendi
1696 981 1848 1025 pauperi
1861 974 1955 995 mam
1967 969 2012 996 est
2025 972 2064 997 M·

524 1037 717 1082 indigenti,
738 1049 811 1083 quo
835 1037 912 1072 iure
937 1048 1004 1072 seu
1027 1038 1133 1072 titulo
1159 1039 1311 1083 pauperi
1335 1038 1515 1083 indigenti
1540 1039 1592 1073 uti
1615 1050 1691 1072 non
1715 1039 1848 1083 placet,

524 1102 580 1130 set
597 1096 711 1140 gratis
731 1095 750 1116 ’¹‘
771 1096 860 1130 illud
879 1095 934 1130 ius
952 1095 1071 1130 renuit
1089 1107 1153 1130 seu
1171 1103 1315 1131 recusat
1335 1097 1543 1139 admittere,
1562 1097 1688 1131 volens
1707 1108 1746 1131 se
1764 1107 1848 1131 con·
1864 1100 1896 1128 D

522 1153 682 1188 formare
711 1154 853 1198 legibus
880 1165 944 1188 sue
974 1153 1125 1198 originis
1154 1153 1269 1198 (iuxta
1294 1154 1476 1199 premissa
1501 1154 1661 1199 capitulo
1686 1166 1744 1188 xv.
1769 1154 1850 1189 libri

523 1210 666 1254 huius>z
694 1211 792 1246 unde
811 1223 853 1246 ex
870 1212 940 1246 hoc
954 1211 1053 1256 quod
1072 1211 1207 1246 iustum
1224 1218 1280 1247 est
1299 1212 1334 1246 in
1354 1223 1441 1247 casu
1459 1212 1667 1256 indigencie
1682 1211 1850 1255 indigen-

523 1275 600 1303 tem
624 1269 758 1304 debere
777 1269 925 1314 preferri
944 1269 1036 1313 legis
1055 1276 1090 1304 et
1110 1269 1238 1305 iudicis
1262 1270 1346 1305 iusti
1367 1270 1501 1304 iudicio
1519 1281 1593 1304 non
1618 1270 1709 1304 satis
1733 1270 1850 1305 solide

525 1326 678 1362 intulisti
698 1328 797 1372 quod
815 1327 987 1371 indigens
1006 1327 1120 1361 habet
1136 1327 1296 1372 amplius
1314 1327 1369 1362 ius
1388 1327 1515 1362 utendi
1534 1339 1645 1372 quarn
1663 1328 1766 1362 alter.

574 1386 664 1420 IOH.
699 1386 906 1431 Utramque
947 1386 1225 1430 responsionem
1259 1392 1314 1420 set
1353 1386 1449 1420 hanc
1490 1385 1693 1420 secundam
1731 1385 1848 1430 magis
1865 1395 1905 1419 20

523 1449 688 1487 accepto.

570 1502 658 1536 RIC.
709 1500 809 1545 Quid
832 1512 917 1536 vero
935 1501 1106 1546 perfectis
1124 1500 1319 1536 conveniat
1347 1500 1383 1535 in
1402 1501 1473 1536 hoc
1490 1512 1579 1536 casu
1597 1506 1633 1536 et
1656 1500 1746 1546 quid
1763 1499 1940 1541 con-peff-
1955 1509 2020 1532 Om·
2035 1508 2065 1533 B·
2086 1508 2089 1549 ζ

523 1558 620 1602 gruit
638 1558 864 1603 imperfectis
881 1566 1005 1594 sextus
1022 1558 1131 1594 huius
1149 1560 1233 1594 Deo
1252 1559 1345 1594 duce
1361 1559 1545 1594 ostendet.
2086 1552 2088 1566 '⁸

573 1617 665 1652 IOH.
692 1617 856 1652 Sciciens
882 1618 1121 1662 prestolabor,
1147 1624 1183 1652 et
1207 1628 1292 1652 ecce
1321 1628 1395 1652 non
1423 1616 1572 1661 ambigo
1601 1615 1688 1662 quin
1718 1628 1847 1652 omnes
1860 1628 1946 1649 sc...
1962 1628 2045 1650 .ecce

524 1680 628 1709 actus
655 1674 836 1709 nominati
864 1675 1030 1720 superius
1051 1674 1216 1719 (scilicet,
1235 1673 1464 1719 permutacio
1482 1685 1552 1719 que
1579 1680 1635 1709 est
1658 1686 1744 1709 vera
1761 1686 1847 1709 ven·
1861 1671 1926 1693 0¹¹¹·
1941 1668 1972 1694 ¹³·

524 1731 633 1774 dicio,
651 1732 792 1767 locacio
817 1743 886 1777 que
910 1732 1021 1767 michi
1044 1732 1190 1767 videtur
1207 1732 1374 1777 aliqualis
1392 1731 1574 1775 vendicio,
1593 1732 1848 1767 commodacio
2084 1740 2087 1758 ³

524 1789 601 1825 sive
619 1790 814 1833 feneracio,
833 1790 1032 1835 deposicio,
1052 1790 1330 1834 impignoracio,
1349 1789 1624 1835 multiplicacio‚
1643 1796 1679 1825 et
1697 1801 1848 1825 conver-

524 1848 590 1892 sio,
632 1859 752 1883 rerum
795 1849 998 1883 secundum
1040 1848 1230 1883 modulum
1273 1854 1439 1882 creature
1480 1848 1658 1891 defensio,
1701 1847 1849 1893 insuper

524 1905 699 1951 repeticio
723 1906 799 1941 sive
825 1906 974 1950 eviccio,
993 1905 1112 1949 luicio,
1140 1912 1250 1950 atque
1276 1905 1514 1940 conservacio
1540 1905 1617 1940 sive
1643 1905 1849 1940 custodicio

524 1971 635 2009 atque
668 1975 884 2009 quecunque
923 1975 1045 1999 rerum
1085 1963 1332 1998 subiectarum
1366 1962 1533 2007 originali
1566 1963 1650 1997 Ade
1682 1963 1848 1998 dominio
1863 1972 1905 2004 30

524 2020 760 2056 racionabilis
776 2021 943 2066 sumpcio
955 2021 1031 2056 sive
1045 2020 1232 2064 tractacio,
1248 2032 1339 2065 quos
1355 2021 1422 2055 sub
1434 2032 1502 2055 usu
1517 2032 1582 2055 seu
1596 2027 1679 2055 actu
1693 2020 1848 2055 dominii

525 2079 671 2114 dixeras
698 2085 733 2114 te
759 2080 854 2114 velle
885 2078 1068 2124 accipere)
1098 2078 1191 2113 sicut
1222 2080 1305 2113 Deo
1334 2078 1481 2113 racione
1515 2078 1571 2113 sui
1598 2078 1765 2122 dominii,
1795 2079 1849 2113 sic

524 2138 637 2172 modo
656 2137 724 2172 sibi
744 2137 921 2172 conformi
940 2136 1080 2171 homini
1104 2136 1222 2181 primo
1240 2136 1387 2171 racione
1407 2136 1462 2171 sui
1487 2135 1675 2181 originalis
1694 2136 1847 2171 dominii

524 2196 777 2240 congruebant
794 2208 802 2238 ;
828 2195 910 2230 licet
938 2195 1106 2230 fortassis
1134 2206 1208 2229 non
1238 2206 1368 2229 omnes
1386 2195 1455 2228 hos
1478 2201 1581 2229 actus
1600 2194 1646 2229 de
1662 2194 1762 2229 facto
1780 2206 1848 2239 pro

525 2253 625 2288 omni
642 2260 808 2298 ternpore
822 2260 905 2298 post
918 2259 981 2288 aut
994 2260 1079 2287 ante
1093 2258 1286 2297 peccatum
1300 2252 1319 2272 *
1332 2264 1439 2287 suum
1454 2252 1688 2287 commissum
1702 2258 1847 2296 poterat
1861 2254 1944 2284 38A

526 2322 708 2354 exercere,
728 2312 900 2346 obstante
927 2311 1155 2356 professione
1179 2309 1326 2355 propria
1353 2316 1415 2344 aut
1444 2309 1643 2354 superioris
1672 2316 1848 2355 precepto

525 2375 588 2404 aut
600 2369 672 2404 alia
684 2380 796 2403 causa
806 2368 971 2413 legitima
984 2380 992 2404 :
1021 2368 1184 2403 dominio
1198 2375 1322 2402 tamen
1334 2367 1511 2413 originali,
1527 2367 1626 2412 quod
1644 2367 1849 2402 dominium

526 2427 609 2462 iusti
639 2427 778 2462 habent
805 2427 1026 2472 quicunque,
1053 2438 1127 2461 non
1155 2426 1318 2469 obviant,
1337 2432 1392 2461 set
1416 2425 1644 2461 concordant
1672 2431 1849 2470 tanquam

525 2485 641 2520 debiti
663 2484 741 2520 eius
759 2492 874 2520 actus.
926 2486 1113 2530 Quantam
1131 2490 1256 2519 tamen
1274 2484 1550 2519 restriccionem
1567 2483 1676 2518 huius
1694 2483 1846 2517 dominii

527 2543 651 2587 quoad
680 2543 749 2577 hos
778 2543 856 2577 eius
886 2549 991 2577 actus
1021 2549 1055 2577 et
1085 2542 1176 2577 alios
1210 2542 1326 2587 possit
1356 2542 1469 2576 homo
1498 2541 1596 2576 licite
1629 2541 1667 2576 in
1696 2552 1736 2575 se
1767 2541 1847 2586 ipso
1860 2552 1904 2585 40

526 2600 681 2645 efficere,
700 2612 722 2635 a
739 2606 774 2635 te
792 2600 919 2635 audire
936 2605 1099 2645 expecto.

574 2659 661 2692 RIC.
690 2659 733 2692 In
752 2664 854 2693 sexto
872 2657 991 2701 huius,
1011 2658 1103 2692 duce
1124 2658 1232 2700 Luce,
1250 2657 1287 2691 id
1306 2657 1376 2692 fiet.

577 2717 666 2750 IOH.
691 2716 785 2750 Cum
799 2715 990 2760 paciencia
1004 2716 1223 2759 exspectabo
1241 2727 1248 2756 3
1270 2720 1304 2749 et
1320 2713 1612 2758 descripcionem
1626 2712 1846 2757 premissam

528 2773 692 2817 dominii,
717 2773 813 2818 quod
839 2784 947 2818 super
969 2784 1027 2808 res
1055 2773 1162 2807 huius
1190 2772 1369 2807 inferioris
1397 2771 1523 2806 mundi
1548 2771 1685 2816 primus
1713 2781 1848 2816 parens
