2008 3305
208 231 295 260 oAP.
319 216 461 276 xan]
680 229 826 261 LIBER
860 229 1058 262 PRIMUS.
1732 223 1814 273 165

87 345 191 386 55D]
206 355 286 381 non
315 350 475 382 causant
502 344 645 382 dictam
674 344 909 391 volenciam;
938 351 979 381 ut
1012 344 1190 382 creancia
1219 344 1304 390 Dei,
1328 345 1409 382 eius
1439 357 1532 383 con-

205 415 411 460 servancia,
433 421 468 452 et
494 415 613 452 multa
644 414 716 452 alia
743 426 872 452 rerum
900 427 1042 463 genera
1072 422 1232 452 causant
1259 415 1426 462 Petrum,
1456 428 1532 465 que

204 496 284 521 non
322 491 481 522 causant
519 484 593 522 Dei
631 485 845 522 volenciam
888 485 1131 522 terminatam
1177 486 1436 535 principaliter
1483 486 1533 524 ad

203 555 381 593 eundern.
425 555 508 593 Nec
525 557 635 593 obest
657 556 759 601 illud,
776 555 977 605 Quidquid
998 563 1055 593 est
1075 568 1193 594 causa
1208 568 1321 594 cause
1342 564 1401 594 est
1416 569 1532 594 causa

171 634 190 666 5
205 625 360 671 causati,
377 625 434 662 vel
454 626 577 675 logice
593 626 651 664 vel
667 626 716 663 ad
732 638 886 664 sensum
909 638 988 664 non
1004 626 1127 675 logice
1145 625 1253 676 (quia
1268 639 1347 665 non
1365 627 1534 677 sequitur

205 695 268 732 ‘Si
306 709 330 734 A
368 696 416 733 sit
455 708 571 734 causa
608 697 753 734 causati
787 709 809 734 a
845 709 867 734 B
901 709 995 746 ergo
1027 703 1159 734 causat
1187 709 1303 735 omne
1332 705 1531 735 causatum

202 766 495 816 quomodolibet
515 767 564 804 ab
584 767 724 805 eodem
736 766 775 818 '),
796 779 869 805 nec
898 767 947 805 ad
977 779 1134 805 sensum
1161 768 1250 817 quia
1277 769 1533 806 communiter

201 836 406 885 exponitur
425 836 473 874 de
494 844 676 876 causante
697 844 733 875 et
753 844 911 875 causato
932 839 1169 875 servantibus
1189 838 1388 876 consimile
1407 851 1532 888 genus

201 918 326 944 cause.
384 906 535 945 Volicio
564 920 658 957 ergo
687 920 763 958 qua
787 907 894 945 Deus
914 908 994 946 vult
1022 920 1084 946 me
1113 920 1198 946 esse
1227 914 1284 946 est
1314 909 1533 958 simpliciter

151 993 190 1016 10
202 977 466 1027 independens
487 990 509 1015 a
528 979 605 1016 mei
635 979 814 1016 creancia
837 990 860 1015 a
887 979 1044 1016 materia
1062 984 1101 1016 et
1120 979 1307 1028 quotlibet
1326 980 1532 1028 generibus

103 1058 188 1088 56A
202 1060 275 1097 que
305 1060 367 1086 me
396 1054 565 1087 causant.
618 1048 693 1086 Sed
723 1061 812 1087 cum
830 1048 849 1068 *
866 1048 1041 1087 volencia
1068 1049 1132 1086 illa
1164 1056 1295 1087 causat
1318 1061 1381 1087 me
1411 1050 1531 1088 modo

201 1118 399 1156 efficientis
429 1119 545 1156 medii
575 1119 623 1157 ad
653 1119 770 1157 finem
795 1120 983 1165 ultimum,
1004 1119 1176 1157 videatur
1196 1119 1243 1157 de
1264 1133 1333 1170 per
1353 1133 1393 1158 se
1413 1133 1531 1159 causa

199 1188 305 1226 finali
325 1190 452 1235 medii,
469 1197 509 1227 ut
529 1190 656 1239 specie
678 1189 858 1236 humana,
874 1202 1016 1239 genere
1037 1190 1266 1238 substancie‚
1289 1197 1327 1228 et
1346 1191 1529 1229 universi·

199 1267 287 1306 tate,
309 1272 353 1298 ac
382 1261 463 1299 aliis
492 1261 733 1310 generalibus
763 1261 994 1310 aggregatis.
1052 1261 1103 1298 Et
1126 1262 1257 1299 omnia
1283 1262 1338 1299 sic
1368 1262 1531 1300 finaliter

149 1346 186 1378 15
201 1332 405 1369 causancia
434 1338 593 1370 causant
627 1332 666 1369 in
695 1331 782 1369 Deo
812 1332 1027 1369 volenciam
1059 1332 1330 1381 supradictam,
1359 1340 1401 1370 ut
1432 1334 1530 1371 sicut

199 1401 307 1439 Deus
327 1402 405 1439 vult
434 1414 497 1440 me
526 1414 610 1440 esse
639 1409 796 1452 propter
824 1402 898 1440 hoc
927 1402 1034 1451 quod
1063 1414 1137 1452 ego
1167 1414 1265 1449 sum,
1286 1403 1341 1441 sic
1371 1410 1531 1453 propter

199 1473 369 1521 speciem
399 1479 434 1510 et
464 1485 586 1522 genus
615 1472 819 1510 hominum
848 1472 1120 1522 integrandum
1150 1474 1305 1523 sapiens
1336 1473 1530 1512 Dominus

197 1542 276 1580 vult
296 1555 359 1580 me
380 1555 463 1581 esse
479 1556 489 1590 ;
519 1550 555 1581 et
576 1555 657 1581 non
678 1544 767 1593 quia
788 1550 889 1582 creat
908 1556 971 1581 me
992 1544 1166 1591 existere,
1189 1544 1258 1582 sed
1278 1551 1448 1582 econtra.

254 1613 433 1651 Secundo
464 1614 659 1652 dubitatur
688 1614 720 1651 si
753 1613 932 1652 causacio
964 1614 1090 1652 divine
1120 1614 1290 1652 volencie
1319 1615 1528 1665 aliquando
1541 1625 1565 1652 b.
1585 1626 1728 1666 Ast-othe

145 1684 363 1734 zoincipiat‚
385 1685 482 1722 sicut
511 1684 715 1722 causancia
742 1684 1073 1734 correspondens:
1103 1691 1141 1722 et
1159 1685 1304 1723 videtur
1328 1686 1433 1735 quod
1461 1661 1790 1731 Sic’gssffigssffifthe

200 1755 306 1804 ‘quia
327 1755 507 1793 causacio
523 1755 674 1805 passiva
691 1767 771 1793 non
787 1761 913 1804 potest
932 1755 1193 1805 temporaliter
1207 1757 1266 1794 vel
1287 1763 1422 1794 natura
1441 1770 1528 1807 pre-

198 1826 354 1864 ‘cedere
384 1826 632 1864 causanciam
664 1826 915 1872 correlatam;
951 1826 1019 1863 sed
1049 1833 1208 1864 econtra
1238 1827 1386 1865 videtur
1421 1828 1535 1878 quod'

198 1896 314 1934 ‘actio
345 1896 391 1933 sit
419 1896 608 1946 posterior
633 1896 824 1946 passione,
853 1908 945 1945 ymo
979 1896 1101 1934 multo
1132 1897 1350 1935 evidencius
1380 1898 1529 1936 videtur

199 1967 323 2017 ‘quod
342 1966 448 2005 Deus
468 1967 682 2005 eternaliter
702 1973 835 2004 causat
861 1967 1067 2017 quamlibet
1092 1974 1317 2015 creaturam,
1340 1974 1376 2006 et
1397 1976 1527 2007 tamen

145 2037 304 2087 25‘ipsa
332 2038 458 2075 solum
483 2037 741 2087 temporaliter
771 2044 828 2075 est
857 2044 1013 2075 causata
1027 2050 1037 2084 ;
1067 2045 1104 2076 et
1132 2045 1224 2076 tunc
1250 2039 1397 2076 videtur
1421 2040 1527 2088 quod

199 2108 343 2146 ‘omnis
364 2108 522 2147 effectus
542 2108 716 2146 absolute
736 2109 975 2146 necessarius
991 2109 1161 2147 eveniet.7
1201 2110 1265 2147 Ad
1286 2110 1379 2148 illud
1394 2111 1529 2149 dicitur
1540 2123 1561 2149 it
1575 2123 1598 2150 is
1610 2125 1748 2158 eternany

197 2179 315 2229 quod,
337 2180 431 2217 sicut
450 2180 548 2230 ydea
575 2180 732 2217 effectus
758 2179 972 2217 eternaliter
991 2187 1122 2218 causat
1140 2181 1179 2217 in
1199 2181 1287 2219 Deo
1306 2181 1522 2219 volenciam
1537 2159 1803 2225 icffssffifflgiiiect,

1536 2242 1592 2279 and
1606 2242 1654 2268 the
1667 2248 1795 2269 creature

1537 2284 1565 2300 ln
1578 2281 1642 2301 turn
1656 2275 1678 2302 is
1691 2277 1794 2302 caused

198 2328 331 2359 causat
360 2321 577 2359 eternaliter
602 2321 642 2358 in
661 2320 759 2370 ydea
777 2333 786 2367 3
817 2333 886 2370 par
905 2321 1008 2358 enim
1030 2321 1134 2359 racio
1155 2328 1212 2359 est
1232 2323 1458 2373 utrobique:
1487 2330 1525 2361 et
1537 2308 1653 2370 ξ’(ἷζὲἶοά
1666 2319 1695 2336 ¹¹²
1711 2310 1759 2336 ‘¹¹⁶²

144 2406 185 2437 30
199 2392 293 2430 sicut
331 2391 439 2429 Deus
478 2404 548 2441 pro
586 2391 740 2429 instanti
777 2392 962 2441 temporis
1001 2390 1250 2430 effectualiter
1286 2393 1419 2443 incipit
1460 2406 1524 2432 me

197 2250 496 2300 contingentem,
519 2251 572 2287 sic
593 2250 701 2288 Deus
722 2256 881 2287 econtra
901 2250 1112 2299 quamlibet
1131 2257 1348 2289 creaturam
1376 2253 1525 2290 adintra

196 2473 364 2507 causare,
386 2462 439 2499 sic
467 2473 539 2511 pro
569 2462 724 2499 instanti
752 2461 986 2511 incepcionis
1010 2462 1167 2500 effectus
1195 2463 1329 2512 incipit
1359 2464 1419 2501 ille
1447 2464 1522 2502 Dei

197 2532 410 2570 volenciam
426 2544 671 2578 concausam,
681 2544 798 2581 quam
813 2532 1027 2570 volenciam
1041 2532 1147 2570 Deus
1163 2539 1294 2570 causat
1309 2534 1524 2572 eternaliter

151 2614 183 2643 Β
198 2615 285 2641 cum
305 2603 424 2653 ydea;
455 2612 492 2641 et
512 2603 565 2641 sic
586 2601 787 2641 con*cedit
806 2603 954 2652 logicus
976 2603 1081 2653 quod
1107 2616 1178 2653 pro
1204 2604 1357 2642 instanti
1385 2606 1523 2643 eterni-

197 2675 283 2712 tatis
310 2681 366 2712 est
386 2675 469 2712 talis
491 2675 719 2723 contingens
739 2674 912 2712 volencia
932 2674 1125 2724 completa
1146 2682 1312 2721 causata,
1336 2676 1427 2726 quia
1450 2688 1521 2725 pro

230 2811 252 2835 9.
274 2803 447 2834 simpliciter
459 2804 483 2829 A
493 2802 531 2829 C:
552 2803 677 2841 simplex
692 2803 723 2828 B.
847 2813 887 2843 33.
909 2805 999 2830 medii
1009 2804 1085 2837 (mei)
1100 2805 1139 2832 B:
1159 2806 1217 2831 mei
1228 2806 1295 2833 AC.
1416 2808 1454 2833 16.
1472 2806 1522 2834 ltac

199 2837 221 2861 B
234 2843 239 2861 :
261 2845 313 2862 om.
326 2836 351 2861 A
360 2836 392 2863 C.
494 2838 533 2863 26.
552 2839 662 2863 evemet
673 2837 698 2862 A
710 2836 733 2863 C
744 2844 749 2863 :
771 2840 896 2863 evenzret
911 2838 941 2863 B.
