2008 3305
182 234 234 275 62
864 242 930 278 DE
963 245 1178 279 DOMINIO
1211 243 1384 280 Divm'o
1605 238 1710 296 [eAP.
1734 244 1791 277 ix.

463 368 543 398 non
568 362 747 410 sequitur,
769 362 833 399 ‘Si
857 363 1030 412 intelligo
1057 363 1172 401 istum
1196 363 1396 401 hominem
1416 370 1453 401 et
1473 364 1543 402 iste
1563 370 1691 414 potest
1711 374 1794 401 esse
1811 366 1908 409 [200

464 431 705 481 ‘episcopus,
744 444 837 481 ergo
876 433 1049 483 intelligo
1088 434 1204 471 istum
1243 432 1493 484 episcopum.’
1571 429 1676 472 Nam
1714 441 1794 472 tarn

460 501 695 540 accidentale
721 510 778 541 est
799 503 859 541 isti
886 504 951 550 rei,
979 504 1193 543 secundum
1218 517 1302 542 esse
1329 505 1575 555 intelligibile,
1603 505 1709 556 q'uod
1737 512 1794 543 est

460 572 589 609 divina
612 574 797 620 essencia,
818 581 860 612 ut
889 575 937 612 sit
963 582 1148 622 creatura,
1170 587 1287 626 quam
1308 575 1544 614 accidentale
1565 582 1623 614 est
1643 576 1793 614 homini

458 648 499 679 ut
533 643 580 680 sit
611 644 827 694 episcopus.
884 645 980 684 Ideo
1019 646 1097 683 dixi
1135 646 1241 696 quod
1272 658 1353 684 non
1385 647 1568 696 sequitur,
1591 650 1599 665 ‘
1617 647 1824 697 quamviss

460 716 603 752 ‘omne
642 715 750 764 quod
788 715 895 753 Deus
933 723 1061 766 potest
1100 717 1310 766 intelligere
1349 717 1526 755 absolute
1569 718 1792 755 necessario

457 787 466 802 ‘
482 784 712 834 intelligitur,
753 786 859 835 quod
907 787 1095 837 quidquid
1137 794 1265 837 potest
1312 788 1522 837 intelligere
1570 786 1789 837 intelligit3’

458 855 549 904 quia
570 856 757 906 quidquid
783 857 873 895 dicit
896 858 1061 914 formam
1083 857 1102 878 *
1127 870 1196 908 per
1216 871 1256 896 se
1278 858 1318 895 in
1343 871 1496 907 genere.
1553 858 1681 905 Unde,
1702 859 1791 897 licet
1805 866 1837 895 D

457 925 600 975 aliquid
620 926 727 964 Deus
747 934 875 977 potest
895 929 1105 978 intelligere
1126 929 1231 978 quod
1251 941 1332 967 non
1354 925 1539 978 intelligit,
1560 941 1641 967 non
1660 935 1791 967 tamen

457 996 626 1046 aliquam
659 1010 740 1035 rem
756 1011 766 1044 ,·
805 1011 878 1037 nec
908 1000 1051 1050 aliquid
1079 1006 1208 1050 potest
1237 1000 1406 1049 incipere
1438 1000 1497 1037 vel
1524 999 1699 1037 desinere
1731 1000 1790 1037 in·
1806 1008 1846 1031 10

456 1067 636 1116 telligere,
658 1068 747 1106 licet
770 1081 929 1107 omnem
953 1076 1167 1108 creaturam
1188 1071 1455 1119 contingenter
1481 1070 1677 1120 intelligat,
1699 1071 1791 1120 quia

456 1137 487 1173 si
526 1137 590 1174 illa
628 1146 802 1176 creatura
843 1153 924 1178 non
962 1148 1031 1188 est,
1071 1141 1178 1179 Deus
1223 1151 1305 1178 non
1346 1141 1522 1189 intelligit
1566 1147 1790 1187 creaturam,

454 1207 542 1245 licet
588 1209 773 1259 intelligat
816 1211 925 1261 quod
968 1217 1094 1261 potest
1132 1224 1217 1250 esse
1255 1212 1345 1249 data
1382 1218 1564 1248 creatura.
1636 1211 1687 1249 Et
1735 1212 1789 1250 sic

454 1278 625 1328 intelligo
644 1280 905 1329 Aristotelem,
923 1283 985 1321 xii.
1007 1282 1301 1332 Methaphisice,
1323 1282 1429 1332 quod
1450 1281 1558 1320 Deus
1585 1282 1711 1320 solum
1731 1282 1789 1319 in-

453 1349 587 1398 telligit
608 1352 713 1400 quod
739 1354 954 1391 secundum
982 1353 1139 1404 aliquod
1158 1365 1242 1391 esse
1263 1358 1321 1390 est
1341 1352 1473 1390 divina·
1489 1353 1675 1399 essencia,
1698 1352 1789 1402 quia
1805 1362 1842 1394 15

453 1419 562 1457 aliter
600 1421 860 1462 indubitanter
898 1425 1013 1462 nimis
1047 1424 1261 1470 vilesceret,
1299 1424 1330 1461 si
1373 1423 1600 1473 intelligeret
1643 1422 1788 1474 aliquid

452 1490 558 1540 quod
577 1504 657 1530 non
678 1500 735 1531 est
755 1494 861 1532 Deus
881 1496 940 1534 vel
960 1496 1063 1533 racio
1084 1495 1325 1545 exemplaris.

170 1554 441 1622 ξὲξ-Ῐζῶζζζζῑῑῡῃθδ
508 1561 559 1599 Et
592 1562 663 1600 iste
698 1565 874 1604 raciones
907 1566 1148 1616 exemplares
1176 1572 1264 1603 sunt
1287 1564 1516 1604 universalia
1542 1571 1686 1613 eterna,
1709 1576 1788 1616 que

452 1639 541 1669 sunt
574 1636 795 1674 necessario
834 1637 1102 1686 presupposita
1140 1637 1191 1675 ad
1229 1636 1480 1674 existenciam
1510 1642 1708 1683 creature;
1749 1642 1787 1674 et

448 1709 576 1752 preter
596 1704 668 1742 ista
689 1713 776 1744 sunt
795 1708 1024 1746 universalia
1050 1708 1089 1745 in
1120 1707 1312 1753 creaturis,
1333 1713 1471 1756 utputa
1499 1707 1674 1745 raciones
1695 1718 1786 1745 cau·
1802 1723 1841 1746 20

448 1774 548 1812 sales
583 1782 731 1823 create3
776 1784 813 1815 et
846 1779 964 1817 tercio
1003 1778 1126 1816 forme
1165 1789 1392 1816 communes
1429 1776 1587 1815 fundate
1628 1777 1668 1814 in
1707 1778 1786 1816 suis

448 1848 667 1896 suppositis,
696 1847 744 1886 de
777 1849 917 1899 quibus
947 1849 1173 1887 Aristoteles
1200 1854 1258 1886 est
1285 1848 1446 1886 locutus.
1506 1847 1591 1886 Nec
1616 1849 1787 1898 sequitur

448 1928 495 1953 ex
530 1918 604 1956 isto
640 1919 744 1968 quod
774 1920 880 1957 nulla
911 1926 1085 1958 creatura
1122 1925 1250 1970 potest
1279 1918 1455 1968 generari
1487 1918 1547 1956 vel
1576 1919 1784 1968 corrumpi,

446 1988 507 2025 vel
538 1989 645 2038 quod
679 1989 887 2040 aliquando
917 2003 997 2029 non
1021 1997 1088 2036 est,
1118 1990 1207 2040 quia
1236 1990 1392 2027 racione
1419 1988 1578 2027 subiecti
1605 1989 1786 2028 limitatur

447 2058 496 2095 ad
534 2059 787 2098 existenciam
832 2068 1027 2099 creature:
1076 2061 1127 2098 ita
1170 2060 1277 2110 quod
1323 2061 1423 2097 bene
1471 2060 1654 2109 sequitur,
1704 2060 1783 2098 Ista
1798 2069 1838 2101 25

446 2136 621 2167 creatura
642 2136 732 2169 tunc
763 2143 844 2169 non
873 2138 941 2178 est,
970 2137 1007 2169 et
1036 2136 1128 2169 tunc
1157 2137 1214 2168 est
1244 2130 1465 2179 aliquando,
1486 2142 1591 2180 ergo,
1611 2137 1683 2169 etc.
1743 2130 1783 2168 Si

446 2200 550 2237 enim
581 2202 654 2238 ista
684 2208 856 2240 creatura
885 2209 977 2240 tunc
1007 2208 1074 2248 est,
1104 2208 1197 2240 tunc
1227 2207 1284 2238 est
1314 2201 1396 2250 ipsa
1425 2207 1606 2239 creatura.
1666 2200 1782 2239 Unde

447 2282 528 2308 non
559 2272 740 2321 sequitur,
764 2272 878 2310 ‘Hoc
912 2278 1004 2310 tunc
1034 2279 1103 2318 est,
1132 2271 1286 2317 scilieet,
1314 2277 1403 2308 ante
1432 2271 1567 2308 mundi
1597 2272 1781 2309 constitu-

449 2343 458 2359 ‘
470 2341 636 2389 cionem,
655 2349 691 2379 et
704 2343 776 2381 hec
792 2350 849 2380 est
868 2344 939 2381 ista
955 2349 1150 2389 creatura;
1180 2353 1274 2391 ergo
1295 2342 1368 2379 ista
1383 2347 1558 2379 creatura
1572 2348 1664 2380 tunc
1680 2348 1736 2380 est
1748 2355 1760 2389 ;,
1773 2342 1781 2358 ’

447 2411 537 2459 quia
575 2412 825 2462 equivocatur
859 2413 898 2450 in
927 2413 1058 2451 medio
1088 2425 1111 2450 a
1139 2413 1296 2450 racione
1326 2412 1538 2461 exemplari
1566 2412 1625 2450 vel
1653 2412 1782 2450 divina
1796 2424 1836 2455 30

446 2482 624 2520 essencia
650 2482 698 2520 ad
725 2483 977 2521 existenciam
1008 2489 1191 2521 creature.
1250 2482 1300 2520 Et
1329 2482 1360 2520 si
1390 2482 1570 2532 queritur,
1592 2483 1685 2532 quid
1706 2482 1782 2521 hoc

444 2557 512 2597 est,
534 2556 617 2589 ante
643 2554 777 2590 mundi
799 2555 1104 2600 constitucionem,
1127 2553 1263 2591 dicitur
1289 2552 1395 2602 quod
1421 2553 1526 2590 racio
1550 2553 1781 2602 exemplaris

444 2628 480 2659 et
501 2634 568 2672 per
588 2635 831 2673 consequens
849 2624 870 2647 *
888 2623 996 2662 Deus
1012 2637 1021 2670 ;
1052 2630 1088 2661 et
1109 2623 1183 2661 hoc
1205 2630 1261 2662 est
1281 2624 1353 2661 ista
1372 2629 1567 2661 creatura:
1594 2629 1630 2661 et
1650 2629 1779 2661 tamen
1793 2634 1873 2665 21A

1010 2751 1049 2775 24.
1067 2744 1109 2768 cst
1122 2751 1175 2769 om.
1191 2742 1222 2768 B.

795 2851 842 2882 14.
867 2842 969 2874 Arist.
988 2842 1136 2883 Metaph.
1154 2843 1197 2873 xi.
1215 2851 1234 2884 9
1251 2853 1281 2884 p.
1304 2849 1387 2883 1074
1403 2843 1429 2874 h.
