2008 3305
176 183 226 223 18
839 191 904 221 DE
938 189 1158 221 DoMrNro
1192 188 1369 219 Drero
1593 174 1697 233 [CAP.
1721 188 1785 216 111.

455 306 716 356 perdicionem
733 306 947 344 dominium
962 304 1206 354 deperdente.
1264 303 1370 341 Deus
1387 310 1513 340 autem
1528 315 1595 351 per
1608 314 1648 339 se
1669 302 1788 338 iustus
1803 303 1879 344 [6A

455 390 552 426 puro
573 384 661 415 actu
682 376 835 414 creandi
856 376 1022 425 adquirit
1043 375 1268 412 dominium.
1327 374 1427 411 Cum
1453 385 1545 422 ergo
1571 373 1721 410 creacio
1744 373 1790 409 sit

455 448 830 486 incommunicabilis
857 454 1039 493 creature,
1057 459 1104 484 eo
1125 445 1229 495 quod
1250 445 1374 482 solum
1395 444 1640 493 omnipotens
1660 456 1791 481 creare

457 520 606 569 poterit,
634 518 803 568 sequitur
826 517 930 567 quod
959 518 1099 555 modus
1130 516 1245 554 divini
1276 515 1434 553 dominii
1464 522 1613 553 tantum
1642 515 1792 552 excellit

457 591 671 628 dominium
689 596 857 627 creature
874 595 1060 638 quantum
1077 587 1363 636 omnipotencia
1379 593 1546 624 creatam
1561 586 1791 635 potenciam.
1807 596 1823 627 5

175 664 197 680 c.
216 663 247 680 as
260 652 396 687 touching
409 653 445 680 its

177 688 278 720 object,

178 722 298 781 ,Ῑξῑξζξῖξ
311 722 385 781 ζζῗῃ
460 732 563 769 Nam
593 739 670 769 tam
700 730 909 768 vehemens
938 737 994 767 est
1027 729 1241 767 dominium
1275 728 1447 766 divinum
1481 728 1586 778 quod
1621 735 1793 765 creatura

177 789 410 849 ξέἒῇῗέξῗοάἕοά,
461 815 541 840 non
561 808 688 852 potest
708 802 922 839 ommittere
945 801 1086 838 servire
1107 799 1206 846 Deo,
1230 800 1429 837 serviendo
1450 800 1555 837 alteri
1576 799 1736 836 domino
1757 806 1794 836 et

512 661 657 698 Tercio
677 673 725 697 ex
747 667 854 709 parte
877 658 1123 697 dominabilis
1145 670 1234 695 cum
1262 670 1333 695 suo
1363 657 1523 694 servicio
1550 663 1652 706 patet
1678 656 1791 693 idem.

460 886 540 911 non
571 874 642 910 sibi
656 886 665 919 ;
697 873 786 922 quia
813 872 842 909 si
872 871 992 909 homo
1016 871 1128 908 servit
1148 871 1325 920 dyabolo,
1349 883 1436 908 cum
1457 870 1585 908 omnis
1607 870 1793 919 dyabolus

460 946 506 982 sit
527 957 656 982 servus
677 943 762 991 Dei,
785 955 832 981 eo
854 943 937 992 ipso
968 943 1079 980 servit
1099 942 1197 980 Deo.
1254 942 1389 992 Itaque
1418 941 1537 979 homo
1563 941 1674 978 servit
1694 940 1792 986 Deo,
1810 955 1849 976 10

460 1023 524 1054 aut
553 1015 730 1053 faciendo
759 1021 801 1051 ut
829 1014 954 1060 debet,
987 1014 1085 1051 sicut
1115 1025 1245 1051 servus
1276 1014 1401 1051 bonus
1431 1021 1467 1051 et
1497 1013 1629 1060 fidelis,
1661 1019 1726 1049 aut
1755 1019 1796 1049 ut

460 1098 590 1124 servus
614 1098 781 1135 nequam
803 1091 840 1122 et
868 1085 937 1122 sibi
968 1085 1039 1134 ipsi
1069 1085 1219 1129 inutilis,
1241 1084 1430 1134 paciendo
1451 1085 1557 1134 quod
1578 1084 1703 1133 debet,¹
1723 1083 1797 1120 Dei

460 1157 623 1207 gloriam
643 1156 938 1201 manifestando,
953 1162 990 1193 et
1010 1155 1086 1193 suis
1105 1156 1259 1193 utilibus
1280 1156 1525 1193 servitoribus
1546 1155 1796 1205 proficiendo.

461 1227 545 1266 Nec
577 1228 717 1265 omittit
748 1227 855 1265 Deus
890 1228 1013 1264 eciam
1048 1227 1112 1264 tali
1151 1239 1260 1265 servo
1294 1238 1461 1275 nequam
1495 1226 1796 1264 vicissitudinem

460 1306 635 1336 mutuam
668 1305 1009 1348 supererroganter
1043 1298 1255 1347 rependere
1273 1310 1282 1344 ;
1327 1310 1415 1336 cum
1452 1310 1612 1335 ornnem
1645 1309 1795 1335 servum
1812 1308 1850 1341 15

460 1370 605 1408 factum
637 1382 685 1407 ex
717 1369 870 1415 nichilo,
900 1369 1123 1418 ubicunque
1162 1368 1284 1416 fuerit,
1315 1375 1509 1419 preservat
1542 1368 1798 1407 essencialiter

461 1448 499 1479 et
533 1442 745 1490 gubernat:
778 1447 815 1478 et
846 1440 900 1478 sic
931 1440 1100 1478 creando
1129 1440 1302 1490 prevenit
1331 1440 1568 1478 conferendo
1602 1440 1797 1486 solarium,

463 1512 713 1550 sustentando
737 1512 941 1550 comitatur
968 1511 1100 1548 iuvans
1128 1511 1177 1549 ad
1206 1511 1425 1549 mercedem
1454 1511 1513 1549 vel
1539 1511 1739 1561 premium,
1761 1518 1798 1549 et

463 1583 717 1631 gubernando
764 1583 1014 1632 consequitur
1061 1594 1208 1631 augens
1255 1583 1499 1620 beneficium.
1563 1582 1640 1619 Sed
1688 1594 1798 1620 secus

464 1654 904 1691 incommensurabiliter
933 1660 989 1690 est
1023 1652 1070 1690 de
1105 1653 1277 1702 quolibet
1306 1660 1434 1690 creato
1463 1653 1636 1691 domino.
1693 1652 1796 1690 Nam
1814 1671 1852 1693 20

463 1724 644 1761 dominus
674 1731 858 1770 terrenus,
880 1731 920 1761 ut
947 1724 1156 1773 plurimum
1185 1724 1271 1773 plus
1300 1723 1446 1773 indiget
1473 1724 1652 1762 servitore
1679 1736 1798 1774 quam

462 1802 634 1841 econtra,
656 1802 693 1833 et
712 1807 783 1844 pro
804 1793 1011 1832 men*sura
1031 1795 1209 1832 absencie
1229 1794 1345 1832 nichil
1366 1795 1502 1833 influit.
1809 1803 1840 1831 B

520 1866 618 1903 Istas
639 1866 825 1913 veritateS‚
848 1866 918 1904 etsi
944 1866 1017 1903 sint
1041 1866 1303 1915 patentissime
1331 1866 1661 1913 demonstrabiles,
1682 1880 1800 1917 prop-

185 1950 423 1992 omgbestworks
466 1944 523 1975 ter
552 1949 685 1974 earum
715 1937 935 1987 patenciam
965 1938 1154 1974 narrative
1184 1937 1319 1975 refero.
1379 1937 1456 1975 Sed
1487 1938 1516 1975 si
1547 1939 1674 1988 queris
1699 1939 1798 1976 testi-

184 1986 298 2052 ssss'oii'tofl
311 1994 347 2011 ΠΟ
468 2008 642 2045 moninm
663 2007 853 2054 Veritatis,
875 2020 965 2045 ecce
996 2020 1115 2057 quam
1145 2008 1345 2046 salubriter
1364 2021 1453 2046 eum
1483 2009 1596 2047 docet
1627 2009 1799 2048 Salvator
1815 2029 1852 2061 25

465 2091 534 2128 per
571 2078 701 2116 locum
739 2091 761 2116 a
800 2078 948 2124 maiori,
988 2077 1081 2116 Luc.
1118 2079 1204 2116 xvii.
1242 2089 1357 2128 7-10.
1415 2079 1518 2117 Nam
1558 2080 1588 2118 si
1627 2087 1800 2118 terrenus

464 2149 648 2187 dominus
687 2149 937 2187 conduxisset
981 2162 1130 2187 servum
1169 2150 1266 2187 ultra
1305 2151 1609 2200 condignitatem
1653 2152 1800 2190 servicii

465 2220 747 2258 racionabiliter
775 2220 1011 2269 iniungendi,
1037 2233 1119 2259 non
1148 2228 1305 2271 propter
1330 2222 1640 2271 complecionem
1670 2223 1800 2260 minis-

466 2291 548 2329 terii
568 2291 726 2329 haberet
746 2292 919 2340 graciam
940 2304 1051 2329 servo
1071 2291 1145 2338 illi;
1175 2292 1296 2330 multo
1323 2292 1408 2342 plus
1428 2305 1520 2342 ergo
1548 2293 1601 2331 sic
1623 2293 1669 2331 de
1690 2293 1798 2332 Deo:

468 2362 532 2407 sic,
567 2362 690 2411 inquit
726 2362 913 2408 Salvator,
950 2362 1045 2401 Cum
1061 2364 1236 2414 feceritis
1269 2365 1391 2401 omnia
1422 2377 1488 2413 que
1511 2370 1681 2414 precepta
1714 2370 1802 2402 sunl
1813 2376 1854 2407 30

468 2433 578 2478 vobis,
621 2434 736 2479 dicde,
778 2432 893 2470 Servi
926 2435 1072 2470 mutiles
1113 2447 1270 2478 summm
1318 2436 1417 2484 quod
1450 2435 1636 2473 debuimus
1667 2437 1800 2487 facere

451 2505 631 2554 ficimus.
689 2503 792 2541 Ecce
823 2504 953 2541 tiriaca
982 2505 1178 2554 emperica
1201 2512 1337 2543 contra
1364 2506 1635 2555 subrepentem
1667 2519 1799 2556 super-

467 2575 569 2611 biam
601 2587 647 2612 ex
679 2576 921 2624 prerogativa
946 2575 1106 2613 dominii
1136 2576 1209 2613 Dei
1241 2584 1402 2626 sumpta.
1461 2577 1564 2614 Nam
1594 2585 1799 2627 quantum-

467 2657 619 2694 cunque
656 2645 777 2682 viator
811 2646 988 2683 meruerit
1023 2646 1221 2696 implendo
1256 2648 1387 2685 omnia
1421 2647 1493 2685 Dei
1529 2648 1711 2686 mandata
1742 2661 1800 2686 se-

503 2751 539 2772 ¹4·
562 2743 570 2770 ΙΙ
582 2750 704 2774 nequam
721 2743 742 2768 B
757 2743 772 2767 f.
796 2751 876 2775 2¹40
986 2753 1021 2775 17.
1043 2744 1186 2769 salariam!
1206 2744 1229 2769 A
1242 2745 1281 2770 C:
1301 2746 1449 2771 salarfmn
1471 2746 1499 2771 B.
1616 2756 1653 2771 21.
1671 2747 1739 2777 plus
1760 2746 1798 2771 B:

466 2784 518 2799 om.
535 2775 604 2834 EX?
698 2779 737 2802 28.
760 2783 825 2802 ante
845 2778 1006 2804 ministerii
1020 2779 1041 2804 Β
1079 2779 1154 2804 aisti
1166 2778 1191 2803 in
1209 2787 1293 2811 marg.
1311 2779 1398 2805 addit.
1504 2789 1542 2812 32.
1562 2780 1760 2812 antesecc'mus
1774 2780 1799 2805 A

465 2816 520 2833 nost
554 2818 569 2834 a
592 2814 626 2835 et.
