2008 3305
207 211 293 241 GAP.
311 197 425 256 xm]
683 209 827 240 LIBER
861 209 1057 242 PRIMUS.

93 327 191 369 37B]
206 323 334 360 Prima
354 323 457 360 enim
482 324 590 372 ponit
611 323 716 373 quod
734 323 842 361 Deus
863 329 989 373 potest
1019 336 1173 373 semper
1199 336 1278 362 non
1302 325 1530 374 produxisse

205 393 393 431 mundum
415 394 473 431 vel
502 394 669 443 aliquam
698 402 922 440 creaturam,
952 407 1056 443 ymo,
1087 394 1193 443 quod
1222 395 1381 443 quilibet
1412 395 1533 432 homo

165 471 331 513 crpotest
361 476 518 501 omnem
547 471 676 501 actum
706 477 823 513 quem
850 465 989 501 fecerat
1019 464 1209 502 liberrime
1233 463 1251 483 ’¹‘
1274 477 1355 502 non
1385 465 1532 502 fecisse.

206 534 285 571 Ista
314 541 442 572 autem
472 534 641 572 secunda
665 534 755 571 dicit
784 534 890 584 quod
920 547 991 572 nec
1021 536 1245 584 preteritum
1274 548 1345 573 nec
1376 547 1534 584 presens

175 605 262 646 5vel
284 605 450 642 futurum
475 612 600 654 potest
623 617 703 642 non
723 617 830 650 esse;
861 605 928 642 sed
948 606 1044 643 sieut
1071 605 1244 643 absolute
1274 606 1535 643 necessarium

204 684 261 714 est
281 676 409 713 Deum
431 688 515 713 esse
535 676 592 712 vel
612 676 823 725 quamlibet
842 677 1050 721 veritatem,
1069 677 1121 713 sie
1143 689 1260 713 omne
1282 678 1429 714 instans
1450 689 1535 726 pre-

207 748 359 785 teritum
389 746 448 783 vel
478 746 661 791 futurum,
684 746 781 783 sicut
811 753 847 783 et
877 759 1035 784 omnem
1066 747 1261 792 effectum,
1283 754 1340 784 est
1360 747 1536 784 absolute

207 817 421 856 necessario
443 828 526 853 esse
547 828 618 865 pro
640 828 710 853 suo
739 824 923 866 tempore,
945 818 1034 867 quia
1064 830 1144 855 non
1174 824 1300 866 potest
1328 830 1413 855 esse
1444 817 1538 866 quin

207 888 338 933 fuerat,
360 894 428 933 est,
450 888 507 924 vel
536 888 616 933 erit,
646 894 683 924 et
713 900 781 937 per
809 900 1052 938 consequens
1083 901 1162 926 non
1192 896 1318 939 potest
1344 901 1423 927 non
1453 900 1537 926 esse

157 972 198 994 10
210 971 279 1009 pro
300 971 369 995 suo
389 965 574 1007 tempore.

263 1029 409 1067 Contra
430 1029 534 1078 quod
554 1028 701 1066 videtur
729 1029 921 1079 Scriptura
951 1030 1162 1080 multiplex,
1186 1031 1245 1068 cui
1269 1037 1421 1080 oportet
1447 1029 1724 1100 fide'g‘ssssissffi'em

205 1101 284 1138 ,lem
313 1100 477 1139 credere.
538 1099 643 1136 Nam
673 1099 769 1138 Mat.
798 1101 899 1137 xxvi.
930 1111 979 1150 53
1011 1102 1101 1139 dicit
1121 1101 1274 1139 Veritas
1303 1102 1539 1150 pertinenter

210 1171 259 1208 ad
289 1171 441 1209 Petrum
480 1171 672 1208 volentem
708 1171 834 1220 ipsum
868 1171 1088 1209 humanitus
1120 1173 1325 1219 vindicare,
1366 1172 1432 1208 An
1467 1184 1540 1208 non

202 1247 318 1291 putas
350 1242 449 1290 quod
468 1248 621 1290 possum
649 1254 783 1290 rogare
814 1242 972 1279 Patrem
1005 1256 1133 1287 meum,
1167 1248 1201 1280 et
1231 1242 1421 1280 exhibebit
1449 1243 1547 1278 mihi

160 1318 197 1350 15
212 1314 312 1350 modo
332 1314 423 1362 plus
450 1324 561 1360 quam
595 1312 778 1348 duodecim
812 1314 967 1361 legiones
995 1315 1211 1362 angelorum
1225 1316 1245 1350 P
1274 1313 1367 1350 Non
1396 1313 1542 1349 videtur

211 1384 306 1421 illud
337 1383 481 1420 dictum
519 1382 633 1419 fuisse
667 1383 863 1431 pertinens
897 1384 970 1421 nisi
1005 1384 1053 1421 ad
1086 1396 1242 1421 sensum
1274 1384 1381 1433 quod
1414 1384 1541 1432 potuit

213 1454 450 1491 adversarios
489 1465 579 1490 suos
615 1465 682 1502 per
720 1453 880 1501 angelos
919 1454 1151 1492 confudisse.
1209 1454 1377 1491 Notatur
1415 1454 1540 1491 eciam

214 1525 318 1573 quod
348 1524 377 1561 si
408 1523 580 1560 Christus
610 1523 833 1572 simpliciter
862 1525 1074 1574 quidquam
1104 1525 1208 1573 petit,
1232 1531 1323 1562 tunc
1353 1524 1448 1561 illud
1477 1523 1543 1560 ha-

215 1595 329 1632 bebit.
387 1594 482 1632 Ideo
503 1594 708 1631 indicative
732 1595 912 1631 enunciat
933 1607 1021 1632 cum
1049 1595 1149 1641 dicit,
1170 1595 1368 1638 exhibebit,
1391 1595 1544 1643 supple,

163 1667 252 1703 20si
276 1666 354 1702 volo
391 1665 617 1712 simpliciter.
676 1664 761 1702 Nec
795 1665 943 1702 videtur
975 1665 1100 1714 prima
1134 1665 1394 1715 interrogacio
1428 1665 1545 1702 fuisse

215 1736 407 1785 pertinens
428 1735 500 1772 nisi
521 1735 695 1772 innueret
716 1734 911 1772 Christum
931 1736 1102 1785 potuisse
1132 1748 1270 1785 rogare
1301 1735 1454 1773 Patrem
1473 1747 1544 1784 pro

216 1806 387 1844 subsidio
415 1805 559 1843 nedum
589 1813 712 1843 totum
739 1806 948 1843 exercitum
977 1807 1205 1856 angelorum
1235 1807 1303 1845 sed
1337 1813 1544 1856 quantum-

215 1877 306 1914 libet
326 1888 513 1925 magnum
537 1876 749 1913 humanum
779 1876 990 1923 brachium,
1021 1877 1081 1913 vel
1111 1889 1249 1914 omnes
1277 1877 1427 1915 emulos
1455 1889 1545 1926 pro·

217 1947 300 1997 pria
319 1947 464 1992 virtute,
483 1947 579 1983 sicut
599 1946 736 1994 legitur
756 1946 939 1984 Iohannis
959 1947 1058 1984 xviii.
1080 1948 1261 1997 capitulo,
1284 1947 1545 1997 prostravisse.

168 2030 207 2062 25
221 2017 272 2055 Et
301 2017 405 2054 idem
439 2023 551 2054 sonat
586 2017 811 2066 reprobacio
840 2018 1104 2066 apostolorum
1134 2018 1426 2063 dormiencium,
1456 2029 1547 2055 cum

219 2088 335 2137 paulo
356 2093 444 2124 ante
465 2088 602 2125 eodem
623 2088 789 2136 capitulo
809 2089 859 2124 ait
889 2087 1012 2134 Petro,
1032 2087 1122 2125 Non
1142 2089 1321 2137 potuistis
1349 2101 1425 2125 una
1453 2088 1548 2124 lzora

219 2159 378 2207 vigilare
398 2171 531 2194 mecum
547 2160 568 2194 ,ν’
596 2158 661 2194 ubi
680 2158 829 2195 videtur
848 2159 962 2195 verba
982 2158 1237 2208 increpatoria
1258 2159 1549 2207 impertinenter

173 2236 259 2266 Det
286 2229 599 2266 irracionabiliter
628 2228 828 2277 protulisse
854 2227 872 2247 ’¹‘
902 2229 974 2265 nisi
1005 2229 1171 2278 apostoli
1201 2229 1426 2267 habuissent
1454 2236 1547 2267 tunc

221 2300 442 2348 potenciam
473 2306 509 2336 et
538 2299 708 2336 debitum
729 2299 931 2347 vigilandi:
962 2300 1070 2336 aliter
1099 2301 1203 2337 enim
1233 2300 1551 2337 irracionabiliter

170 2384 211 2414 30
222 2370 455 2418 increpasset
482 2382 552 2418 pro
581 2369 645 2406 illo
666 2370 773 2406 cuius
793 2370 1013 2418 oppositum
1044 2370 1194 2407 ordinat
1223 2370 1396 2408 absolute
1418 2382 1552 2407 neces-

223 2440 322 2477 sario
352 2440 522 2486 evenire;
556 2446 593 2477 et
631 2452 699 2488 per
737 2451 979 2489 consequens
1018 2451 1134 2477 nemo
1166 2440 1357 2489 obligatus
1395 2440 1444 2477 ad
1483 2441 1551 2476 im-

224 2511 401 2558 possibile
423 2510 643 2559 simpliciter
662 2510 791 2546 debuit
812 2510 1031 2559 oppositum
1053 2510 1281 2559 implevisse.

660 2614 684 2640 8.
702 2613 861 2639 necessario
874 2613 899 2638 A
909 2612 947 2639 C:
968 2621 1074 2639 necesse
1087 2612 1122 2638 B.

274 2713 320 2743 13.
348 2705 496 2736 Petrum.
542 2704 615 2735 The
645 2713 741 2734 name
768 2703 794 2734 is
821 2702 919 2734 taken
943 2702 1027 2733 from
1051 2702 1105 2733 the
1132 2701 1271 2743 parallel
1299 2702 1392 2742 place
1419 2701 1452 2732 in
1477 2702 1553 2743 Joh.

227 2766 315 2787 xvm.
337 2765 386 2788 10,

274 2818 322 2848 24.
346 2808 421 2839 Ver.
441 2807 489 2839 26.
1098 2804 1148 2837 26.
1173 2804 1292 2836 Matth.
1312 2804 1396 2834 xxvi.
1414 2813 1466 2844 40.

1732 212 1810 254 113
