2095 3278
48 184 139 214 cAP.
161 172 239 226 vr]
602 179 669 211 DE
701 179 947 213 PAUPERIE
978 178 1294 213 SALVATORIS.

149 294 445 345 27D]resolucio
478 292 557 330 eius
591 305 748 340 sequens
780 305 824 330 ex
856 305 954 340 pena
990 294 1133 340 peccati
1168 294 1205 328 in
1237 300 1384 338 terram,
1414 293 1591 338 quoniam

263 359 394 388 natura
427 352 495 387 sibi
531 351 770 387 similioribus
803 352 961 397 amplius
996 357 1232 387 sustentatur.
1295 352 1345 386 Et
1386 350 1436 385 ita
1468 350 1592 386 decuit

264 421 408 444 summe
425 410 574 452 bonum,
589 421 731 445 summe
749 410 965 454 sapientem,
977 416 1013 444 et
1032 420 1175 444 summe
1194 414 1385 453 potentem
1402 409 1593 443 Artificem

265 479 375 512 super
391 467 500 502 rebus
518 467 676 512 amplius
702 466 921 502 necessariis
939 467 1098 511 amplius
1125 466 1266 500 homini
1292 466 1484 511 providere
1507 466 1591 501 sub-

232 528 249 560 5
265 524 412 567 sidium,
440 524 509 559 sibi
536 536 647 569 super
671 524 740 560 illis
767 524 974 559 dominium
1000 524 1214 568 ampliando
1243 530 1278 558 et
1307 524 1518 559 facultatem
1548 535 1593 558 eo

264 582 377 617 modo
410 583 519 617 rebus
554 583 601 617 ab
633 594 678 618 eo
711 582 893 627 possessis
927 593 1087 626 congrue
1120 581 1346 626 possidendi.
1410 582 1523 617 Unde
1557 582 1593 616 in

264 640 489 675 elementum
515 640 621 684 ignis,
640 639 687 675 de
713 651 786 685 quo
812 639 907 674 inter
926 640 1109 674 elementa
1127 645 1282 684 quatuor
1304 639 1456 674 minime
1481 640 1593 674 habet

0 686 3 741 J
48 712 197 749 corpffe:
264 697 377 732 homo
404 697 440 732 in
467 708 630 742 corpore,
650 708 781 742 parum
808 703 931 742 potest
956 697 1067 731 homo
1092 702 1155 731 aut
1180 696 1304 741 nichil,
1323 696 1394 732 nisi
1413 704 1594 742 quatenus

47 752 176 792 origine
193 758 232 782 M.
264 766 309 790 ex
341 755 581 800 providencia
610 755 665 790 sui
700 755 861 790 amantis
891 754 1053 790 Artificis
1084 766 1128 789 eo
1158 754 1294 790 utiliter
1319 755 1371 789 uti
1404 761 1527 800 potest
1558 755 1595 789 in

0 806 3 849 ἒ
47 818 200 850 terrestri
219 825 251 851 B.
264 812 418 848 materia
443 813 564 848 aliena
590 819 835 857 congruenter
864 812 1125 848 sustentacioni
1151 824 1215 847 sue
1244 819 1374 848 nature
1401 812 1595 848 terrestris.

265 872 419 915 Propter
446 870 545 905 istud
572 870 691 905 tocius
719 877 815 905 terre
843 870 1049 905 dominium
1078 876 1167 915 puto
1194 870 1335 905 dictum
1365 870 1402 905 in
1435 871 1595 913 Psalmo,

0 941 3 968 ·,
48 937 100 968 Ps,
117 936 207 968 cxiii,
268 928 395 963 Celum
421 929 491 963 celi
513 929 688 971 Domino,
715 932 857 963 terram
883 932 1008 963 autem
1033 928 1136 962 dedit
1150 928 1255 973 filiis
1281 928 1475 962 hominum
1488 941 1502 963 .·
1534 928 1596 963 ubi

0 989 2 1009 ;
51 979 101 1011 16·
267 985 360 1020 sicut
383 986 503 1021 celum
528 992 657 1030 totum,
676 997 751 1020 non
775 986 894 1021 solum
911 992 1053 1031 partem
1077 986 1202 1031 ipsius,
1223 985 1388 1020 Domino
1408 985 1595 1029 attribuit;

265 1043 317 1078 ita
334 1050 472 1079 terram
489 1050 621 1086 totam,
639 1055 714 1078 non
734 1045 851 1078 solum
869 1050 993 1088 partes
1015 1044 1105 1086 eius,
1125 1043 1207 1078 filiis
1226 1044 1418 1078 hominum
1437 1044 1597 1079 affirmat

0 1120 2 1124 ·
48 1108 233 1140 thinanz’tes
265 1113 347 1137 esse
373 1102 560 1136 donatam.
613 1102 663 1136 Et
689 1101 840 1146 Eliphat
859 1101 1140 1136 Thomanichos
1167 1101 1267 1145 dicit,
1295 1102 1492 1147 Sapientes
1516 1113 1596 1136 con-

0 1164 1 1186 l
50 1159 89 1184 Μ·
253 1160 422 1205 fitentur
432 1163 469 1194 et
483 1171 557 1194 non
574 1160 803 1194 abscondunt
810 1162 944 1205 patres
960 1171 1045 1194 suos
1062 1159 1195 1204 quibus
1211 1160 1302 1194 solis
1318 1160 1409 1194 data
1426 1164 1481 1194 est
1495 1163 1599 1194 terra

268 1217 351 1262 (Iob
365 1229 423 1252 xv.
438 1221 492 1261 18,
507 1216 577 1262 19).
607 1218 734 1252 Verba
747 1217 866 1252 eciam
882 1218 1038 1253 Genesis
1053 1224 1278 1262 supratacta‚
1294 1218 1444 1263 Replete
1456 1222 1599 1252 terram

266 1279 303 1310 et
324 1275 476 1310 subicite
499 1287 580 1309 eam
609 1275 701 1319 (sive
727 1275 981 1310 dominamini
1002 1275 1096 1320 eius)
1124 1275 1161 1310 id
1187 1276 1286 1311 idem
1312 1276 1536 1320 ostendunt;
1563 1282 1599 1311 et

267 1333 367 1368 racio
397 1332 434 1367 id
463 1333 634 1377 affirmat,
662 1332 839 1378 quoniam
866 1334 978 1368 homo
1006 1333 1378 1379 irreprehensibiliter
1407 1333 1445 1368 in
1475 1341 1599 1379 partes

214 1404 254 1427 20
266 1397 362 1426 terre
379 1390 561 1436 quaslibet
580 1397 616 1425 et
633 1390 844 1425 innumeras
866 1402 958 1436 quas
985 1391 1146 1426 continet
1169 1397 1274 1426 actus
1298 1391 1452 1426 dominii
1478 1398 1600 1436 potest

265 1447 575 1484 auctorizabiliter
599 1460 791 1484 exercere:
823 1449 921 1484 unde
947 1455 1093 1483 constat
1118 1460 1203 1484 eum
1228 1450 1366 1485 habere
1393 1449 1601 1484 dominium

266 1518 376 1551 super
386 1512 535 1551 terram,
548 1512 584 1541 et
598 1506 650 1541 sic
664 1512 784 1551 potest
799 1513 1068 1551 consequenter
1085 1506 1305 1551 integralem
1322 1507 1601 1553 possessionem

267 1564 386 1610 ipsius
402 1564 542 1600 habere
559 1570 596 1599 et
614 1564 900 1609 uniuscuiusque
918 1564 1089 1600 elementi
1107 1564 1269 1600 alterius.

316 1678 546 1714 IOHANNES.
573 1679 660 1712 Non
679 1678 728 1713 ad
745 1678 891 1723 plenum
917 1677 1079 1723 intelligo
1106 1678 1143 1712 in
1165 1690 1237 1724 quo
1264 1678 1472 1714 dominium
1492 1690 1602 1724 super
1614 1686 1674 1719 VI,

1783 166 1867 223 389

215 1744 253 1778 25
268 1741 416 1780 terram,
433 1747 581 1781 aquam,
600 1742 663 1770 aut
683 1747 817 1778 aerem,
837 1736 914 1771 sive
929 1735 1053 1781 ignem
1067 1748 1090 1770 a
1103 1736 1340 1781 possessione
1352 1736 1600 1782 distinguitur.
1614 1739 1787 1767 Distinction
1800 1740 1846 1766 be-

317 1795 548 1829 RICARDUS.
577 1794 693 1837 Deus,
713 1793 774 1839 qui
802 1793 1010 1828 dominium
1035 1805 1157 1828 rerum
1184 1794 1287 1829 dedit
1314 1794 1527 1829 hominibus
1552 1794 1602 1830 ita
1614 1775 1881 1833 ἓῗὲῗῗὴξξῗέἓξέῃις

0 1852 5 1894 l
53 1859 109 1892 ille
125 1867 156 1892 B.
268 1851 394 1895 libere,
413 1858 535 1897 potest
554 1851 643 1886 illud
661 1853 708 1886 ab
726 1851 779 1887 eis
798 1852 942 1886 auferre
960 1857 996 1886 et
1013 1851 1277 1887 nichilominus
1291 1864 1397 1887 usum
1409 1865 1531 1888 rerum
1549 1853 1602 1888 eis
1614 1841 1872 1915 ῗῃῗὲῗὲῐξὲὴθω·

270 1910 497 1953 concedere;
525 1910 624 1955 quod
642 1909 671 1944 si
690 1909 839 1953 faceret,
859 1921 944 1944 curn
962 1921 1051 1944 usus
1069 1910 1349 1955 possessionem
1367 1918 1602 1956 supponeret,
1614 1916 1752 1954 therefore
1766 1925 1827 1948 pos·

269 1967 440 2002 homines
458 1967 731 2012 possessionem
746 1967 825 2002 sine
838 1967 1004 2002 dominio
1018 1967 1215 2002 retinerent
1232 1979 1240 2012 ;
1260 1980 1329 2003 nec
1343 1968 1502 2013 ambigis
1514 1968 1602 2014 quin
1614 1958 1821 2009 Ξῖἶζζοᾶῑῑᾞέἕῑ

214 2037 257 2069 30
271 2032 424 2060 econtra
441 2025 546 2059 multi
566 2025 645 2060 sine
664 2025 901 2070 possessione
923 2026 1063 2060 habent
1089 2025 1319 2062 dominium:
1348 2027 1446 2062 unde
1473 2038 1601 2062 conse—
1615 2016 1756 2047 ¹⁰‘d5h103

1615 2050 1671 2076 and
1685 2049 1788 2076 lordshi

269 2083 392 2128 quitur
409 2083 508 2128 quod
527 2083 621 2118 inter
639 2083 701 2117 illa
719 2089 775 2118 est
798 2090 926 2128 aperta
953 2082 1166 2119 distinccio.
1220 2085 1326 2128 Item,
1346 2084 1419 2119 iam
1436 2085 1601 2120 constitit
1614 2083 1733 2110 WithOUt
1746 2059 1809 2129 αξξ

269 2140 370 2186 quod
391 2140 579 2186 possessio
604 2152 679 2175 non
702 2147 757 2175 est
789 2140 855 2183 ius,
885 2147 920 2176 et
946 2141 1154 2176 dominium
1178 2141 1235 2176 ius
1260 2149 1316 2176 est
1336 2143 1543 2187 preclarum
1565 2149 1601 2178 et
1615 2125 1859 2191 ᾗῇξιῗέἶξῗῖἷξὲῐρ

269 2198 393 2233 nobile
409 2210 417 2233 :
444 2198 543 2233 unde
562 2198 731 2244 quamvis
750 2198 955 2233 dominium
976 2205 1011 2233 et
1033 2199 1221 2243 possessio
1245 2199 1282 2234 in
1305 2200 1414 2234 rebus
1433 2200 1601 2235 immobi-
1615 2191 1638 2218 is
1651 2197 1700 2219 not
1712 2200 1730 2217 a
1742 2191 1825 2225 right.

55 2262 202 2293 intrans·
269 2255 364 2290 libus
382 2255 459 2290 sive
476 2267 541 2300 per
558 2254 747 2290 hominem
766 2255 1112 2290 intransferibilibus
1124 2263 1328 2301 appareant
1340 2263 1374 2292 et
1389 2257 1461 2292 sint
1479 2257 1603 2294 minus

44 2306 132 2347 serb-
148 2313 257 2379 Β-28Δ
269 2313 443 2348 distincta
462 2313 480 2333 '¹‘
501 2324 613 2358 quam
630 2313 702 2347 sint
721 2312 758 2347 in
775 2312 884 2347 rebus
903 2312 1113 2358 mobilibus,
1132 2325 1198 2358 pro
1217 2326 1261 2349 eo
1279 2315 1378 2359 quod
1395 2315 1601 2350 transferri-

4 2404 9 2421 3
53 2391 227 2432 tran-fir&
269 2371 358 2406 bilia
374 2377 530 2416 possunt
547 2382 591 2405 ex
610 2372 797 2405 voluntate
815 2370 955 2405 domini
983 2371 1038 2405 sui
1065 2377 1101 2406 et
1130 2382 1197 2406 sua
1221 2372 1403 2407 industria
1428 2373 1601 2409 domibus

54 2441 86 2466 B.
270 2435 333 2463 aut
351 2428 432 2463 aliis
451 2428 629 2463 clausuris
648 2429 695 2462 ab
713 2439 757 2462 eo
775 2427 892 2462 teneri
910 2434 947 2462 et
966 2428 1171 2463 secundum
1190 2440 1230 2464 se
1248 2435 1327 2464 tota
1345 2429 1407 2464 ubi
1427 2430 1495 2465 sibi
1514 2431 1602 2466 libet

5 2642 11 2668 ¹3
50 2646 192 2686 ferribz't
203 2653 233 2679 B.

54 2491 206 2521 intrans-
271 2486 412 2531 reponi,
431 2486 530 2531 quod
563 2486 610 2520 de
627 2485 975 2520 intransferibilibus
994 2486 1071 2520 fieri
1089 2486 1217 2532 nequit
1229 2487 1391 2531 omnino,
1411 2494 1447 2523 et
1465 2489 1511 2523 ob
1529 2489 1602 2524 hoc

43 2533 132 2574 ferb.
151 2541 183 2566 Β·
271 2555 345 2579 non
364 2550 518 2589 possunt
542 2543 593 2578 ita
618 2542 856 2588 appropriate
882 2543 959 2578 sive
984 2544 1131 2589 proprie
1157 2551 1220 2579 aut
1242 2545 1475 2590 peculiariter
1496 2546 1603 2581 sicuti

56 2607 165 2634 trans·
271 2601 533 2637 transferibilia
555 2602 603 2636 ab
629 2601 755 2646 aliquo
781 2601 930 2636 homine
956 2601 1138 2646 possideri
1159 2603 1169 2642 (
1168 2604 1326 2648 proprie
1350 2603 1451 2638 enim
1474 2605 1521 2639 ab
1539 2605 1602 2639 ad-

272 2659 398 2695 verbio
417 2659 487 2694 loci
497 2661 617 2704 prope
633 2658 838 2701 descendit,
856 2658 906 2693 ita
924 2664 963 2693 ut
988 2659 1119 2694 ceteris
1144 2660 1296 2704 paribus
1322 2661 1530 2707 propinqua
1547 2674 1602 2697 re-

272 2717 496 2752 mocioribus
523 2716 642 2761 magis
668 2716 816 2761 proprie
839 2716 1023 2761 possideri
1046 2717 1240 2762 dicantur3
1268 2718 1529 2764 propinquiora
1554 2720 1603 2755 ad

273 2781 399 2810 votum
418 2774 601 2817 habentis,
622 2773 800 2819 intelligo)
818 2786 825 2819 ς
854 2785 927 2809 non
947 2781 1097 2820 propter
1108 2775 1180 2810 hoc
1198 2775 1337 2811 tollitur
1354 2777 1601 2821 possessionis
