2008 3305
217 206 272 255 48
915 219 979 250 DE
1011 218 1230 250 DoMrNro
1264 219 1441 250 Diero
1639 207 1745 266 [CAP.
1761 222 1837 251 vn.

215 327 307 386 223?ss
309 328 486 395 5222152517‘26
554 331 837 370 Verumtamen
868 333 1067 371 difficultas
1102 345 1183 371 non
1217 334 1375 371 modica
1409 340 1483 371 stat
1518 333 1558 370 in
1591 333 1837 371 distinctione
1853 337 1950 379 [16A

215 393 320 427 being&
498 404 677 453 specifica
721 411 958 442 naturarum.
1034 404 1198 442 Videtur
1236 405 1338 441 enim
1382 405 1512 442 multis
1554 405 1661 455 quod
1709 406 1837 443 omnis

496 475 720 513 substancia
740 487 927 524 corporea
947 475 993 512 sit
1014 475 1188 513 eiusdem
1209 475 1350 524 speciei
1371 475 1656 524 specialissime,
1679 476 1777 513 sicut
1797 483 1835 513 et

495 546 624 583 omnis
639 551 768 583 creata
784 546 1003 583 substancia
1016 546 1242 595 incorporea
1257 546 1438 583 convenit
1455 546 1726 594 specialissime
1742 557 1833 584 cum

493 628 735 666 quacunque.
794 615 898 653 Nam
932 617 1064 655 omnia
1097 617 1288 654 elementa
1317 617 1552 654 conveniunt
1583 617 1622 653 in
1657 618 1864 661 essencia5

493 698 691 735 corporea,
714 693 750 724 et
779 699 847 736 per
867 699 1111 737 consequens
1141 687 1181 723 in
1210 687 1487 735 corporeitate3
1527 693 1564 724 et
1593 699 1683 724 cum
1712 699 1830 725 omne

491 756 702 795 adveniens
739 758 817 794 enti
856 757 895 794 in
934 763 1022 795 actu
1061 757 1108 794 sit
1145 757 1337 803 accidens,
1370 757 1517 794 videtur
1555 757 1662 807 quod
1701 757 1829 795 omnis

492 827 701 876 disposicio
730 827 938 865 adveniens
976 834 1110 865 nature
1140 839 1336 876 corporee,
1364 828 1439 865 sive
1469 828 1633 877 qualitas
1662 840 1729 865 seu
1759 840 1829 865 vo-

490 904 577 935 cata
621 898 745 936 forma
784 898 1061 943 substancialis‚
1101 904 1142 935 ut
1182 898 1346 947 igneitas
1386 904 1423 935 et
1462 905 1599 944 cetera,
1643 899 1690 935 sit
1731 910 1828 947 pure

489 968 681 1006 accidens.
739 969 840 1007 Illud
869 975 997 1006 autern
1026 969 1246 1006 confirmari
1274 975 1402 1017 potest
1432 981 1480 1007 eo
1506 968 1613 1018 quod
1639 969 1679 1006 in
1705 975 1826 1006 trans-
1842 982 1883 1005 10

487 1039 709 1076 mutacione
730 1039 1011 1077 elementorum
1041 1039 1293 1076 simbolorum
1324 1046 1454 1076 manet
1483 1039 1621 1076 eadem
1649 1039 1824 1089 qualitas,

488 1121 577 1147 cum
593 1109 700 1146 aliter
714 1122 794 1147 non
807 1116 908 1147 esset
923 1109 1199 1147 transmutacio
1214 1109 1370 1156 facilior,
1386 1116 1521 1146 contra
1535 1109 1823 1158 philosophum,

486 1181 614 1230 primo
648 1180 696 1218 de
730 1180 1000 1218 Generacione
1036 1180 1203 1229 capitulo
1232 1203 1286 1207 —
1316 1209 1323 1217 .
1379 1180 1432 1217 Et
1466 1180 1570 1217 idem
1598 1180 1747 1218 videtur
1776 1181 1824 1218 de

485 1252 707 1301 quantitate,
725 1251 1036 1296 continuacione,
1051 1257 1088 1288 et
1103 1251 1185 1288 aliis
1205 1250 1333 1288 multis
1355 1250 1487 1288 formis
1507 1251 1821 1298 accidentalibus,

485 1335 558 1373 que
578 1330 736 1359 manent
756 1323 795 1359 in
815 1328 980 1371 utroque
1000 1322 1267 1371 generacionis
1288 1322 1463 1367 termino,
1486 1334 1583 1372 quas
1605 1329 1742 1360 notum
1765 1329 1821 1360 est
1839 1339 1875 1371 15

484 1405 774 1443 presupponere
805 1392 971 1431 eandem
1002 1393 1263 1430 substanciam
1298 1393 1337 1429 in
1375 1404 1540 1430 numero
1575 1405 1819 1432 conmanere.

483 1462 569 1500 Nec
608 1463 788 1500 differunt
826 1463 1003 1512 specifice
1042 1463 1325 1500 elementorum
1364 1462 1596 1508 differencie,
1638 1469 1680 1500 ut
1722 1463 1819 1509 loca,

482 1534 627 1579 levitas,
663 1534 838 1583 gravitas,
873 1545 964 1571 cum
998 1534 1134 1571 ceteris
1169 1546 1244 1583 que
1277 1534 1446 1571 maxime
1474 1534 1650 1571 videntur
1682 1533 1819 1572 inferre

482 1603 745 1642 differenciam
785 1603 1007 1653 specificam
1044 1610 1278 1641 naturarum.
1334 1604 1385 1641 Et
1422 1605 1469 1642 de
1508 1605 1637 1642 mixtis
1671 1604 1820 1642 videtur

483 1674 586 1712 idem
624 1675 843 1724 probabile:
891 1687 983 1711 nam
1021 1686 1138 1712 omne
1176 1675 1340 1711 mixtum
1379 1682 1437 1713 est
1475 1682 1730 1724 aggregatum
1768 1688 1817 1713 ex
1833 1693 1874 1716 20

482 1745 696 1791 elementis,
721 1752 758 1782 et
787 1752 915 1794 potest
938 1757 1095 1782 manere
1124 1744 1226 1782 idem
1256 1753 1511 1794 aggregatum
1540 1758 1587 1783 ex
1617 1746 1817 1783 elementis

482 1816 696 1853 secundum
735 1815 849 1852 aliam
886 1816 1099 1853 maneriem
1137 1815 1324 1853 miscendi
1353 1816 1551 1865 paululum
1581 1817 1733 1854 variatis
1766 1816 1817 1854 ad

481 1887 793 1936 qualemcunque
814 1886 978 1924 formam
1002 1886 1288 1936 superadditam
1314 1886 1636 1936 producendum:
1667 1900 1714 1924 ex
1736 1899 1815 1936 quo

481 1957 626 1995 videtur
663 1957 769 2007 quod
807 1957 975 2006 quelibet
1003 1963 1138 1994 natura
1175 1958 1310 2002 mixta,
1341 1957 1439 1995 sicut
1475 1964 1603 2007 potest
1632 1958 1671 1994 in
1700 1958 1814 1995 aliam

481 2028 736 2074 transmutari,
758 2028 810 2066 sic
835 2035 893 2065 est
921 2027 1092 2065 eiusdem
1123 2028 1275 2077 speciei.
1331 2028 1452 2066 Aliter
1473 2029 1576 2066 enim
1607 2040 1685 2066 non
1717 2027 1812 2066 foret
1828 2040 1866 2071 25

481 2099 584 2136 idem
631 2111 774 2148 corpus
821 2097 839 2117 '¹‘
891 2111 1118 2136 conversum
1168 2099 1208 2135 in
1259 2098 1423 2136 formam
1471 2099 1596 2144 aliam,
1635 2105 1676 2136 ut
1714 2104 1856 2136 uxorB

480 2169 583 2207 Loth
626 2170 666 2206 in
709 2175 874 2206 statuam
917 2169 1007 2206 salis
1048 2168 1165 2218 (Gen.
1204 2169 1280 2206 xix.
1326 2170 1393 2219 26)
1405 2181 1415 2215 ;
1454 2176 1492 2207 et
1523 2169 1700 2206 meminit
1730 2169 1811 2206 Au-

478 2240 656 2289 gustinus
695 2240 734 2276 in
774 2238 834 2276 De
876 2238 1115 2276 Mirabilibus
1157 2238 1350 2288 Scripture
1390 2251 1497 2276 sacre
1536 2239 1703 2288 capitulo
1731 2261 1810 2279 —.

479 2310 595 2348 Unde
631 2311 846 2348 secundum
876 2310 1139 2359 Augustinum
1173 2310 1371 2359 quodlibet
1401 2321 1542 2358 corpus
1573 2310 1742 2347 converti
1770 2310 1809 2347 in

548 2392 588 2416 18.
606 2396 670 2422 post
684 2391 790 2416 levitas
803 2390 825 2415 B
839 2392 867 2416 et
879 2389 987 2415 inserit.
1091 2399 1130 2415 21.
1152 2397 1190 2415 ex
1201 2398 1256 2415 om.
1272 2389 1304 2416 B.
1407 2398 1446 2421 27.
1468 2390 1477 2419 11
1492 2398 1570 2414 uxor
1583 2389 1605 2414 B
1618 2389 1637 2415 f.
1653 2398 1701 2422 219
1715 2398 1739 2415 B.

526 2460 575 2490 13.
599 2452 671 2484 The
694 2451 855 2483 reference
872 2462 949 2492 may
964 2451 1006 2482 be
1023 2455 1057 2482 to
1074 2461 1164 2482 more
1182 2451 1259 2481 than
1277 2461 1339 2481 one
1356 2450 1448 2491 place
1463 2451 1496 2481 in
1513 2450 1614 2481 Arist.
1632 2450 1672 2481 de
1689 2451 1807 2483 Gener.

477 2508 508 2535 et
535 2504 732 2545 Corrupt.i;
761 2505 818 2534 but
844 2502 995 2543 Wyeliffe
1022 2502 1183 2544 probably
1206 2501 1271 2533 had
1299 2503 1332 2533 in
1357 2502 1410 2533 his
1433 2502 1524 2532 mind
1556 2501 1611 2533 the
1636 2501 1809 2543 following

477 2556 571 2596 place
588 2556 672 2586 from
693 2554 782 2586 book
804 2555 836 2585 ii.
858 2565 888 2594 4,
908 2554 997 2585 “Ocra
1019 2554 1078 2592 μὲν
1094 2553 1157 2593 γὰρ
1179 2553 1248 2593 ἔχει
1271 2553 1423 2592 σι’)μβολα
1443 2552 1517 2592 πρὸς
1534 2552 1674 2593 ἄλληλα.
1691 2553 1807 2592 ταχεῖα

477 2606 598 2637 τούτων
615 2608 633 2645 ἡ
658 2606 845 2645 μετάβασις,
863 2606 925 2636 ὅσα
948 2605 981 2636 δὲ
998 2605 1041 2644 μὴ
1059 2605 1127 2645 ἔχει
1144 2606 1287 2645 βραδεῖα,
1306 2604 1354 2635 διὰ
1370 2604 1409 2635 τὸ
1423 2603 1500 2645 ῥᾷον
1524 2603 1600 2635 εἶναι
1617 2603 1655 2634 τὸ
1672 2604 1705 2635 ἓν
1721 2603 1741 2643 ἢ
1765 2604 1806 2635 τὰ

477 2658 585 2688 πολλὰ
610 2658 851 2697 μεταβάλλεινε
885 2669 917 2699 p.
944 2666 1003 2697 331
1035 2668 1066 2688 α.
1112 2658 1143 2688 It
1170 2658 1197 2688 is
1225 2657 1355 2688 curious
1381 2656 1452 2687 that
1479 2655 1647 2693 σὺμβολον
1672 2656 1806 2688 whence

477 2710 628 2750 Wycliffe
644 2710 756 2741 makes
773 2710 824 2741 his
841 2710 999 2750 adjective
1017 2719 1121 2739 seems
1136 2714 1193 2739 not
1212 2713 1246 2739 to
1263 2719 1361 2739 occur
1380 2708 1412 2738 in
1433 2708 1487 2739 the
1511 2707 1609 2739 Latin
1626 2707 1754 2739 version
1771 2708 1809 2740 of

476 2761 647 2794 Aristotle.

521 2817 569 2846 28.
597 2815 882 2857 Pseudo-August.
899 2815 939 2846 de
957 2814 1075 2845 Mirab.
1094 2826 1118 2846 s.
1137 2814 1254 2854 Seript.
1273 2813 1292 2845 i.
1315 2822 1365 2852 12,
1382 2814 1469 2854 Opp.
1490 2822 1517 2852 3.
1536 2823 1611 2855 app.
1628 2823 1647 2854 9
1665 2820 1696 2852 B,
1714 2820 1745 2845 c.
