2095 3278
219 163 304 212 408
862 173 1066 205 RICARDI
1098 172 1402 205 ARMACHANI
1855 159 1957 218 [Lm.
1975 173 2041 203 111.
2094 177 2095 196 ἢ

494 277 653 322 pedibus
669 277 759 321 eius,
778 288 863 311 oves
879 281 915 311 et
930 277 1035 311 boves
1052 277 1260 321 universas,
1279 278 1436 323 insuper
1450 280 1486 312 et
1492 279 1629 323 pecora
1647 276 1778 321 campi,
1792 280 1828 310 et
1843 274 1939 315 [32A

501 337 590 370 illud
609 337 703 370 Gen.
723 335 743 369 i.
760 336 814 379 26,
834 336 885 370 Ut
894 337 1017 380 presit
1024 336 1190 380 piscibus
1207 338 1336 380 maris,
1355 343 1423 371 etc.

550 396 639 428 IOH.
670 393 708 429 Si
736 394 955 428 tantundem
984 394 1092 436 valet,
1122 394 1257 429 habere
1290 406 1368 429 rem
1401 393 1617 429 naturaliter
1644 392 1713 428 sibi
1743 393 1827 428 sub—

501 452 633 486 iectam
664 457 698 486 et
728 452 864 486 habere
892 451 942 486 rei
971 451 1065 486 illius
1092 451 1310 493 dominium,
1336 451 1436 486 idern
1465 463 1531 497 per
1556 463 1595 486 se
1621 451 1741 496 ipsum
1768 462 1829 485 ex-

500 516 679 554 ponetur3
709 508 725 527 ’¹‘
741 520 825 543 curn
844 508 1047 543 dominium
1065 521 1131 554 per
1148 521 1269 544 rerum
1286 509 1559 544 subieccionem
1576 508 1805 544 describitur.
1842 515 1873 542 B

548 569 636 602 RIC.
665 568 753 601 Non
773 573 857 601 sunt
876 567 937 601 illa
951 567 1024 601 duo
1042 567 1078 601 in
1094 578 1203 602 sensu
1217 567 1363 612 equalia
1380 580 1388 609 ;
1415 567 1600 612 quoniam,
1614 566 1691 601 sive
1709 566 1828 600 bonus

499 626 613 660 homo
631 625 737 659 fuerit
757 625 833 660 sive
851 626 982 668 maluS,
997 636 1055 659 res
1074 625 1143 659 iste
1161 625 1289 659 mundi
1309 625 1489 660 inferioris
1508 631 1591 660 sunt
1611 624 1679 660 sibi
1698 630 1831 659 natura

499 683 692 718 inferiores
710 690 745 718 et
762 683 917 728 imperio
933 684 1098 717 humano
1116 683 1291 727 subiecte,
1305 694 1349 717 eo
1368 683 1466 728 quod
1484 689 1541 718 est
1557 683 1675 718 factus
1693 683 1742 717 ad
1757 683 1829 717 Dei

499 741 711 786 ymaginem
744 747 780 776 et
813 742 989 776 mortalis.
1041 741 1154 776 Unde
1195 748 1315 786 preter
1355 740 1518 785 graciam
1560 740 1830 785 gratificantem

498 799 630 834 ceteris
646 799 898 834 animantibus
917 800 1098 844 imperare
1112 806 1233 844 potest
1248 800 1360 834 homo
1376 799 1421 834 de
1439 800 1538 834 facto
1552 811 1597 834 ex
1610 798 1828 834 condicione
1845 808 1885 830 10

498 864 639 902 nature,
658 857 835 903 quamdiu
861 869 969 892 usum
994 858 1162 892 habuerit
1187 857 1368 893 racionis:
1396 864 1431 892 et
1455 857 1509 892 sic
1536 856 1829 902 superioritatem

498 915 682 951 facultatis
710 915 787 950 sive
817 915 961 960 imperii
990 915 1167 950 naturalis
1196 916 1308 950 habet
1339 916 1418 950 sine
1448 915 1679 960 gratificante
1705 915 1829 960 gracia
1843 916 1939 956 imp„-
1962 915 2029 956 ipis

498 985 609 1018 super
637 985 701 1017 ea;
734 973 939 1008 dominium
965 985 1053 1008 vero
1081 984 1155 1008 non
1181 974 1293 1008 habet
1321 974 1356 1008 in
1383 974 1493 1008 rebus
1519 973 1732 1007 huiusmodi
1758 967 1875 1032 nisiIIZI>
1894 962 2006 1001 'npnn

498 1032 615 1067 iustus
644 1031 697 1076 (ut
728 1031 894 1076 superius
920 1038 976 1066 est
1004 1030 1230 1076 probatum),
1255 1042 1375 1076 neque
1402 1031 1481 1066 sine
1510 1031 1636 1075 gracia
1665 1030 1830 1076 ipsorum
1843 1026 1949 1095 sti-pra,
1969 1065 2025 1095 pp.

497 1090 609 1126 habet
627 1101 734 1125 usum
752 1090 888 1124 iustum
907 1089 1123 1134 simpliciter
1142 1089 1256 1135 (iuxta
1274 1089 1412 1125 ibidem
1429 1088 1604 1134 ostensa).
1844 1107 1907 1139 344
1923 1108 2013 1139 seqq.

386 1210 484 1242 XIX.
547 1211 778 1246 IOHANNES.
806 1211 879 1245 Dic
906 1209 1019 1245 michi
1050 1210 1200 1246 ulterius
1231 1220 1296 1245 cur
1324 1209 1531 1245 dominium
1560 1208 1739 1245 describis
1766 1221 1832 1255 per
1844 1221 1951 1251 supra,
1969 1222 2001 1253 p.

219 1260 410 1299 Explanation
423 1261 455 1287 of
498 1279 616 1303 usum·
1844 1262 1918 1294 335·

218 1296 265 1320 the
279 1296 450 1327 description

218 1328 384 1361 oflordship
396 1337 428 1354 as
544 1328 776 1362 RICARDUS.
804 1326 901 1372 Quia
927 1338 1016 1362 usus
1042 1332 1098 1362 est
1129 1326 1212 1361 finis
1239 1326 1392 1361 dominii
1418 1332 1454 1361 et
1479 1326 1617 1361 fructus
1643 1324 1722 1361 eius
1749 1336 1831 1370 pre-

217 1371 376 1432 ἵζεῑεὼε
389 1406 442 1433 end
456 1384 637 1433 Oscipuus,
669 1391 705 1420 et
739 1397 815 1420 non
847 1385 918 1419 nisi
954 1391 1104 1430 propter
1137 1396 1246 1419 usum
1281 1385 1410 1419 datum
1439 1390 1495 1418 est
1529 1382 1694 1418 homini:
1732 1383 1831 1417 unde

217 1440 344 1473 lOrdship
497 1442 701 1487 Scriptura,
728 1449 856 1478 tacens
882 1443 1123 1477 collacionem
1150 1442 1315 1486 dominii,
1343 1442 1420 1477 eius
1447 1442 1560 1476 finem
1587 1453 1651 1476 seu
1674 1441 1831 1476 fructum
1847 1449 1887 1471 20

496 1501 553 1535 vel
572 1512 681 1535 usum
699 1501 736 1535 in
754 1501 1023 1536 benediccione
1042 1500 1168 1546 previa
1186 1501 1347 1535 hominis
1372 1500 1425 1535 sic
1451 1499 1642 1545 expressit,
1661 1501 1718 1534 Et
1733 1499 1831 1533 bene·
1845 1501 1928 1532 Gen.
1946 1501 1966 1532 i.
1987 1502 2036 1532 28.

493 1560 597 1593 dixit
619 1561 681 1603 eis,
700 1563 736 1593 et
760 1560 825 1603 ait,
850 1560 1006 1594 Crescite
1028 1562 1064 1593 et
1087 1559 1411 1603 multiplicamini,
1430 1561 1465 1592 et
1481 1558 1616 1603 replete
1633 1561 1775 1591 terram
1798 1560 1835 1591 et

493 1617 646 1651 subicite
669 1628 762 1659 eam,
781 1621 817 1651 et
833 1617 1090 1651 dominamini
1103 1617 1273 1662 piscibus
1295 1617 1414 1650 maris
1438 1620 1475 1650 et
1497 1615 1718 1650 volatilibus
1741 1615 1834 1657 celi]

496 1674 681 1710 dominari
699 1674 798 1710 enim
823 1681 880 1710 est
906 1675 957 1709 uti
984 1676 1095 1709 rebus
1122 1674 1256 1709 creatis
1282 1686 1348 1719 per
1374 1673 1590 1718 dominium,
1609 1680 1644 1709 et
1663 1673 1832 1709 subicere
1844 1676 1890 1703 et:
1906 1671 2049 1704 ecz‘amB.

492 1744 577 1768 eam
595 1739 649 1768 est
668 1732 720 1767 uti
738 1733 847 1767 rebus
865 1732 1009 1767 creatis.
1845 1741 1884 1773 25

545 1792 633 1826 IOH.
661 1790 881 1825 Dominium
899 1802 958 1825 res
976 1790 1134 1825 nobilior
1151 1801 1233 1825 esse
1251 1789 1397 1825 videtur
1414 1801 1525 1834 quam
1543 1800 1652 1833 usus3
1680 1800 1755 1824 non
1773 1795 1830 1824 est

497 1848 608 1893 igitur
633 1860 721 1883 usus
747 1848 828 1883 finis
847 1848 1012 1892 dominii,
1032 1860 1116 1883 eum
1142 1847 1226 1883 finis
1253 1847 1298 1883 sit
1324 1847 1483 1882 nobilior
1500 1846 1571 1883 hiis
1589 1859 1660 1893 que
1678 1852 1763 1882 sunt
1780 1847 1830 1882 ad

497 1907 621 1942 finem.

217 1973 273 2011 ,2¹³⁶
287 1972 384 1999 nobler
398 1972 467 1998 than
546 1966 634 1999 RIC.
662 1966 781 2000 Multo
807 1964 1030 2010 prudencius
1057 1971 1209 2000 econtra
1234 1963 1420 2007 astrueris,
1447 1963 1595 2008 scilicet,
1617 1963 1717 2009 quod
1742 1975 1830 1998 usus

217 2013 248 2032 η’
497 2023 655 2058 nobilior
672 2030 771 2058 extat
790 2023 967 2067 dominio,
983 2030 1018 2058 et
1038 2024 1194 2058 multum
1212 2022 1335 2057 utilior
1352 2024 1400 2057 ad
1419 2022 1699 2067 transigendum
1715 2022 1829 2057 vitam
1844 2028 1886 2059 30

497 2081 717 2125 mortalem;
745 2081 931 2127 quoniam,
951 2082 1019 2117 etsi
1046 2082 1158 2116 homo
1177 2087 1316 2116 careret
1334 2080 1497 2115 dominio
1522 2092 1643 2115 rerum
1661 2086 1696 2116 et
1722 2092 1831 2115 usum

496 2140 653 2174 haberet
687 2151 827 2183 earum,
857 2139 971 2174 vitam
1006 2140 1118 2174 istam
1151 2140 1348 2174 mortalem
1381 2145 1466 2184 apte
1497 2138 1727 2183 transigeret,
1756 2149 1831 2173 non

497 2204 658 2232 econtra.
720 2197 844 2239 Unde,
883 2209 967 2232 curn
1008 2209 1096 2232 usus
1137 2208 1213 2231 non
1254 2197 1362 2232 fuerit
1403 2196 1545 2231 homini
1586 2196 1829 2240 necessarius,

499 2256 650 2300 scilicet,
677 2262 761 2301 post
787 2256 885 2291 hanc
911 2255 1026 2291 vitam
1057 2256 1094 2290 in
1121 2256 1197 2290 vita
1223 2255 1345 2299 beata,
1377 2255 1582 2290 dominium
1610 2255 1689 2289 eius
1720 2265 1830 2299 super

499 2325 627 2349 omnes
643 2321 829 2349 creaturas
848 2314 939 2349 istas
955 2313 1114 2349 cessabit
1131 2324 1139 2357 ;
1167 2313 1271 2348 sicuti
1286 2319 1435 2358 propter
1447 2325 1553 2348 suam
1567 2312 1828 2348 mortalitatem
1843 2315 1883 2351 35

498 2372 705 2407 dominium
740 2372 838 2407 istud
870 2372 906 2407 in
936 2372 1077 2416 origine
1107 2384 1173 2407 sua
1201 2372 1367 2417 accepit:
1406 2378 1441 2407 et
1472 2370 1522 2406 ita
1552 2371 1587 2405 in
1616 2371 1830 2416 parentibus

498 2430 633 2466 nostris
660 2437 853 2474 cessasset,
873 2430 903 2465 si
930 2430 967 2465 in
994 2430 1213 2465 innocencia
1237 2430 1497 2475 perstitissent,
1516 2441 1600 2464 cum
1626 2429 1829 2474 completus

498 2490 537 2524 in
563 2501 631 2524 sua
655 2488 832 2534 progenie
854 2488 983 2523 fuisset
1004 2500 1179 2523 numerus
1196 2489 1418 2531 electorum;
1446 2494 1481 2522 et
1500 2494 1585 2522 ante
1602 2487 1780 2530 fortassis,
1800 2487 1829 2521 si

498 2547 568 2592 ipsi
587 2554 674 2581 ante
692 2547 795 2590 alios,
815 2553 853 2581 ut
879 2546 959 2581 aliis
986 2547 1107 2581 locum
1130 2547 1302 2581 cederent
1322 2557 1430 2591 super
1447 2552 1594 2589 terram,
1613 2545 1766 2580 fuissent
1784 2545 1830 2580 de

498 2605 569 2639 ista
586 2604 824 2639 habitacione
842 2611 989 2640 terrena
1007 2604 1152 2639 sublati.
1204 2605 1253 2639 Et
1272 2603 1555 2649 dicosortassis‚
1574 2602 1660 2648 quia
1678 2609 1829 2637 econtra
1842 2611 1884 2641 40

498 2663 617 2707 magis
635 2663 791 2707 videtur,
809 2662 959 2706 scilicet,
979 2663 1079 2708 quod
1105 2662 1212 2697 simul
1238 2662 1306 2707 ipsi
1325 2674 1409 2697 curn
1427 2673 1493 2696 sua
1512 2668 1589 2696 tota
1615 2661 1830 2706 posteritate

498 2728 533 2755 et
562 2721 688 2756 mundi
720 2721 1047 2756 consummacione
1077 2721 1125 2755 ad
1155 2720 1312 2764 gloriam
1344 2720 1509 2755 translati
1543 2720 1706 2762 fuissent,
1735 2718 1828 2754 sicut

500 2791 627 2815 omnes
646 2780 797 2824 angelos
824 2779 931 2814 simul
950 2779 1133 2815 credimus
1155 2779 1191 2813 in
1210 2778 1325 2823 gloria
1344 2785 1645 2814 consummatos:
1673 2789 1739 2823 pro
1757 2789 1828 2823 quo
