2008 3305
183 247 268 277 CAP.
285 233 381 291 x11.]
660 243 803 275 LIBER
836 242 1034 276 PRIMUS.
1731 235 1785 282 95

72 364 162 406 310]
178 366 297 410 pater,
318 372 388 409 pro
418 371 496 409 quo
522 358 644 409 gradu
672 371 753 397 non
781 365 838 396 est
867 359 1064 405 essencia,·
1096 357 1149 395 sic
1171 357 1281 394 Pater
1310 355 1348 393 in
1373 354 1508 393 divinis

179 443 251 481 pro
280 430 434 468 instanti
463 430 622 479 originis
651 436 720 476 est,
743 441 814 479 pro
845 441 922 479 quo
951 435 1008 466 est
1037 434 1154 478 pater,
1181 428 1249 466 sed
1278 427 1507 472 differenter,

179 502 270 551 quia
290 513 361 539 nec
381 501 486 550 prius
506 513 577 538 nec
594 500 784 549 posterius
808 506 863 536 est
883 499 1057 537 essencia
1078 510 1194 548 quam
1215 505 1272 535 est
1292 504 1408 547 pater.

235 571 319 609 Nec
350 577 436 608 sunt
465 577 539 608 tres
568 583 693 616 cause,
715 577 790 608 tres
810 571 995 616 veritates,
1022 576 1087 607 aut
1116 570 1184 607 tria
1214 568 1410 618 principia,
1441 566 1509 605 sed
1521 566 1544 593 b·
1565 567 1613 593 N0
1625 575 1724 599 person
1738 566 1766 593 ³1¹

1522 601 1569 626 the
1584 601 1721 626 Godhead
1735 601 1759 626 is
1773 609 1789 626 a

148 642 293 682 Suniea
326 653 442 679 causa
476 641 756 691 simplicissima
790 653 864 691 que
903 647 1035 679 causat
1073 646 1273 678 causatum
1312 634 1777 688 quodlibetpsifflcafflethass

1523 668 1570 693 the
1584 668 1686 694 others.

180 713 414 763 positivum:
446 718 483 749 et
503 713 557 749 sic
578 712 648 749 tria
669 718 757 749 sunt
777 712 867 759 duo,
890 713 980 761 quia
1002 711 1163 761 Spiritus
1188 716 1343 748 sanctus
1368 716 1405 747 et
1429 709 1510 746 eius

181 795 391 822 commune
407 782 638 832 principium
653 796 663 830 ;
694 790 731 821 et
751 783 888 820 eadem
908 784 978 821 tria
999 790 1087 821 sunt
1102 783 1271 828 unicum,
1290 782 1380 831 quia
1395 780 1512 817 unica

182 852 461 903 simplicissima
481 853 664 890 essencia.
712 853 763 890 Et
783 853 837 891 sic
859 866 940 891 non
958 854 1087 903 plures
1107 865 1225 903 quam
1246 852 1319 890 due
1340 864 1399 889 res
1425 857 1512 888 sunt

182 923 300 970 Deus,
321 923 407 961 lieet
430 923 557 973 plures
587 935 704 973 quam
734 923 807 961 due
837 936 1001 973 persone
1031 931 1119 962 sunt
1140 923 1271 961 Deus:
1304 935 1376 960 nee
1407 928 1514 971 pater

132 1006 172 1029 10
184 1001 241 1032 est
260 994 364 1044 prior
382 1006 499 1031 causa
519 1006 636 1042 quam
657 993 782 1040 Filius,
805 1007 896 1032 cum
917 995 963 1032 sit
984 995 1111 1032 omnis
1133 1006 1249 1032 causa
1270 1005 1343 1042 que
1364 992 1514 1030 adintra

183 1071 239 1103 est
259 1064 369 1112 filius,
386 1064 474 1102 licet
494 1065 598 1114 prius
620 1071 749 1102 causet
769 1077 886 1114 quam
907 1065 1022 1102 Filius
1038 1077 1047 1111 ς
1078 1065 1182 1114 prius
1203 1064 1360 1113 quidem
1380 1067 1515 1100 causat

182 1135 332 1181 Filium,
354 1147 469 1184 quam
490 1135 571 1184 ipse
591 1135 648 1173 vel
670 1135 788 1173 Filius
809 1141 897 1173 sunt
916 1136 1073 1173 unicum
1093 1135 1324 1185 principium
1353 1133 1516 1183 Spiritus

184 1206 317 1244 sancti.
372 1206 424 1243 Et
444 1206 497 1243 sic
526 1212 607 1243 tota
626 1206 797 1243 Trinitas
821 1219 918 1256 eque
945 1207 1070 1255 primo
1096 1211 1228 1244 causat
1247 1205 1422 1242 raciones
1449 1215 1515 1240 ex-

184 1276 385 1326 emplares,
415 1276 513 1314 sicut
544 1282 582 1314 et
611 1288 710 1326 eque
740 1277 865 1326 primo
895 1283 1027 1314 causat
1056 1288 1116 1313 res
1145 1276 1314 1313 adextra.
1369 1273 1420 1311 Et
1448 1285 1516 1323 per

134 1363 171 1395 15
185 1358 426 1396 consequens
453 1346 556 1384 nulla
582 1359 749 1396 persona
777 1347 904 1384 divina
933 1354 988 1384 est
1017 1348 1121 1396 prior
1147 1358 1263 1383 causa
1289 1356 1407 1395 quam
1431 1344 1515 1381 reli-

184 1429 273 1467 qua,
295 1428 384 1454 cum
404 1418 530 1454 omnis
557 1429 723 1466 persona
750 1417 877 1454 divina
905 1417 951 1454 sit
971 1417 1099 1454 omnis
1129 1428 1243 1454 causa
1263 1428 1338 1465 que
1359 1415 1513 1464 reliqua,

137 1494 170 1523 D
185 1488 271 1525 licet
283 1484 471 1536 utraque*
487 1488 590 1536 prior
607 1499 773 1536 persona
788 1488 835 1524 sit
855 1488 959 1536 prior
975 1487 1135 1537 origine,
1156 1487 1249 1524 sicut
1265 1486 1369 1535 prius
1386 1491 1516 1522 causat

185 1570 303 1607 quam
332 1569 498 1607 persona
524 1558 723 1607 posterior.
781 1557 895 1595 Unde
922 1557 1080 1607 quidam
1112 1558 1227 1606 logici
1249 1557 1382 1594 dicunt
1409 1555 1517 1604 quod

187 1628 299 1666 Pater
314 1640 396 1666 non
415 1634 473 1666 est
492 1629 598 1677 prius
619 1628 685 1666 sed
705 1628 809 1678 prior
829 1641 946 1678 quam
961 1628 1089 1674 Filius,
1105 1628 1195 1678 quia
1215 1627 1437 1665 adverbium
1459 1625 1518 1663 vel

134 1710 174 1733 20
187 1706 365 1737 neutrum
393 1711 519 1748 genus
546 1699 635 1736 dicit
656 1699 893 1748 prioritatem
917 1705 1061 1736 nature.
1130 1697 1215 1736 Nec
1249 1698 1431 1747 sequitur,
1455 1696 1517 1733 ‘Si

190 1773 198 1789 ‘
214 1769 326 1807 Pater
349 1776 405 1807 est
430 1770 534 1819 prior
558 1782 674 1819 quam
695 1770 822 1815 Filius,
846 1782 938 1819 ergo
968 1776 1025 1807 est
1053 1769 1156 1819 prius
1186 1781 1303 1817 quam
1334 1768 1432 1805 filius
1461 1774 1518 1805 est

189 1838 369 1878 ‘Deus:’
404 1841 494 1890 quia
524 1852 766 1889 consequens
800 1841 935 1878 limitat
967 1840 1016 1877 ad
1041 1840 1278 1889 prioritatem
1308 1845 1453 1885 nature,
1480 1845 1519 1875 et

188 1910 421 1949 antecedens
440 1911 654 1949 verificatur
682 1923 752 1960 pro
781 1911 976 1960 prioritate
1006 1911 1187 1960 originis;
1218 1922 1295 1960 que
1319 1910 1391 1947 nisi
1420 1915 1520 1946 esset

187 1982 371 2030 prioritas,
407 1994 487 2020 non
518 1982 764 2020 constitueret
794 1981 947 2018 Patrem
979 1993 1064 2019 esse
1102 1982 1266 2030 primam
1300 1992 1520 2030 personam.

137 2055 176 2087 25
191 2052 275 2090 Nec
296 2052 466 2101 implicat
485 2052 566 2099 hec,
590 2052 702 2089 Pater
721 2058 778 2089 est
804 2052 908 2101 prior
928 2051 1036 2098 Filio,
1058 2051 1163 2101 quod
1189 2052 1294 2100 prius
1315 2051 1361 2088 sit
1381 2051 1519 2100 princi-

189 2123 297 2172 pium
317 2123 515 2173 originans
536 2135 654 2172 quam
675 2122 803 2169 Filius,
825 2122 915 2172 quia
935 2134 1032 2171 eque
1053 2122 1178 2171 primo
1203 2129 1291 2159 sunt
1311 2134 1388 2159 una
1408 2122 1519 2171 origo

192 2192 352 2242 Spiritus
390 2194 510 2231 sancti
523 2206 533 2240 ;
575 2193 644 2231 sed
678 2193 768 2230 satis
802 2200 859 2230 est
893 2192 1000 2242 quod
1033 2192 1197 2241 originet
1235 2192 1365 2229 filium.
1434 2191 1520 2229 Nec

191 2265 372 2314 sequitur,
405 2264 459 2302 ‘si
487 2276 557 2314 pro
587 2264 651 2301 illo
680 2263 797 2313 priori
829 2263 875 2301 sit
904 2275 998 2309 esse,
1031 2263 1121 2312 quia
1159 2263 1382 2311 originaci0‚
1415 2261 1521 2312 quod

194 2334 330 2373 ‘Pater
354 2347 423 2384 pro
454 2335 518 2372 illo
547 2335 661 2384 priori
691 2334 737 2371 sit
766 2331 872 2380 esse,’
895 2334 985 2382 quia
1006 2333 1118 2370 Pater
1147 2345 1229 2371 non
1257 2340 1298 2370 ut
1320 2333 1431 2371 Pater
1463 2340 1521 2371 est

139 2418 181 2450 30
193 2405 366 2443 essencia
381 2405 438 2443 vel
454 2405 608 2454 aliquid.
648 2405 698 2442 Et
714 2405 769 2443 sic
789 2405 828 2441 in
848 2403 935 2441 Deo
956 2415 1041 2441 esse
1057 2403 1116 2441 vel
1136 2403 1271 2441 adesse
1291 2410 1327 2441 et
1348 2404 1522 2441 essencia

192 2476 486 2524 distinguuntur,
507 2475 599 2525 quia
626 2463 767 2513 relacio
797 2487 842 2512 ac
872 2473 1125 2523 personalitas
1152 2474 1308 2510 racione
1332 2474 1522 2522 distingu-

193 2552 307 2583 untur
326 2546 375 2583 ab
395 2546 577 2583 essencia.
622 2545 699 2583 Sed
718 2557 798 2583 non
818 2551 874 2582 est
894 2544 984 2582 dare
1004 2556 1087 2582 esse
1107 2544 1147 2581 in
1167 2543 1254 2582 Deo
1273 2544 1331 2583 vel
1352 2551 1524 2582 creatura

195 2628 269 2665 que
289 2628 371 2653 non
400 2616 447 2653 sit
471 2616 673 2663 essenciaJ
703 2628 806 2665 ymo,
830 2616 868 2652 in
895 2614 982 2653 Deo
1008 2626 1090 2652 non
1114 2620 1173 2652 est
1192 2614 1283 2652 dare
1310 2615 1524 2652 essenciam

195 2693 328 2724 natura
352 2686 516 2735 priorem
543 2686 754 2736 supposito,
775 2686 873 2723 sicut
899 2692 1028 2723 tamen
1051 2691 1107 2722 est
1133 2675 1172 2721 in
1199 2684 1368 2734 qualibet
1387 2685 1520 2722 indivi—

234 2823 255 2838 1.
271 2813 372 2845 gradu
388 2813 409 2839 B
421 2820 427 2839 2
443 2814 549 2847 gracia
560 2813 642 2846 (gra)
655 2813 680 2838 A
689 2812 720 2838 C.
836 2812 959 2838 essencia
974 2812 997 2837 B
1008 2819 1014 2838 ε
1034 2813 1150 2838 econtra
1163 2812 1230 2844 (e9‘1)
1243 2812 1306 2839 AC.
1411 2821 1435 2844 4.
1453 2814 1522 2839 sunt

203 2846 224 2871 B
237 2846 273 2873 C:
293 2847 364 2873 sinit
380 2847 413 2873 A.
521 2856 560 2873 21.
583 2856 648 2879 ergo
662 2847 798 2879 estprins
811 2847 836 2872 A
849 2846 886 2873 C:
908 2849 950 2872 est
963 2847 1157 2879 zgz'turprior
1170 2846 1201 2872 B.
