2095 3278
203 171 285 222 448

402 283 467 316 IX.

204 347 279 373 How
292 355 343 372 can
360 346 407 371 the

202 381 256 406 law
270 381 303 406 be
313 379 439 412 justified

202 414 294 439 which
312 413 468 438 authoi-ises

201 448 250 472 the
263 447 391 478 handing
404 455 470 471 over

201 486 230 506 to
243 490 260 506 a
273 490 337 505 man
350 481 382 505 of
392 480 452 504 that

202 514 294 539 which
308 514 330 539 is
344 514 418 545 truly

202 547 362 573 another's?

238 634 364 658 Answer.

203 667 265 692 The
279 667 331 691 law
345 675 393 691 au-

205 700 325 726 thorises
338 698 457 731 nothing

204 740 304 766 except
312 736 369 765 per

203 768 348 794 accidens:

206 1162 332 1195 iwevery
345 1162 455 1193 adjudi-

206 1196 298 1222 cation
313 1197 360 1221 the
375 1196 452 1221 truth

207 1231 238 1255 of
248 1230 294 1255 the
309 1231 379 1255 facts
393 1229 415 1254 is

206 1263 319 1295 implied
334 1273 364 1288 as
378 1272 395 1288 a

207 1296 350 1322 condition
365 1296 440 1323 osits

206 1330 336 1363 validity.

215 2091 261 2116 He
276 2089 339 2114 who
353 2088 434 2114 holds

214 2124 275 2149 that
290 2122 379 2147 which
395 2123 445 2147 has

214 2158 283 2182 been
299 2155 467 2187 wrongfully

214 2190 357 2222 adjudged
373 2189 429 2214 him

212 2225 294 2250 holds
302 2223 477 2254 wrongfully,

214 2258 289 2283 since
304 2258 338 2282 he
353 2257 432 2282 holds

215 2292 280 2323 only
295 2290 446 2321 according

215 2331 243 2350 to
258 2325 304 2349 the
319 2325 399 2349 letter
413 2325 444 2350 of

217 2359 263 2383 the
278 2359 330 2383 law
345 2358 393 2383 but

215 2391 326 2424 against
341 2392 376 2417 its

216 2425 365 2451 intention.

852 177 1055 209 RICARDI
1088 178 1390 209 ARMACHANI
1840 168 1942 226 [LIB.
1968 182 2025 210 IV'.

539 282 767 316 IOHANNES.
797 282 839 314 In
869 281 1058 325 premissis
1093 281 1240 316 casibus
1273 293 1339 326 per
1374 281 1625 326 ignoranciam
1660 282 1812 316 invinci-
1828 281 1921 323 [4113

487 339 597 373 bilem
628 339 785 373 iudicem
811 339 919 373 video
939 346 1180 374 excusatum:
1209 340 1282 374 iam
1306 341 1424 383 legem
1449 351 1606 383 excusa3
1635 340 1811 384 quoniam

488 397 599 431 michi
634 399 690 431 lex
723 397 784 431 illa
816 396 930 441 impia
962 404 998 431 et
1032 397 1166 432 iniusta
1196 409 1266 442 que
1297 399 1424 442 prebet
1453 397 1712 432 auctoritatem
1748 409 1812 432 seu

488 467 639 489 causam
665 455 789 499 impio,
809 467 875 500 pro
894 467 965 500 quo
983 456 1095 490 fertur
1121 455 1321 499 sentencia,
1342 456 1377 489 in
1401 456 1470 489 hoc
1497 467 1585 489 casu
1609 456 1708 490 bona
1736 467 1809 490 non

488 525 554 547 sua
572 520 626 547 set
645 513 743 547 bona
760 513 910 547 alterius
930 514 1004 547 veri
1023 513 1162 548 domini
1182 513 1249 548 sibi
1269 520 1304 548 et
1321 513 1489 548 fortassis
1515 514 1590 548 suis
1609 513 1807 548 heredibus
1824 523 1841 554 5

487 572 523 605 in
541 578 759 616 perpetuum
776 571 972 606 retinendi.

534 631 764 664 RICARDUS.
794 631 868 664 Lex
901 641 974 664 non
1010 631 1138 674 prebet
1173 629 1429 664 auctoritatem
1464 642 1527 665 seu
1563 642 1712 664 causam
1748 636 1811 664 aut

487 687 760 732 possessionem
779 688 849 722 nisi
869 700 934 732 per
951 688 1134 731 accidens,
1155 700 1197 722 ex
1222 689 1292 722 hoc
1317 688 1416 733 quod
1435 688 1543 722 iudex
1561 696 1711 733 propter
1728 700 1811 733 pro-

487 746 672 789 baciones,
698 746 717 766 ²¹<
743 746 827 779 licet
852 746 975 790 falsas,
1005 746 1152 780 estimat
1182 758 1256 780 non
1285 758 1368 781 vere
1396 746 1483 780 illud
1514 758 1595 781 esse
1623 747 1693 791 legi
1721 758 1807 781 con·
1824 750 1850 779 G

487 805 628 838 forme:
656 815 724 837 nec
753 815 864 838 causa
894 805 1046 848 prestita
1077 804 1259 849 iniquitati
1290 805 1360 838 hoc
1394 804 1506 838 modo
1541 817 1606 849 per
1636 804 1809 838 accidens
1829 811 1867 832 10

488 862 607 906 legem
641 861 825 906 inculpat;
864 862 1038 907 quoniam
1074 862 1125 896 sic
1171 864 1293 897 Deum
1335 869 1524 896 auctorem
1558 862 1649 906 legis
1684 874 1813 907 posses

488 920 652 964 legitime
671 920 870 964 inculpare,
889 920 994 954 sicud
1012 927 1046 955 et
1066 922 1184 964 legem
1202 921 1280 955 eius
1299 932 1368 965 que
1387 921 1487 963 dicit,
1507 920 1554 955 In
1574 933 1635 955 ore
1652 922 1813 955 duorum

488 983 557 1012 aut
573 979 690 1012 trium
701 979 844 1022 peribit
860 980 929 1022 qui
943 979 1192 1023 z‘nleuficietur
1210 978 1335 1022 (Deut.
1354 979 1437 1012 xvii.
1457 978 1506 1023 6),
1525 991 1568 1013 ex
1587 991 1658 1024 quo
1676 980 1712 1013 in
1728 991 1816 1013 casu

492 1037 600 1071 iudex
618 1036 734 1070 iustus
750 1048 793 1070 ex
807 1036 1021 1079 ignorancia
1040 1036 1242 1070 invincibili
1264 1036 1400 1071 iustum
1414 1037 1588 1071 falsorum
1605 1037 1815 1071 testimonio

491 1095 808 1138 condempnaret3
837 1094 1014 1139 quoniam
1046 1096 1151 1128 Deus
1185 1094 1237 1128 sic
1271 1106 1383 1129 causa
1416 1102 1513 1129 esset
1548 1107 1612 1139 per
1642 1095 1814 1129 accidens
1831 1102 1866 1134 15

492 1153 586 1186 illius
613 1151 749 1186 iudicii.
802 1154 885 1186 Hoc
911 1159 1036 1186 tamen
1063 1164 1136 1186 non
1163 1153 1261 1187 vales
1288 1164 1355 1186 nec
1382 1153 1496 1187 audes
1521 1160 1696 1195 astruere,
1725 1164 1814 1197 quo-

491 1212 592 1245 niam
613 1212 716 1244 Deus
736 1222 809 1244 non
829 1210 1043 1255 simpliciter
1061 1210 1215 1255 precipit
1236 1217 1274 1244 ut
1293 1210 1345 1244 sic
1360 1211 1431 1253 fiat,
1449 1218 1503 1245 set
1520 1212 1668 1255 quando
1682 1210 1816 1245 veritas

492 1271 618 1304 subest
640 1269 760 1312 fact03
789 1275 823 1303 et
842 1269 889 1303 ob
908 1270 978 1303 hoc
999 1280 1129 1303 sensus
1156 1268 1246 1312 legis
1274 1276 1329 1303 est
1354 1269 1646 1311 condicionatus,
1666 1268 1816 1311 scilicet,

492 1327 592 1372 quod
618 1327 755 1361 veritas
783 1327 829 1360 sit
857 1327 893 1360 in
916 1327 1025 1361 facto.
1079 1326 1192 1362 Unde
1220 1326 1268 1360 illi
1302 1326 1371 1371 legi
1400 1326 1566 1371 premisit
1596 1328 1666 1361 hoc
1694 1327 1816 1369 modo,
1831 1329 1886 1359 lzoc
1902 1338 1966 1359 om.
1986 1336 2018 1359 Β,

492 1386 586 1420 Cum
604 1385 906 1429 reperlz‘fuerz'nt
928 1385 1035 1430 apud
1048 1389 1081 1419 te
1097 1386 1164 1418 vir
1179 1390 1248 1419 aut
1272 1386 1410 1418 mulier
1426 1386 1494 1428 qui
1502 1385 1656 1429 faciant
1675 1386 1816 1418 malum
1832 1392 1928 1421 Dent.
1948 1391 2022 1421 xvii,

490 1445 531 1477 2⁸72
556 1446 748 1488 conspeclu
774 1443 942 1484 Domini,
962 1449 1040 1485 etc.,
1065 1447 1101 1477 et
1124 1443 1190 1477 lwc
1215 1443 1285 1477 tibi
1296 1443 1424 1488 fuerit
1449 1444 1681 1485 nunciatum,
1708 1443 1816 1476 audi·
1833 1444 1862 1471 2⁷
1881 1445 1912 1473 4,

490 1513 624 1545 ensqzce
641 1502 861 1545 inquisieris
878 1501 1082 1547 dz'lzgenter
1096 1505 1132 1535 et
1148 1512 1279 1535 verum
1298 1512 1371 1535 esse
1389 1502 1580 1545 repereris,
1599 1508 1680 1545 etc.,
1699 1502 1739 1535 in
1757 1512 1818 1535 ore
1830 1515 1892 1537 ver.
1912 1504 1942 1536 6.

489 1560 651 1593 duorum
670 1563 739 1593 aut
755 1560 885 1601 trium,
905 1566 973 1593 etc.
991 1571 998 1594 :
1027 1559 1087 1593 ubi
1113 1566 1257 1593 constat
1277 1559 1377 1604 quod
1402 1560 1459 1593 lex
1484 1559 1724 1603 intelligenda
1748 1566 1816 1602 est,

492 1629 575 1651 cum
594 1617 728 1652 veritas
756 1618 882 1652 subest
909 1618 1007 1651 facto
1037 1617 1089 1661 (ut
1116 1617 1304 1661 diximus),
1332 1629 1415 1651 curn
1442 1617 1552 1660 dicat,
1579 1629 1660 1651 cum
1686 1628 1818 1651 vqrzcm

492 1688 565 1709 esse
582 1677 774 1720 repereris.
828 1675 939 1710 Unde
954 1682 1099 1710 constat
1117 1677 1236 1719 legem
1256 1676 1365 1709 istam
1390 1675 1493 1709 sicud
1511 1682 1545 1709 et
1572 1676 1694 1709 Deum
1712 1686 1817 1709 excu-
1834 1681 1872 1712 25

494 1734 647 1768 sabilem
675 1745 821 1778 semper
839 1745 933 1777 esse,
960 1746 1044 1769 cum
1069 1745 1257 1779 nunquam
1285 1734 1438 1778 prebeat
1463 1745 1612 1768 causam
1638 1733 1820 1778 iniquitati

494 1792 563 1826 nisi
584 1804 649 1837 per
666 1792 851 1827 accidens.

546 1851 635 1884 IOH.
664 1849 702 1884 Si
722 1851 778 1884 lex
796 1850 953 1895 prebens
982 1861 1145 1891 causam,
1165 1849 1284 1883 eciam
1308 1861 1373 1894 per
1399 1850 1583 1892 accidens,
1603 1849 1716 1893 impio
1735 1849 1822 1883 talia

496 1908 676 1942 retinendi
696 1907 741 1942 sit
761 1908 981 1942 excusabilis
1000 1909 1101 1952 apud
1128 1909 1262 1949 Deum,
1288 1908 1525 1952 consequitur
1551 1908 1650 1951 quod
1677 1907 1736 1941 ille
1760 1907 1820 1952 qui

497 1963 610 1997 utitur
627 1963 689 1998 tali
708 1965 801 2007 lege,
820 1964 917 1998 bona
935 1964 1084 1998 alterius
1112 1964 1181 1997 sibi
1208 1975 1272 2008 per
1293 1964 1364 1997 tale
1389 1962 1564 1997 iudicium
1585 1961 1819 2007 acquirendo,
1836 1966 1877 1996 30

497 2022 597 2066 apud
617 2023 740 2055 Deum
759 2022 894 2056 debeat
912 2021 1088 2056 excusari.

546 2082 634 2115 RIC.
664 2082 750 2114 Non
770 2080 943 2125 sequitur,
964 2081 1050 2125 quia
1070 2080 1129 2114 ille
1148 2091 1222 2113 non
1235 2092 1299 2124 per
1313 2091 1351 2114 se
1371 2086 1425 2114 set
1439 2080 1554 2114 solum
1571 2091 1636 2124 per
1649 2078 1824 2112 accidens

498 2139 612 2173 utitur
630 2139 708 2182 lege
728 2138 799 2181 illa,
820 2138 906 2182 quia
924 2150 998 2172 non
1018 2138 1109 2183 legis
1129 2138 1337 2172 intencione
1357 2144 1410 2172 set
1431 2139 1549 2172 solum
1568 2137 1688 2171 verbis
1708 2136 1823 2178 illius;

498 2205 533 2232 et
560 2198 659 2241 apud
692 2198 814 2231 Deum
846 2197 967 2230 taliter
996 2196 1248 2241 acquirentem
1278 2196 1351 2229 alia
1379 2197 1434 2230 lex
1464 2196 1722 2239 condempnat,
1753 2205 1824 2238 que

499 2255 654 2300 precipit
680 2261 792 2289 testes
819 2261 854 2289 et
881 2254 1125 2288 instrumenta
1149 2254 1381 2288 solummodo
1406 2254 1527 2288 fidelia
1553 2253 1740 2297 litigantes
1759 2252 1822 2286 de·
1838 2259 1876 2291 35

499 2315 585 2349 bere
620 2314 824 2358 producere
843 2325 849 2348 :
895 2313 965 2347 hoc
1004 2313 1121 2347 eciam
1156 2312 1319 2357 ipsorum
1355 2312 1558 2346 iuramento
1593 2311 1639 2345 de
1674 2311 1827 2345 vitanda

499 2372 712 2416 calumpnia
730 2383 793 2405 eos
813 2372 868 2406 lex
886 2371 1040 2416 precipit
1059 2372 1267 2413 observare,
1284 2371 1386 2405 cuius
1402 2369 1628 2404 contrarium
1643 2369 1710 2403 iste
1725 2369 1799 2412 agit
1816 2380 1823 2411 ;

502 2431 554 2465 sic
584 2430 693 2474 quod,
725 2431 805 2473 lege
834 2429 903 2464 ista
934 2430 1102 2463 inferiore
1132 2428 1344 2473 inculpabili
1379 2428 1570 2471 existente,
1605 2428 1672 2462 iste
1707 2427 1827 2461 taliter

502 2488 662 2522 retinens
682 2489 739 2521 vel
765 2488 958 2532 acquirens
986 2489 1082 2521 bona
1108 2487 1255 2521 alterius
1283 2487 1485 2521 secundum
1512 2487 1630 2530 legem
1656 2485 1826 2528 eandem,

503 2547 614 2580 modo
633 2546 808 2590 predicto,
828 2557 892 2590 per
910 2545 1081 2580 accidens
1108 2552 1143 2579 et
1171 2552 1291 2589 preter
1317 2545 1562 2578 intencionem
1582 2544 1684 2587 legis>
1703 2555 1724 2577 a
1743 2543 1822 2586 lege
1836 2555 1879 2585 40

502 2605 574 2638 alia
593 2605 692 2648 apud
712 2605 835 2637 Deum
854 2603 1054 2637 iustissime
1073 2603 1379 2647 condempnatur.

552 2664 640 2696 IOH.
669 2661 834 2695 Titulum
866 2661 999 2695 iustum
1029 2673 1091 2705 per
1122 2661 1194 2695 tale
1229 2660 1403 2696 iudicium
1438 2659 1506 2694 iste
1541 2659 1608 2693 sibi
1644 2658 1824 2703 acquirit:

504 2719 613 2764 igitur
630 2719 897 2764 condempnari
917 2731 991 2754 non
1011 2720 1131 2762 debet,
1153 2718 1257 2752 sicud
1276 2730 1343 2753 nec
1362 2719 1407 2752 ab
1427 2718 1587 2761 homine,
1608 2717 1742 2762 pariter
1760 2728 1828 2751 nec

505 2791 526 2812 a
546 2779 638 2812 Deo.
