<?xml version="1.0" encoding="UTF-8"?>
<!DOCTYPE html PUBLIC "-//W3C//DTD XHTML 1.0 Transitional//EN"
    "http://www.w3.org/TR/xhtml1/DTD/xhtml1-transitional.dtd">
<html xmlns="http://www.w3.org/1999/xhtml" xml:lang="en" lang="en">
 <head>
  <title>
</title>
<meta http-equiv="Content-Type" content="text/html;charset=utf-8" />
  <meta name='ocr-system' content='tesseract 3.04.00' />
  <meta name='ocr-capabilities' content='ocr_page ocr_carea ocr_par ocr_line ocrx_word'/>
</head>
<body>
  <div class='ocr_page' id='page_1' title='image "./dedominiodivinol00wycl_0144.png"; bbox 0 0 2008 3305; ppageno 0'>
   <div class='ocr_carea' id='block_1_1' title="bbox 151 169 204 218">
    <p class='ocr_par' dir='ltr' id='par_1_1' title="bbox 151 169 204 218">
     <span class='ocr_line' id='line_1_1' title="bbox 151 169 204 218; baseline 0 -9"><span class='ocrx_word' id='word_1_1' title='bbox 151 169 204 218; x_wconf 63' lang='lat'>258</span> 
     </span>
    </p>
   </div>
   <div class='ocr_carea' id='block_1_2' title="bbox 150 1223 415 1324">
    <p class='ocr_par' dir='ltr' id='par_1_2' title="bbox 150 1223 415 1324">
     <span class='ocr_line' id='line_1_2' title="bbox 159 1223 351 1249; baseline -0.005 0"><span class='ocrx_word' id='word_1_2' title='bbox 159 1224 286 1249; x_wconf 76' lang='lat' dir='ltr'>Illnstra</span> <span class='ocrx_word' id='word_1_3' title='bbox 291 1223 351 1248; x_wconf 74' lang='lat' dir='ltr'>tion</span> 
     </span>
     <span class='ocr_line' id='line_1_3' title="bbox 150 1258 379 1290; baseline -0.009 -7"><span class='ocrx_word' id='word_1_4' title='bbox 150 1258 237 1290; x_wconf 73' lang='lat' dir='ltr'>from</span> <span class='ocrx_word' id='word_1_5' title='bbox 251 1258 298 1282; x_wconf 73' lang='lat' dir='ltr'>the</span> <span class='ocrx_word' id='word_1_6' title='bbox 310 1258 379 1282; x_wconf 81' lang='lat' dir='ltr'>law-</span> 
     </span>
     <span class='ocr_line' id='line_1_4' title="bbox 156 1291 415 1324; baseline -0.004 -7"><span class='ocrx_word' id='word_1_7' title='bbox 156 1292 264 1324; x_wconf 78' lang='lat' dir='ltr'>giving</span> <span class='ocrx_word' id='word_1_8' title='bbox 274 1291 309 1323; x_wconf 82' lang='lat' dir='ltr'>of</span> <span class='ocrx_word' id='word_1_9' title='bbox 314 1292 351 1316; x_wconf 83' lang='lat' dir='ltr'><em>M</em></span> <span class='ocrx_word' id='word_1_10' title='bbox 351 1298 415 1316; x_wconf 74' lang='lat' dir='ltr'>oses.</span> 
     </span>
    </p>
   </div>
   <div class='ocr_carea' id='block_1_3' title="bbox 831 170 1761 228">
    <p class='ocr_par' dir='ltr' id='par_1_3' title="bbox 831 170 1761 228">
     <span class='ocr_line' id='line_1_5' title="bbox 831 170 1761 228; baseline 0 -16"><span class='ocrx_word' id='word_1_11' title='bbox 831 181 895 212; x_wconf 87' lang='lat' dir='ltr'>DE</span> <span class='ocrx_word' id='word_1_12' title='bbox 929 180 1149 213; x_wconf 78' lang='lat' dir='ltr'>DOMrNro</span> <span class='ocrx_word' id='word_1_13' title='bbox 1180 181 1358 213; x_wconf 81' lang='lat' dir='ltr'>D1V1No</span> <span class='ocrx_word' id='word_1_14' title='bbox 1578 170 1680 228; x_wconf 83' lang='lat' dir='ltr'>[CAP.</span> <span class='ocrx_word' id='word_1_15' title='bbox 1704 184 1761 212; x_wconf 79' lang='lat' dir='ltr'>xr.</span> 
     </span>
    </p>
   </div>
   <div class='ocr_carea' id='block_1_4' title="bbox 433 292 1876 2040">
    <p class='ocr_par' dir='ltr' id='par_1_4' title="bbox 433 292 1876 1182">
     <span class='ocr_line' id='line_1_6' title="bbox 434 292 1876 346; baseline 0 -14"><span class='ocrx_word' id='word_1_16' title='bbox 434 302 568 344; x_wconf 89' lang='lat' dir='ltr'>quarte</span> <span class='ocrx_word' id='word_1_17' title='bbox 598 295 685 334; x_wconf 90' lang='lat' dir='ltr'>fidei</span> <span class='ocrx_word' id='word_1_18' title='bbox 714 302 781 343; x_wconf 90' lang='lat' dir='ltr'>est,</span> <span class='ocrx_word' id='word_1_19' title='bbox 812 304 853 334; x_wconf 88' lang='lat' dir='ltr'>ut</span> <span class='ocrx_word' id='word_1_20' title='bbox 881 297 1100 346; x_wconf 89' lang='lat' dir='ltr'>plurimum,</span> <span class='ocrx_word' id='word_1_21' title='bbox 1130 309 1248 334; x_wconf 88' lang='lat' dir='ltr'>causa</span> <span class='ocrx_word' id='word_1_22' title='bbox 1278 292 1447 335; x_wconf 84' lang='lat' dir='ltr'>defectus</span> <span class='ocrx_word' id='word_1_23' title='bbox 1476 297 1591 334; x_wconf 88' lang='lat' dir='ltr'>civilis</span> <span class='ocrx_word' id='word_1_24' title='bbox 1620 297 1764 335; x_wconf 90' lang='lat' dir='ltr'>iusticie</span> <span class='ocrx_word' id='word_1_25' title='bbox 1780 301 1876 343; x_wconf 80' lang='lat'>[2913</span> 
     </span>
     <span class='ocr_line' id='line_1_7' title="bbox 435 367 1769 416; baseline 0 -13"><span class='ocrx_word' id='word_1_26' title='bbox 435 367 667 405; x_wconf 88' lang='lat' dir='ltr'>destruendo</span> <span class='ocrx_word' id='word_1_27' title='bbox 694 367 982 416; x_wconf 81' lang='lat' dir='ltr'>rempublicam.</span> <span class='ocrx_word' id='word_1_28' title='bbox 1040 367 1156 405; x_wconf 85' lang='lat' dir='ltr'><strong>Unde</strong></span> <span class='ocrx_word' id='word_1_29' title='bbox 1195 368 1291 405; x_wconf 90' lang='lat' dir='ltr'>sicut</span> <span class='ocrx_word' id='word_1_30' title='bbox 1320 380 1368 405; x_wconf 85' lang='lat' dir='ltr'>ex</span> <span class='ocrx_word' id='word_1_31' title='bbox 1403 367 1478 405; x_wconf 91' lang='lat' dir='ltr'>fide</span> <span class='ocrx_word' id='word_1_32' title='bbox 1511 368 1653 405; x_wconf 88' lang='lat' dir='ltr'>credita</span> <span class='ocrx_word' id='word_1_33' title='bbox 1680 367 1769 404; x_wconf 89' lang='lat' dir='ltr'>vivit</span> 
     </span>
     <span class='ocr_line' id='line_1_8' title="bbox 435 436 1767 488; baseline 0 -14"><span class='ocrx_word' id='word_1_34' title='bbox 435 437 603 485; x_wconf 83' lang='lat' dir='ltr'>quelibet</span> <span class='ocrx_word' id='word_1_35' title='bbox 634 444 808 475; x_wconf 85' lang='lat' dir='ltr'>creatura</span> <span class='ocrx_word' id='word_1_36' title='bbox 842 438 964 475; x_wconf 88' lang='lat' dir='ltr'>vitalis</span> <span class='ocrx_word' id='word_1_37' title='bbox 997 436 1117 488; x_wconf 86' lang='lat' dir='ltr'>(iuxta</span> <span class='ocrx_word' id='word_1_38' title='bbox 1149 438 1240 475; x_wconf 91' lang='lat' dir='ltr'>illud</span> <span class='ocrx_word' id='word_1_39' title='bbox 1272 438 1434 487; x_wconf 90' lang='lat' dir='ltr'>apostoli</span> <span class='ocrx_word' id='word_1_40' title='bbox 1464 437 1548 476; x_wconf 86' lang='lat' dir='ltr'>Act.</span> <span class='ocrx_word' id='word_1_41' title='bbox 1582 438 1670 475; x_wconf 85' lang='lat' dir='ltr'>xvii.</span> <span class='ocrx_word' id='word_1_42' title='bbox 1705 440 1767 484; x_wconf 87' lang='lat'>28,</span> 
     </span>
     <span class='ocr_line' id='line_1_9' title="bbox 433 507 1770 559; baseline 0.001 -15"><span class='ocrx_word' id='word_1_43' title='bbox 433 507 486 544; x_wconf 85' lang='lat' dir='ltr'>In</span> <span class='ocrx_word' id='word_1_44' title='bbox 517 509 594 556; x_wconf 59' lang='lat' dir='ltr'>zpso</span> <span class='ocrx_word' id='word_1_45' title='bbox 625 509 800 554; x_wconf 77' lang='lat' dir='ltr'>vivimus,</span> <span class='ocrx_word' id='word_1_46' title='bbox 838 521 1032 553; x_wconf 80' lang='lat' dir='ltr'>movemur,</span> <span class='ocrx_word' id='word_1_47' title='bbox 1068 513 1102 545; x_wconf 77' lang='lat' dir='ltr'>et</span> <span class='ocrx_word' id='word_1_48' title='bbox 1136 507 1292 559; x_wconf 81' lang='lat' dir='ltr'>sumus),</span> <span class='ocrx_word' id='word_1_49' title='bbox 1327 508 1379 545; x_wconf 92' lang='lat' dir='ltr'>sic</span> <span class='ocrx_word' id='word_1_50' title='bbox 1424 521 1472 545; x_wconf 83' lang='lat' dir='ltr'>ex</span> <span class='ocrx_word' id='word_1_51' title='bbox 1519 508 1593 545; x_wconf 91' lang='lat' dir='ltr'>fide</span> <span class='ocrx_word' id='word_1_52' title='bbox 1632 508 1770 557; x_wconf 88' lang='lat' dir='ltr'>triplici</span> 
     </span>
     <span class='ocr_line' id='line_1_10' title="bbox 442 578 1801 628; baseline 0 -13"><span class='ocrx_word' id='word_1_53' title='bbox 442 578 610 616; x_wconf 86' lang='lat' dir='ltr'>derivata</span> <span class='ocrx_word' id='word_1_54' title='bbox 656 579 797 625; x_wconf 89' lang='lat' dir='ltr'>vivunt,</span> <span class='ocrx_word' id='word_1_55' title='bbox 846 579 1059 616; x_wconf 91' lang='lat' dir='ltr'>secundum</span> <span class='ocrx_word' id='word_1_56' title='bbox 1118 579 1233 615; x_wconf 87' lang='lat' dir='ltr'>vitam</span> <span class='ocrx_word' id='word_1_57' title='bbox 1285 579 1484 627; x_wconf 80' lang='lat' dir='ltr'>triplicem,</span> <span class='ocrx_word' id='word_1_58' title='bbox 1535 578 1801 628; x_wconf 90' lang='lat' dir='ltr'>speculativi,5</span> 
     </span>
     <span class='ocr_line' id='line_1_11' title="bbox 437 648 1770 697; baseline -0.001 -11"><span class='ocrx_word' id='word_1_59' title='bbox 437 649 593 697; x_wconf 72' lang='lat' dir='ltr'>politici,</span> <span class='ocrx_word' id='word_1_60' title='bbox 628 655 666 686; x_wconf 92' lang='lat' dir='ltr'>et</span> <span class='ocrx_word' id='word_1_61' title='bbox 705 649 850 686; x_wconf 89' lang='lat' dir='ltr'>fideles.</span> <span class='ocrx_word' id='word_1_62' title='bbox 908 649 1005 686; x_wconf 89' lang='lat' dir='ltr'>Ideo</span> <span class='ocrx_word' id='word_1_63' title='bbox 1047 649 1182 686; x_wconf 89' lang='lat' dir='ltr'>dicitur</span> <span class='ocrx_word' id='word_1_64' title='bbox 1216 649 1383 686; x_wconf 83' lang='lat' dir='ltr'>Abakuk</span> <span class='ocrx_word' id='word_1_65' title='bbox 1421 649 1454 686; x_wconf 91' lang='lat' dir='ltr'>ii.</span> <span class='ocrx_word' id='word_1_66' title='bbox 1491 661 1525 696; x_wconf 90' lang='lat'>4,</span> <span class='ocrx_word' id='word_1_67' title='bbox 1561 655 1598 686; x_wconf 93' lang='lat' dir='ltr'>et</span> <span class='ocrx_word' id='word_1_68' title='bbox 1632 648 1770 697; x_wconf 88' lang='lat' dir='ltr'>allegat</span> 
     </span>
     <span class='ocr_line' id='line_1_12' title="bbox 436 717 1812 768; baseline 0 -13"><span class='ocrx_word' id='word_1_69' title='bbox 436 719 633 768; x_wconf 89' lang='lat' dir='ltr'>apostolus</span> <span class='ocrx_word' id='word_1_70' title='bbox 656 717 674 738; x_wconf 83' lang='lat'><strong>*</strong></span> <span class='ocrx_word' id='word_1_71' title='bbox 697 719 813 757; x_wconf 91' lang='lat' dir='ltr'>Rom.</span> <span class='ocrx_word' id='word_1_72' title='bbox 830 720 853 757; x_wconf 88' lang='lat' dir='ltr'>i.</span> <span class='ocrx_word' id='word_1_73' title='bbox 881 728 938 767; x_wconf 91' lang='lat'>17,</span> <span class='ocrx_word' id='word_1_74' title='bbox 960 720 1066 768; x_wconf 88' lang='lat' dir='ltr'>quod</span> <span class='ocrx_word' id='word_1_75' title='bbox 1087 721 1205 756; x_wconf 72' lang='lat' dir='ltr'>iustus</span> <span class='ocrx_word' id='word_1_76' title='bbox 1225 732 1274 757; x_wconf 77' lang='lat' dir='ltr'>ex</span> <span class='ocrx_word' id='word_1_77' title='bbox 1284 720 1365 768; x_wconf 81' lang='lat' dir='ltr'>fide</span> <span class='ocrx_word' id='word_1_78' title='bbox 1385 720 1490 756; x_wconf 74' lang='lat' dir='ltr'>vivit.</span> <span class='ocrx_word' id='word_1_79' title='bbox 1534 719 1648 756; x_wconf 80' lang='lat' dir='ltr'>Fides</span> <span class='ocrx_word' id='word_1_80' title='bbox 1667 718 1771 756; x_wconf 90' lang='lat' dir='ltr'>enim</span> <span class='ocrx_word' id='word_1_81' title='bbox 1785 729 1812 759; x_wconf 84' lang='lat' dir='ltr'>o</span> 
     </span>
     <span class='ocr_line' id='line_1_13' title="bbox 437 790 1772 839; baseline 0 -13"><span class='ocrx_word' id='word_1_82' title='bbox 437 796 495 827; x_wconf 87' lang='lat' dir='ltr'>est</span> <span class='ocrx_word' id='word_1_83' title='bbox 516 790 662 839; x_wconf 88' lang='lat' dir='ltr'>primus</span> <span class='ocrx_word' id='word_1_84' title='bbox 692 796 799 827; x_wconf 89' lang='lat' dir='ltr'>actus</span> <span class='ocrx_word' id='word_1_85' title='bbox 823 790 1057 837; x_wconf 80' lang='lat' dir='ltr'>iustificans3</span> <span class='ocrx_word' id='word_1_86' title='bbox 1086 803 1158 827; x_wconf 90' lang='lat' dir='ltr'>nec</span> <span class='ocrx_word' id='word_1_87' title='bbox 1180 790 1267 827; x_wconf 89' lang='lat' dir='ltr'>facit</span> <span class='ocrx_word' id='word_1_88' title='bbox 1287 791 1365 827; x_wconf 89' lang='lat' dir='ltr'>vim</span> <span class='ocrx_word' id='word_1_89' title='bbox 1385 790 1617 836; x_wconf 88' lang='lat' dir='ltr'>differencie,</span> <span class='ocrx_word' id='word_1_90' title='bbox 1645 790 1723 827; x_wconf 88' lang='lat' dir='ltr'>sive</span> <span class='ocrx_word' id='word_1_91' title='bbox 1749 801 1772 826; x_wconf 90' lang='lat' dir='ltr'>a</span> 
     </span>
     <span class='ocr_line' id='line_1_14' title="bbox 437 860 1772 909; baseline -0.001 -12"><span class='ocrx_word' id='word_1_92' title='bbox 437 860 527 898; x_wconf 89' lang='lat' dir='ltr'>Deo</span> <span class='ocrx_word' id='word_1_93' title='bbox 557 873 651 909; x_wconf 91' lang='lat' dir='ltr'>pure</span> <span class='ocrx_word' id='word_1_94' title='bbox 681 860 913 906; x_wconf 84' lang='lat' dir='ltr'>infundatur,</span> <span class='ocrx_word' id='word_1_95' title='bbox 943 862 1020 898; x_wconf 89' lang='lat' dir='ltr'>sive</span> <span class='ocrx_word' id='word_1_96' title='bbox 1055 874 1101 898; x_wconf 83' lang='lat' dir='ltr'>ex</span> <span class='ocrx_word' id='word_1_97' title='bbox 1137 861 1267 898; x_wconf 88' lang='lat' dir='ltr'>auditu</span> <span class='ocrx_word' id='word_1_98' title='bbox 1297 860 1354 898; x_wconf 90' lang='lat' dir='ltr'>vel</span> <span class='ocrx_word' id='word_1_99' title='bbox 1382 867 1551 898; x_wconf 85' lang='lat' dir='ltr'>creature</span> <span class='ocrx_word' id='word_1_100' title='bbox 1580 860 1772 898; x_wconf 89' lang='lat' dir='ltr'>iuvamine</span> 
     </span>
     <span class='ocr_line' id='line_1_15' title="bbox 438 930 1827 981; baseline -0.001 -13"><span class='ocrx_word' id='word_1_101' title='bbox 438 932 669 981; x_wconf 82' lang='lat' dir='ltr'>acquiratur,</span> <span class='ocrx_word' id='word_1_102' title='bbox 709 932 799 980; x_wconf 88' lang='lat' dir='ltr'>quia</span> <span class='ocrx_word' id='word_1_103' title='bbox 839 939 987 969; x_wconf 87' lang='lat' dir='ltr'>certum</span> <span class='ocrx_word' id='word_1_104' title='bbox 1030 938 1087 969; x_wconf 87' lang='lat' dir='ltr'>est</span> <span class='ocrx_word' id='word_1_105' title='bbox 1124 931 1230 980; x_wconf 89' lang='lat' dir='ltr'>quod</span> <span class='ocrx_word' id='word_1_106' title='bbox 1272 938 1452 980; x_wconf 84' lang='lat' dir='ltr'>parentes</span> <span class='ocrx_word' id='word_1_107' title='bbox 1494 931 1676 968; x_wconf 88' lang='lat' dir='ltr'>oracione</span> <span class='ocrx_word' id='word_1_108' title='bbox 1715 930 1772 968; x_wconf 92' lang='lat' dir='ltr'>vel</span> <span class='ocrx_word' id='word_1_109' title='bbox 1789 939 1827 962; x_wconf 92' lang='lat'>10</span> 
     </span>
     <span class='ocr_line' id='line_1_16' title="bbox 441 1002 1773 1051; baseline -0.001 -12"><span class='ocrx_word' id='word_1_110' title='bbox 441 1003 672 1040; x_wconf 79' lang='lat' dir='ltr'>sacramenti</span> <span class='ocrx_word' id='word_1_111' title='bbox 721 1003 933 1040; x_wconf 88' lang='lat' dir='ltr'>ministerio</span> <span class='ocrx_word' id='word_1_112' title='bbox 972 1009 1135 1051; x_wconf 81' lang='lat' dir='ltr'>possunt</span> <span class='ocrx_word' id='word_1_113' title='bbox 1177 1002 1253 1039; x_wconf 88' lang='lat' dir='ltr'>suis</span> <span class='ocrx_word' id='word_1_114' title='bbox 1292 1002 1391 1039; x_wconf 87' lang='lat' dir='ltr'>natis</span> <span class='ocrx_word' id='word_1_115' title='bbox 1429 1003 1568 1039; x_wconf 90' lang='lat' dir='ltr'>mereri</span> <span class='ocrx_word' id='word_1_116' title='bbox 1611 1002 1773 1050; x_wconf 90' lang='lat' dir='ltr'>disposi-</span> 
     </span>
     <span class='ocr_line' id='line_1_17' title="bbox 442 1072 1776 1123; baseline -0.001 -13"><span class='ocrx_word' id='word_1_117' title='bbox 442 1073 596 1110; x_wconf 85' lang='lat' dir='ltr'>cionem</span> <span class='ocrx_word' id='word_1_118' title='bbox 614 1074 718 1123; x_wconf 91' lang='lat' dir='ltr'>quod</span> <span class='ocrx_word' id='word_1_119' title='bbox 737 1073 885 1111; x_wconf 81' lang='lat' dir='ltr'>facilius</span> <span class='ocrx_word' id='word_1_120' title='bbox 906 1073 1021 1110; x_wconf 85' lang='lat' dir='ltr'>adulti</span> <span class='ocrx_word' id='word_1_121' title='bbox 1043 1073 1294 1110; x_wconf 88' lang='lat' dir='ltr'>consenciant</span> <span class='ocrx_word' id='word_1_122' title='bbox 1314 1072 1388 1122; x_wconf 88' lang='lat' dir='ltr'>legi</span> <span class='ocrx_word' id='word_1_123' title='bbox 1405 1072 1555 1110; x_wconf 83' lang='lat' dir='ltr'>Christi.</span> <span class='ocrx_word' id='word_1_124' title='bbox 1610 1072 1661 1110; x_wconf 89' lang='lat' dir='ltr'>Et</span> <span class='ocrx_word' id='word_1_125' title='bbox 1681 1078 1776 1122; x_wconf 91' lang='lat' dir='ltr'>quot</span> 
     </span>
     <span class='ocr_line' id='line_1_18' title="bbox 441 1143 1057 1182; baseline 0 -2"><span class='ocrx_word' id='word_1_126' title='bbox 441 1151 529 1181; x_wconf 88' lang='lat' dir='ltr'>sunt</span> <span class='ocrx_word' id='word_1_127' title='bbox 556 1144 721 1182; x_wconf 84' lang='lat' dir='ltr'>sciencie</span> <span class='ocrx_word' id='word_1_128' title='bbox 750 1151 806 1181; x_wconf 89' lang='lat' dir='ltr'>tot</span> <span class='ocrx_word' id='word_1_129' title='bbox 833 1150 920 1181; x_wconf 88' lang='lat' dir='ltr'>sunt</span> <span class='ocrx_word' id='word_1_130' title='bbox 951 1143 1057 1181; x_wconf 91' lang='lat' dir='ltr'>fides.</span> 
     </span>
    </p>

    <p class='ocr_par' dir='ltr' id='par_1_5' title="bbox 438 1212 1835 2040">
     <span class='ocr_line' id='line_1_19' title="bbox 497 1212 1775 1264; baseline -0.001 -13"><span class='ocrx_word' id='word_1_131' title='bbox 497 1214 548 1252; x_wconf 91' lang='lat' dir='ltr'>Et</span> <span class='ocrx_word' id='word_1_132' title='bbox 574 1214 663 1252; x_wconf 90' lang='lat' dir='ltr'>hinc</span> <span class='ocrx_word' id='word_1_133' title='bbox 695 1221 852 1264; x_wconf 86' lang='lat' dir='ltr'>propter</span> <span class='ocrx_word' id='word_1_134' title='bbox 883 1215 972 1251; x_wconf 89' lang='lat' dir='ltr'>fidei</span> <span class='ocrx_word' id='word_1_135' title='bbox 998 1213 1266 1251; x_wconf 88' lang='lat' dir='ltr'>necessitatem</span> <span class='ocrx_word' id='word_1_136' title='bbox 1304 1213 1491 1251; x_wconf 88' lang='lat' dir='ltr'>ordinavit</span> <span class='ocrx_word' id='word_1_137' title='bbox 1522 1212 1631 1251; x_wconf 89' lang='lat' dir='ltr'>Deus</span> <span class='ocrx_word' id='word_1_138' title='bbox 1658 1224 1775 1262; x_wconf 92' lang='lat' dir='ltr'>pecu-</span> 
     </span>
     <span class='ocr_line' id='line_1_20' title="bbox 443 1284 1829 1335; baseline -0.003 -13"><span class='ocrx_word' id='word_1_139' title='bbox 443 1285 524 1323; x_wconf 88' lang='lat' dir='ltr'>liari</span> <span class='ocrx_word' id='word_1_140' title='bbox 555 1286 704 1335; x_wconf 90' lang='lat' dir='ltr'>populo</span> <span class='ocrx_word' id='word_1_141' title='bbox 734 1285 915 1335; x_wconf 88' lang='lat' dir='ltr'>Moysem</span> <span class='ocrx_word' id='word_1_142' title='bbox 948 1285 1207 1334; x_wconf 82' lang='lat' dir='ltr'>legislatorem</span> <span class='ocrx_word' id='word_1_143' title='bbox 1239 1284 1448 1333; x_wconf 87' lang='lat' dir='ltr'>ydoneum,</span> <span class='ocrx_word' id='word_1_144' title='bbox 1479 1284 1539 1322; x_wconf 92' lang='lat' dir='ltr'>cui</span> <span class='ocrx_word' id='word_1_145' title='bbox 1578 1296 1625 1321; x_wconf 84' lang='lat' dir='ltr'>ex</span> <span class='ocrx_word' id='word_1_146' title='bbox 1663 1284 1829 1327; x_wconf 87' lang='lat' dir='ltr'>mira-15</span> 
     </span>
     <span class='ocr_line' id='line_1_21' title="bbox 441 1354 1775 1405; baseline -0.001 -12"><span class='ocrx_word' id='word_1_147' title='bbox 441 1357 536 1394; x_wconf 88' lang='lat' dir='ltr'>culis</span> <span class='ocrx_word' id='word_1_148' title='bbox 562 1356 847 1393; x_wconf 88' lang='lat' dir='ltr'>racionabiliter</span> <span class='ocrx_word' id='word_1_149' title='bbox 883 1356 1018 1393; x_wconf 88' lang='lat' dir='ltr'>darent</span> <span class='ocrx_word' id='word_1_150' title='bbox 1052 1355 1179 1392; x_wconf 88' lang='lat' dir='ltr'>fidem.</span> <span class='ocrx_word' id='word_1_151' title='bbox 1232 1354 1336 1400; x_wconf 71' lang='lat' dir='ltr'>Quis,</span> <span class='ocrx_word' id='word_1_152' title='bbox 1370 1355 1493 1405; x_wconf 87' lang='lat' dir='ltr'>inquit</span> <span class='ocrx_word' id='word_1_153' title='bbox 1522 1354 1775 1403; x_wconf 84' lang='lat' dir='ltr'>Augustinus,</span> 
     </span>
     <span class='ocr_line' id='line_1_22' title="bbox 438 1425 1776 1474; baseline -0.002 -10"><span class='ocrx_word' id='word_1_154' title='bbox 438 1427 482 1464; x_wconf 84' lang='lat' dir='ltr'>in</span> <span class='ocrx_word' id='word_1_155' title='bbox 511 1426 788 1473; x_wconf 84' lang='lat' dir='ltr'>Questionibus</span> <span class='ocrx_word' id='word_1_156' title='bbox 817 1425 968 1463; x_wconf 88' lang='lat' dir='ltr'>Veteris</span> <span class='ocrx_word' id='word_1_157' title='bbox 1002 1432 1040 1463; x_wconf 92' lang='lat' dir='ltr'>et</span> <span class='ocrx_word' id='word_1_158' title='bbox 1069 1425 1179 1463; x_wconf 89' lang='lat' dir='ltr'>Nove</span> <span class='ocrx_word' id='word_1_159' title='bbox 1209 1425 1326 1474; x_wconf 83' lang='lat' dir='ltr'>Legis</span> <span class='ocrx_word' id='word_1_160' title='bbox 1355 1425 1415 1471; x_wconf 65' lang='lat' dir='ltr'>iii„</span> <span class='ocrx_word' id='word_1_161' title='bbox 1451 1438 1522 1462; x_wconf 85' lang='lat' dir='ltr'>non</span> <span class='ocrx_word' id='word_1_162' title='bbox 1552 1425 1709 1461; x_wconf 79' lang='lat' dir='ltr'>crederet</span> <span class='ocrx_word' id='word_1_163' title='bbox 1734 1425 1776 1470; x_wconf 81' lang='lat' dir='ltr'>ei,</span> 
     </span>
     <span class='ocr_line' id='line_1_23' title="bbox 439 1494 1778 1546; baseline -0.001 -12"><span class='ocrx_word' id='word_1_164' title='bbox 439 1497 546 1535; x_wconf 78' lang='lat' dir='ltr'>cuius</span> <span class='ocrx_word' id='word_1_165' title='bbox 575 1502 680 1534; x_wconf 75' lang='lat' dir='ltr'>tanta</span> <span class='ocrx_word' id='word_1_166' title='bbox 713 1498 823 1546; x_wconf 64' lang='lat' dir='ltr'>szgna</span> <span class='ocrx_word' id='word_1_167' title='bbox 852 1497 892 1533; x_wconf 81' lang='lat' dir='ltr'>z&#39;n</span> <span class='ocrx_word' id='word_1_168' title='bbox 926 1496 1032 1533; x_wconf 76' lang='lat' dir='ltr'>rebus</span> <span class='ocrx_word' id='word_1_169' title='bbox 1064 1498 1180 1545; x_wconf 76' lang='lat' dir='ltr'>gestis</span> <span class='ocrx_word' id='word_1_170' title='bbox 1218 1497 1454 1533; x_wconf 62' lang='lat' dir='ltr'>existerent?</span> <span class='ocrx_word' id='word_1_171' title='bbox 1504 1495 1621 1532; x_wconf 88' lang='lat' dir='ltr'>Unde</span> <span class='ocrx_word' id='word_1_172' title='bbox 1660 1494 1778 1532; x_wconf 87' lang='lat' dir='ltr'>credo</span> 
     </span>
     <span class='ocr_line' id='line_1_24' title="bbox 441 1566 1778 1618; baseline -0.001 -14"><span class='ocrx_word' id='word_1_173' title='bbox 441 1568 549 1618; x_wconf 88' lang='lat' dir='ltr'>quod</span> <span class='ocrx_word' id='word_1_174' title='bbox 573 1574 706 1609; x_wconf 85' lang='lat' dir='ltr'>sancta</span> <span class='ocrx_word' id='word_1_175' title='bbox 729 1567 988 1613; x_wconf 86' lang='lat' dir='ltr'>conversacio,</span> <span class='ocrx_word' id='word_1_176' title='bbox 1013 1567 1288 1604; x_wconf 86' lang='lat' dir='ltr'>miraculorum</span> <span class='ocrx_word' id='word_1_177' title='bbox 1315 1566 1507 1616; x_wconf 88' lang='lat' dir='ltr'>operacio,</span> <span class='ocrx_word' id='word_1_178' title='bbox 1529 1572 1566 1603; x_wconf 89' lang='lat' dir='ltr'>et</span> <span class='ocrx_word' id='word_1_179' title='bbox 1595 1572 1778 1603; x_wconf 87' lang='lat' dir='ltr'>constans</span> 
     </span>
     <span class='ocr_line' id='line_1_25' title="bbox 440 1636 1834 1687; baseline -0.004 -11"><span class='ocrx_word' id='word_1_180' title='bbox 440 1652 489 1677; x_wconf 92' lang='lat' dir='ltr'>ac</span> <span class='ocrx_word' id='word_1_181' title='bbox 519 1639 671 1675; x_wconf 91' lang='lat' dir='ltr'>humilis</span> <span class='ocrx_word' id='word_1_182' title='bbox 691 1639 913 1675; x_wconf 91' lang='lat' dir='ltr'>iniuriarum</span> <span class='ocrx_word' id='word_1_183' title='bbox 933 1638 1133 1687; x_wconf 90' lang='lat' dir='ltr'>perpessio</span> <span class='ocrx_word' id='word_1_184' title='bbox 1162 1637 1258 1675; x_wconf 90' lang='lat' dir='ltr'>foret</span> <span class='ocrx_word' id='word_1_185' title='bbox 1288 1644 1558 1686; x_wconf 87' lang='lat' dir='ltr'>argumentum</span> <span class='ocrx_word' id='word_1_186' title='bbox 1587 1636 1777 1674; x_wconf 87' lang='lat' dir='ltr'>efficacius</span> <span class='ocrx_word' id='word_1_187' title='bbox 1794 1648 1834 1670; x_wconf 87' lang='lat'>20</span> 
     </span>
     <span class='ocr_line' id='line_1_26' title="bbox 444 1706 1780 1759; baseline -0.004 -12"><span class='ocrx_word' id='word_1_188' title='bbox 444 1710 588 1748; x_wconf 87' lang='lat' dir='ltr'>infideli</span> <span class='ocrx_word' id='word_1_189' title='bbox 615 1721 732 1759; x_wconf 91' lang='lat' dir='ltr'>quam</span> <span class='ocrx_word' id='word_1_190' title='bbox 761 1709 1047 1758; x_wconf 84' lang='lat' dir='ltr'>disputaciones</span> <span class='ocrx_word' id='word_1_191' title='bbox 1078 1708 1287 1753; x_wconf 87' lang='lat' dir='ltr'>scolastice,</span> <span class='ocrx_word' id='word_1_192' title='bbox 1318 1709 1458 1757; x_wconf 89' lang='lat' dir='ltr'>quibus</span> <span class='ocrx_word' id='word_1_193' title='bbox 1487 1707 1695 1744; x_wconf 86' lang='lat' dir='ltr'>insistimus</span> <span class='ocrx_word' id='word_1_194' title='bbox 1721 1706 1780 1743; x_wconf 93' lang='lat' dir='ltr'>vel</span> 
     </span>
     <span class='ocr_line' id='line_1_27' title="bbox 445 1777 1780 1830; baseline -0.004 -12"><span class='ocrx_word' id='word_1_195' title='bbox 445 1787 601 1830; x_wconf 87' lang='lat' dir='ltr'>propter</span> <span class='ocrx_word' id='word_1_196' title='bbox 639 1780 870 1829; x_wconf 86' lang='lat' dir='ltr'>proterviam</span> <span class='ocrx_word' id='word_1_197' title='bbox 912 1779 1095 1828; x_wconf 88' lang='lat' dir='ltr'>negando</span> <span class='ocrx_word' id='word_1_198' title='bbox 1134 1779 1334 1828; x_wconf 88' lang='lat' dir='ltr'>principia,</span> <span class='ocrx_word' id='word_1_199' title='bbox 1366 1778 1425 1815; x_wconf 90' lang='lat' dir='ltr'>vel</span> <span class='ocrx_word' id='word_1_200' title='bbox 1464 1783 1621 1826; x_wconf 87' lang='lat' dir='ltr'>propter</span> <span class='ocrx_word' id='word_1_201' title='bbox 1664 1777 1780 1814; x_wconf 90' lang='lat' dir='ltr'>inevi-</span> 
     </span>
     <span class='ocr_line' id='line_1_28' title="bbox 445 1847 1782 1900; baseline -0.003 -12"><span class='ocrx_word' id='word_1_202' title='bbox 445 1850 623 1888; x_wconf 87' lang='lat' dir='ltr'>denciam</span> <span class='ocrx_word' id='word_1_203' title='bbox 658 1850 843 1900; x_wconf 90' lang='lat' dir='ltr'>predicati</span> <span class='ocrx_word' id='word_1_204' title='bbox 878 1862 926 1887; x_wconf 85' lang='lat' dir='ltr'>ex</span> <span class='ocrx_word' id='word_1_205' title='bbox 956 1850 1032 1887; x_wconf 91' lang='lat' dir='ltr'>vita</span> <span class='ocrx_word' id='word_1_206' title='bbox 1067 1850 1255 1887; x_wconf 86' lang='lat' dir='ltr'>contraria</span> <span class='ocrx_word' id='word_1_207' title='bbox 1286 1849 1325 1885; x_wconf 91' lang='lat' dir='ltr'>in</span> <span class='ocrx_word' id='word_1_208' title='bbox 1354 1848 1506 1893; x_wconf 79' lang='lat' dir='ltr'>effectu,</span> <span class='ocrx_word' id='word_1_209' title='bbox 1536 1847 1594 1885; x_wconf 91' lang='lat' dir='ltr'>vel</span> <span class='ocrx_word' id='word_1_210' title='bbox 1623 1853 1782 1897; x_wconf 89' lang='lat' dir='ltr'>propter</span> 
     </span>
     <span class='ocr_line' id='line_1_29' title="bbox 447 1917 1781 1968; baseline -0.003 -10"><span class='ocrx_word' id='word_1_211' title='bbox 447 1922 653 1959; x_wconf 87' lang='lat' dir='ltr'>ruditatem</span> <span class='ocrx_word' id='word_1_212' title='bbox 693 1927 731 1958; x_wconf 89' lang='lat' dir='ltr'>et</span> <span class='ocrx_word' id='word_1_213' title='bbox 768 1920 1065 1968; x_wconf 86' lang='lat' dir='ltr'>incapacitatem</span> <span class='ocrx_word' id='word_1_214' title='bbox 1105 1920 1143 1956; x_wconf 90' lang='lat' dir='ltr'>in</span> <span class='ocrx_word' id='word_1_215' title='bbox 1183 1920 1314 1956; x_wconf 89' lang='lat' dir='ltr'>animo</span> <span class='ocrx_word' id='word_1_216' title='bbox 1354 1918 1614 1956; x_wconf 89' lang='lat' dir='ltr'>convertendi.</span> <span class='ocrx_word' id='word_1_217' title='bbox 1684 1917 1781 1955; x_wconf 91' lang='lat' dir='ltr'>Ideo</span> 
     </span>
     <span class='ocr_line' id='line_1_30' title="bbox 449 1987 1835 2040; baseline -0.005 -10"><span class='ocrx_word' id='word_1_218' title='bbox 449 1993 539 2030; x_wconf 91' lang='lat' dir='ltr'>dicit</span> <span class='ocrx_word' id='word_1_219' title='bbox 567 1992 715 2038; x_wconf 87' lang='lat' dir='ltr'>Scotus,</span> <span class='ocrx_word' id='word_1_220' title='bbox 743 2003 856 2040; x_wconf 92' lang='lat' dir='ltr'>super</span> <span class='ocrx_word' id='word_1_221' title='bbox 883 1990 1133 2028; x_wconf 88' lang='lat' dir='ltr'>distinccione</span> <span class='ocrx_word' id='word_1_222' title='bbox 1154 1990 1190 2027; x_wconf 89' lang='lat' dir='ltr'>ii.</span> <span class='ocrx_word' id='word_1_223' title='bbox 1216 1990 1327 2039; x_wconf 86' lang='lat' dir='ltr'>primi</span> <span class='ocrx_word' id='word_1_224' title='bbox 1349 1989 1640 2027; x_wconf 88' lang='lat' dir='ltr'>Sentenciarum</span> <span class='ocrx_word' id='word_1_225' title='bbox 1660 1987 1779 2024; x_wconf 90' lang='lat' dir='ltr'>Lum-</span> <span class='ocrx_word' id='word_1_226' title='bbox 1797 2001 1835 2033; x_wconf 83' lang='lat'>25</span> 
     </span>
    </p>
   </div>
   <div class='ocr_carea' id='block_1_5' title="bbox 444 2107 1780 2179">
    <p class='ocr_par' dir='ltr' id='par_1_6' title="bbox 444 2107 1780 2179">
     <span class='ocr_line' id='line_1_31' title="bbox 460 2107 1780 2179; baseline -0.004 -41"><span class='ocrx_word' id='word_1_227' title='bbox 460 2122 507 2179; x_wconf 67' lang='lat' dir='ltr'>p3.</span> <span class='ocrx_word' id='word_1_228' title='bbox 527 2112 623 2172; x_wconf 50' lang='grc' dir='ltr'><em>χᾍίιεῑ</em></span> <span class='ocrx_word' id='word_1_229' title='bbox 642 2116 670 2145; x_wconf 90' lang='lat'>7⁰</span> <span class='ocrx_word' id='word_1_230' title='bbox 683 2111 708 2137; x_wconf 94' lang='lat' dir='ltr'><strong>A</strong></span> <span class='ocrx_word' id='word_1_231' title='bbox 719 2111 743 2138; x_wconf 92' lang='lat' dir='ltr'>C</span> <span class='ocrx_word' id='word_1_232' title='bbox 756 2118 761 2137; x_wconf 89' lang='lat'>:</span> <span class='ocrx_word' id='word_1_233' title='bbox 783 2111 883 2137; x_wconf 83' lang='lat' dir='ltr'>lacuna</span> <span class='ocrx_word' id='word_1_234' title='bbox 896 2110 924 2136; x_wconf 89' lang='lat' dir='ltr'>in</span> <span class='ocrx_word' id='word_1_235' title='bbox 938 2110 973 2137; x_wconf 87' lang='lat' dir='ltr'>B.</span> <span class='ocrx_word' id='word_1_236' title='bbox 1079 2119 1118 2143; x_wconf 90' lang='lat'>19.</span> <span class='ocrx_word' id='word_1_237' title='bbox 1138 2112 1242 2136; x_wconf 84' lang='lat' dir='ltr'>sancta</span> <span class='ocrx_word' id='word_1_238' title='bbox 1262 2109 1284 2135; x_wconf 89' lang='lat' dir='ltr'>B</span> <span class='ocrx_word' id='word_1_239' title='bbox 1297 2116 1303 2135; x_wconf 71' lang='grc' dir='ltr'><strong><em>Ζ</em></strong></span> <span class='ocrx_word' id='word_1_240' title='bbox 1314 2109 1404 2141; x_wconf 77' lang='lat' dir='ltr'>facta</span> <span class='ocrx_word' id='word_1_241' title='bbox 1417 2109 1443 2135; x_wconf 91' lang='lat' dir='ltr'><strong>A</strong></span> <span class='ocrx_word' id='word_1_242' title='bbox 1453 2108 1484 2135; x_wconf 89' lang='lat' dir='ltr'>C.</span> <span class='ocrx_word' id='word_1_243' title='bbox 1597 2107 1725 2140; x_wconf 71' lang='lat' dir='ltr'>operacz&#39;o</span> <span class='ocrx_word' id='word_1_244' title='bbox 1739 2107 1761 2133; x_wconf 83' lang='lat' dir='ltr'>B</span> <span class='ocrx_word' id='word_1_245' title='bbox 1774 2113 1780 2134; x_wconf 72' lang='grc' dir='ltr'><em>τ</em></span> 
     </span>
     <span class='ocr_line' id='line_1_32' title="bbox 444 2155 616 2172; baseline 0 0"><span class='ocrx_word' id='word_1_246' title='bbox 444 2156 464 2172; x_wconf 80' lang='lat' dir='ltr'>-o</span> <span class='ocrx_word' id='word_1_247' title='bbox 484 2155 537 2172; x_wconf 71' lang='lat' dir='ltr'>era</span> <span class='ocrx_word' id='word_1_248' title='bbox 610 2165 616 2172; x_wconf 85' lang='lat'><strong>.</strong></span> 
     </span>
    </p>
   </div>
   <div class='ocr_carea' id='block_1_6' title="bbox 445 2226 1785 2839">
    <p class='ocr_par' dir='ltr' id='par_1_7' title="bbox 497 2226 1780 2270">
     <span class='ocr_line' id='line_1_33' title="bbox 497 2226 1780 2270; baseline -0.004 -9"><span class='ocrx_word' id='word_1_249' title='bbox 497 2229 546 2261; x_wconf 89' lang='lat'>16.</span> <span class='ocrx_word' id='word_1_250' title='bbox 571 2230 857 2270; x_wconf 84' lang='lat' dir='ltr'>Pseudo—August.</span> <span class='ocrx_word' id='word_1_251' title='bbox 873 2228 1008 2269; x_wconf 87' lang='lat' dir='ltr'>Quaest.</span> <span class='ocrx_word' id='word_1_252' title='bbox 1020 2228 1095 2259; x_wconf 89' lang='lat' dir='ltr'>Vet.</span> <span class='ocrx_word' id='word_1_253' title='bbox 1108 2232 1139 2259; x_wconf 86' lang='lat' dir='ltr'>et</span> <span class='ocrx_word' id='word_1_254' title='bbox 1152 2228 1239 2258; x_wconf 89' lang='lat' dir='ltr'>Nov.</span> <span class='ocrx_word' id='word_1_255' title='bbox 1252 2226 1396 2262; x_wconf 88' lang='lat' dir='ltr'>Test.iii‚</span> <span class='ocrx_word' id='word_1_256' title='bbox 1412 2226 1499 2267; x_wconf 92' lang='lat' dir='ltr'>Opp.</span> <span class='ocrx_word' id='word_1_257' title='bbox 1516 2235 1533 2266; x_wconf 83' lang='lat'>3</span> <span class='ocrx_word' id='word_1_258' title='bbox 1548 2226 1596 2265; x_wconf 82' lang='lat'>(2)</span> <span class='ocrx_word' id='word_1_259' title='bbox 1610 2236 1684 2267; x_wconf 85' lang='lat' dir='ltr'>app.</span> <span class='ocrx_word' id='word_1_260' title='bbox 1694 2233 1735 2266; x_wconf 83' lang='lat'>43</span> <span class='ocrx_word' id='word_1_261' title='bbox 1748 2234 1780 2256; x_wconf 89' lang='lat' dir='ltr'>G.</span> 
     </span>
    </p>

    <p class='ocr_par' dir='ltr' id='par_1_8' title="bbox 445 2278 1785 2839">
     <span class='ocr_line' id='line_1_34' title="bbox 497 2278 1782 2323; baseline -0.005 -10"><span class='ocrx_word' id='word_1_262' title='bbox 497 2291 546 2322; x_wconf 85' lang='lat'>25.</span> <span class='ocrx_word' id='word_1_263' title='bbox 571 2282 646 2323; x_wconf 88' lang='lat' dir='ltr'>Joh.</span> <span class='ocrx_word' id='word_1_264' title='bbox 661 2283 756 2312; x_wconf 89' lang='lat' dir='ltr'>Duns</span> <span class='ocrx_word' id='word_1_265' title='bbox 772 2280 859 2312; x_wconf 89' lang='lat' dir='ltr'>Scot.</span> <span class='ocrx_word' id='word_1_266' title='bbox 874 2280 905 2310; x_wconf 91' lang='lat' dir='ltr'>in</span> <span class='ocrx_word' id='word_1_267' title='bbox 923 2280 1066 2311; x_wconf 88' lang='lat' dir='ltr'>Sentent.</span> <span class='ocrx_word' id='word_1_268' title='bbox 1082 2280 1100 2310; x_wconf 90' lang='lat' dir='ltr'>i.</span> <span class='ocrx_word' id='word_1_269' title='bbox 1114 2280 1189 2311; x_wconf 87' lang='lat' dir='ltr'>dist.</span> <span class='ocrx_word' id='word_1_270' title='bbox 1203 2280 1234 2310; x_wconf 90' lang='lat' dir='ltr'>ii.</span> <span class='ocrx_word' id='word_1_271' title='bbox 1250 2289 1303 2319; x_wconf 91' lang='lat' dir='ltr'>qu.</span> <span class='ocrx_word' id='word_1_272' title='bbox 1319 2288 1335 2318; x_wconf 83' lang='lat'><strong>3</strong></span> <span class='ocrx_word' id='word_1_273' title='bbox 1352 2287 1359 2310; x_wconf 54' lang='lat'>¹:</span> <span class='ocrx_word' id='word_1_274' title='bbox 1385 2278 1533 2319; x_wconf 88' lang='lat' dir='ltr'>Populus</span> <span class='ocrx_word' id='word_1_275' title='bbox 1550 2278 1704 2309; x_wconf 88' lang='lat' dir='ltr'>Iudaicus</span> <span class='ocrx_word' id='word_1_276' title='bbox 1719 2278 1782 2308; x_wconf 85' lang='lat' dir='ltr'>fuit</span> 
     </span>
     <span class='ocr_line' id='line_1_35' title="bbox 451 2329 1782 2374; baseline -0.005 -9"><span class='ocrx_word' id='word_1_277' title='bbox 451 2335 541 2365; x_wconf 84' lang='lat' dir='ltr'>rudis</span> <span class='ocrx_word' id='word_1_278' title='bbox 552 2340 583 2365; x_wconf 90' lang='lat' dir='ltr'>et</span> <span class='ocrx_word' id='word_1_279' title='bbox 597 2344 718 2374; x_wconf 86' lang='lat' dir='ltr'>pronus</span> <span class='ocrx_word' id='word_1_280' title='bbox 731 2333 773 2364; x_wconf 85' lang='lat' dir='ltr'>ad</span> <span class='ocrx_word' id='word_1_281' title='bbox 786 2333 1012 2363; x_wconf 83' lang='lat' dir='ltr'>idololatriam</span> <span class='ocrx_word' id='word_1_282' title='bbox 1027 2342 1034 2363; x_wconf 91' lang='lat'><strong>:</strong></span> <span class='ocrx_word' id='word_1_283' title='bbox 1058 2332 1134 2363; x_wconf 92' lang='lat' dir='ltr'>ideo</span> <span class='ocrx_word' id='word_1_284' title='bbox 1147 2331 1288 2371; x_wconf 85' lang='lat' dir='ltr'>indiguit</span> <span class='ocrx_word' id='word_1_285' title='bbox 1305 2330 1419 2361; x_wconf 85' lang='lat' dir='ltr'>instrui</span> <span class='ocrx_word' id='word_1_286' title='bbox 1432 2340 1489 2370; x_wconf 88' lang='lat' dir='ltr'>per</span> <span class='ocrx_word' id='word_1_287' title='bbox 1502 2330 1589 2370; x_wconf 86' lang='lat' dir='ltr'>leges</span> <span class='ocrx_word' id='word_1_288' title='bbox 1603 2330 1643 2360; x_wconf 92' lang='lat' dir='ltr'>de</span> <span class='ocrx_word' id='word_1_289' title='bbox 1658 2329 1782 2360; x_wconf 83' lang='lat' dir='ltr'>unitate</span> 
     </span>
     <span class='ocr_line' id='line_1_36' title="bbox 452 2381 1783 2427; baseline -0.005 -10"><span class='ocrx_word' id='word_1_290' title='bbox 452 2386 612 2425; x_wconf 86' lang='lat' dir='ltr'>Dei,licet</span> <span class='ocrx_word' id='word_1_291' title='bbox 624 2396 680 2427; x_wconf 90' lang='lat' dir='ltr'>per</span> <span class='ocrx_word' id='word_1_292' title='bbox 692 2385 854 2416; x_wconf 85' lang='lat' dir='ltr'>rationem</span> <span class='ocrx_word' id='word_1_293' title='bbox 867 2384 1048 2415; x_wconf 88' lang='lat' dir='ltr'>naturalem</span> <span class='ocrx_word' id='word_1_294' title='bbox 1063 2388 1190 2424; x_wconf 91' lang='lat' dir='ltr'>poterat</span> <span class='ocrx_word' id='word_1_295' title='bbox 1201 2382 1416 2413; x_wconf 85' lang='lat' dir='ltr'>demonstrari</span> <span class='ocrx_word' id='word_1_296' title='bbox 1430 2405 1436 2412; x_wconf 87' lang='lat'><strong>.</strong></span> <span class='ocrx_word' id='word_1_297' title='bbox 1452 2406 1458 2412; x_wconf 93' lang='lat'><em>.</em></span> <span class='ocrx_word' id='word_1_298' title='bbox 1471 2405 1478 2411; x_wconf 93' lang='lat'><em>.</em></span> <span class='ocrx_word' id='word_1_299' title='bbox 1491 2406 1497 2413; x_wconf 96' lang='lat'>.</span> <span class='ocrx_word' id='word_1_300' title='bbox 1513 2382 1578 2413; x_wconf 87' lang='lat' dir='ltr'>Illa</span> <span class='ocrx_word' id='word_1_301' title='bbox 1591 2381 1688 2412; x_wconf 85' lang='lat' dir='ltr'>etiam</span> <span class='ocrx_word' id='word_1_302' title='bbox 1700 2391 1783 2421; x_wconf 85' lang='lat' dir='ltr'>quae</span> 
     </span>
     <span class='ocr_line' id='line_1_37' title="bbox 453 2432 1783 2480; baseline -0.005 -11"><span class='ocrx_word' id='word_1_303' title='bbox 453 2442 590 2480; x_wconf 84' lang='lat' dir='ltr'>possunt</span> <span class='ocrx_word' id='word_1_304' title='bbox 606 2437 823 2469; x_wconf 86' lang='lat' dir='ltr'>demonstrari</span> <span class='ocrx_word' id='word_1_305' title='bbox 839 2436 919 2467; x_wconf 89' lang='lat' dir='ltr'>utile</span> <span class='ocrx_word' id='word_1_306' title='bbox 936 2441 983 2467; x_wconf 88' lang='lat' dir='ltr'>est</span> <span class='ocrx_word' id='word_1_307' title='bbox 999 2435 1226 2467; x_wconf 85' lang='lat' dir='ltr'>communitati</span> <span class='ocrx_word' id='word_1_308' title='bbox 1244 2435 1327 2465; x_wconf 83' lang='lat' dir='ltr'>tradi</span> <span class='ocrx_word' id='word_1_309' title='bbox 1345 2445 1402 2475; x_wconf 89' lang='lat' dir='ltr'>per</span> <span class='ocrx_word' id='word_1_310' title='bbox 1417 2434 1505 2465; x_wconf 89' lang='lat' dir='ltr'>viam</span> <span class='ocrx_word' id='word_1_311' title='bbox 1521 2432 1734 2470; x_wconf 85' lang='lat' dir='ltr'>auctoritatis,</span> <span class='ocrx_word' id='word_1_312' title='bbox 1751 2437 1783 2462; x_wconf 88' lang='lat' dir='ltr'>et</span> 
     </span>
     <span class='ocr_line' id='line_1_38' title="bbox 452 2486 1785 2532; baseline -0.005 -11"><span class='ocrx_word' id='word_1_313' title='bbox 452 2495 588 2532; x_wconf 83' lang='lat' dir='ltr'>propter</span> <span class='ocrx_word' id='word_1_314' title='bbox 608 2489 842 2530; x_wconf 84' lang='lat' dir='ltr'>negligentiam</span> <span class='ocrx_word' id='word_1_315' title='bbox 865 2487 1110 2519; x_wconf 85' lang='lat' dir='ltr'>communitatis</span> <span class='ocrx_word' id='word_1_316' title='bbox 1132 2487 1163 2518; x_wconf 94' lang='lat' dir='ltr'>in</span> <span class='ocrx_word' id='word_1_317' title='bbox 1185 2486 1379 2528; x_wconf 87' lang='lat' dir='ltr'>inquirendo</span> <span class='ocrx_word' id='word_1_318' title='bbox 1401 2486 1580 2523; x_wconf 87' lang='lat' dir='ltr'>veritatem,</span> <span class='ocrx_word' id='word_1_319' title='bbox 1599 2488 1631 2516; x_wconf 89' lang='lat' dir='ltr'>et</span> <span class='ocrx_word' id='word_1_320' title='bbox 1651 2488 1785 2525; x_wconf 79' lang='lat' dir='ltr'>propter</span> 
     </span>
     <span class='ocr_line' id='line_1_39' title="bbox 451 2536 1783 2582; baseline -0.006 -10"><span class='ocrx_word' id='word_1_321' title='bbox 451 2541 681 2582; x_wconf 88' lang='lat' dir='ltr'>impotentiam</span> <span class='ocrx_word' id='word_1_322' title='bbox 698 2540 893 2575; x_wconf 88' lang='lat' dir='ltr'>intellectus,</span> <span class='ocrx_word' id='word_1_323' title='bbox 911 2544 942 2570; x_wconf 92' lang='lat' dir='ltr'>et</span> <span class='ocrx_word' id='word_1_324' title='bbox 959 2544 1092 2579; x_wconf 89' lang='lat' dir='ltr'>propter</span> <span class='ocrx_word' id='word_1_325' title='bbox 1108 2548 1231 2569; x_wconf 90' lang='lat' dir='ltr'>errores</span> <span class='ocrx_word' id='word_1_326' title='bbox 1252 2537 1482 2578; x_wconf 87' lang='lat' dir='ltr'>inquirentium</span> <span class='ocrx_word' id='word_1_327' title='bbox 1505 2546 1562 2577; x_wconf 92' lang='lat' dir='ltr'>per</span> <span class='ocrx_word' id='word_1_328' title='bbox 1581 2536 1783 2566; x_wconf 88' lang='lat' dir='ltr'>demonstra-</span> 
     </span>
     <span class='ocr_line' id='line_1_40' title="bbox 451 2587 1784 2634; baseline -0.006 -10"><span class='ocrx_word' id='word_1_329' title='bbox 451 2595 586 2631; x_wconf 89' lang='lat' dir='ltr'>tionem,</span> <span class='ocrx_word' id='word_1_330' title='bbox 604 2594 680 2634; x_wconf 86' lang='lat' dir='ltr'>quia</span> <span class='ocrx_word' id='word_1_331' title='bbox 696 2592 886 2622; x_wconf 88' lang='lat' dir='ltr'>veritatibus</span> <span class='ocrx_word' id='word_1_332' title='bbox 903 2591 969 2622; x_wconf 88' lang='lat' dir='ltr'>suis</span> <span class='ocrx_word' id='word_1_333' title='bbox 986 2590 1090 2621; x_wconf 86' lang='lat' dir='ltr'>multa</span> <span class='ocrx_word' id='word_1_334' title='bbox 1106 2590 1187 2621; x_wconf 73' lang='lat' dir='ltr'>salsa</span> <span class='ocrx_word' id='word_1_335' title='bbox 1204 2590 1407 2630; x_wconf 86' lang='lat' dir='ltr'>permiscent,</span> <span class='ocrx_word' id='word_1_336' title='bbox 1425 2593 1460 2619; x_wconf 90' lang='lat' dir='ltr'>ut</span> <span class='ocrx_word' id='word_1_337' title='bbox 1477 2588 1557 2618; x_wconf 88' lang='lat' dir='ltr'>dicit</span> <span class='ocrx_word' id='word_1_338' title='bbox 1574 2588 1659 2628; x_wconf 88' lang='lat' dir='ltr'>Aug.</span> <span class='ocrx_word' id='word_1_339' title='bbox 1681 2587 1728 2617; x_wconf 89' lang='lat'>18.</span> <span class='ocrx_word' id='word_1_340' title='bbox 1748 2587 1784 2617; x_wconf 77' lang='lat' dir='ltr'>de</span> 
     </span>
     <span class='ocr_line' id='line_1_41' title="bbox 452 2638 1783 2684; baseline -0.006 -8"><span class='ocrx_word' id='word_1_341' title='bbox 452 2646 541 2676; x_wconf 69' lang='lat' dir='ltr'>civit.</span> <span class='ocrx_word' id='word_1_342' title='bbox 561 2645 640 2682; x_wconf 72' lang='lat' dir='ltr'>Dei,</span> <span class='ocrx_word' id='word_1_343' title='bbox 661 2649 691 2675; x_wconf 88' lang='lat' dir='ltr'>et</span> <span class='ocrx_word' id='word_1_344' title='bbox 710 2644 785 2674; x_wconf 85' lang='lat' dir='ltr'>ideo</span> <span class='ocrx_word' id='word_1_345' title='bbox 807 2643 883 2684; x_wconf 88' lang='lat' dir='ltr'>quia</span> <span class='ocrx_word' id='word_1_346' title='bbox 908 2642 1074 2683; x_wconf 88' lang='lat' dir='ltr'>simplices</span> <span class='ocrx_word' id='word_1_347' title='bbox 1093 2646 1262 2683; x_wconf 88' lang='lat' dir='ltr'>sequentes</span> <span class='ocrx_word' id='word_1_348' title='bbox 1285 2640 1367 2671; x_wconf 82' lang='lat' dir='ltr'>tales</span> <span class='ocrx_word' id='word_1_349' title='bbox 1387 2640 1679 2671; x_wconf 86' lang='lat' dir='ltr'>demonstrationes</span> <span class='ocrx_word' id='word_1_350' title='bbox 1702 2638 1783 2669; x_wconf 90' lang='lat' dir='ltr'>bene</span> 
     </span>
     <span class='ocr_line' id='line_1_42' title="bbox 453 2690 1784 2738; baseline -0.005 -11"><span class='ocrx_word' id='word_1_351' title='bbox 453 2701 585 2738; x_wconf 84' lang='lat' dir='ltr'>possent</span> <span class='ocrx_word' id='word_1_352' title='bbox 608 2696 757 2726; x_wconf 88' lang='lat' dir='ltr'>dubitare</span> <span class='ocrx_word' id='word_1_353' title='bbox 779 2696 831 2726; x_wconf 88' lang='lat' dir='ltr'>cui</span> <span class='ocrx_word' id='word_1_354' title='bbox 851 2700 934 2727; x_wconf 85' lang='lat' dir='ltr'>esset</span> <span class='ocrx_word' id='word_1_355' title='bbox 956 2694 1208 2725; x_wconf 71' lang='lat' dir='ltr'>assentiendum.</span> <span class='ocrx_word' id='word_1_356' title='bbox 1258 2692 1336 2723; x_wconf 84' lang='lat' dir='ltr'>Ideo</span> <span class='ocrx_word' id='word_1_357' title='bbox 1357 2696 1427 2722; x_wconf 83' lang='lat' dir='ltr'>tuta</span> <span class='ocrx_word' id='word_1_358' title='bbox 1447 2696 1495 2722; x_wconf 88' lang='lat' dir='ltr'>est</span> <span class='ocrx_word' id='word_1_359' title='bbox 1511 2692 1563 2721; x_wconf 89' lang='lat' dir='ltr'>via</span> <span class='ocrx_word' id='word_1_360' title='bbox 1579 2696 1610 2721; x_wconf 90' lang='lat' dir='ltr'>et</span> <span class='ocrx_word' id='word_1_361' title='bbox 1629 2690 1735 2721; x_wconf 84' lang='lat' dir='ltr'>facilis</span> <span class='ocrx_word' id='word_1_362' title='bbox 1752 2694 1784 2720; x_wconf 89' lang='lat' dir='ltr'>et</span> 
     </span>
     <span class='ocr_line' id='line_1_43' title="bbox 454 2740 1780 2787; baseline -0.006 -9"><span class='ocrx_word' id='word_1_363' title='bbox 454 2749 648 2785; x_wconf 77' lang='lat' dir='ltr'>communis,</span> <span class='ocrx_word' id='word_1_364' title='bbox 665 2748 844 2778; x_wconf 87' lang='lat' dir='ltr'>auctoritas</span> <span class='ocrx_word' id='word_1_365' title='bbox 861 2752 947 2777; x_wconf 88' lang='lat' dir='ltr'>certa</span> <span class='ocrx_word' id='word_1_366' title='bbox 965 2756 1046 2787; x_wconf 85' lang='lat' dir='ltr'>quac</span> <span class='ocrx_word' id='word_1_367' title='bbox 1064 2756 1127 2776; x_wconf 90' lang='lat' dir='ltr'>non</span> <span class='ocrx_word' id='word_1_368' title='bbox 1145 2749 1252 2786; x_wconf 84' lang='lat' dir='ltr'>potest</span> <span class='ocrx_word' id='word_1_369' title='bbox 1269 2744 1381 2774; x_wconf 77' lang='lat' dir='ltr'>fallere</span> <span class='ocrx_word' id='word_1_370' title='bbox 1398 2754 1455 2775; x_wconf 84' lang='lat' dir='ltr'>nec</span> <span class='ocrx_word' id='word_1_371' title='bbox 1471 2742 1542 2774; x_wconf 86' lang='lat' dir='ltr'>falli</span> <span class='ocrx_word' id='word_1_372' title='bbox 1559 2753 1564 2772; x_wconf 86' lang='lat'><strong>:</strong></span> <span class='ocrx_word' id='word_1_373' title='bbox 1590 2743 1678 2783; x_wconf 83' lang='lat' dir='ltr'>Opp.</span> <span class='ocrx_word' id='word_1_374' title='bbox 1699 2749 1715 2781; x_wconf 80' lang='lat'>5</span> <span class='ocrx_word' id='word_1_375' title='bbox 1732 2740 1780 2781; x_wconf 77' lang='grc' dir='ltr'>(Ι)</span> 
     </span>
     <span class='ocr_line' id='line_1_44' title="bbox 445 2795 893 2839; baseline -0.007 -10"><span class='ocrx_word' id='word_1_376' title='bbox 445 2808 505 2839; x_wconf 86' lang='lat'>294</span> <span class='ocrx_word' id='word_1_377' title='bbox 528 2803 558 2829; x_wconf 85' lang='lat' dir='ltr'>et</span> <span class='ocrx_word' id='word_1_378' title='bbox 576 2807 652 2837; x_wconf 68' lang='lat' dir='ltr'>seq,</span> <span class='ocrx_word' id='word_1_379' title='bbox 670 2797 780 2837; x_wconf 84' lang='lat' dir='ltr'>Lyons</span> <span class='ocrx_word' id='word_1_380' title='bbox 800 2795 893 2836; x_wconf 73' lang='lat'><strong>1639.</strong></span> 
     </span>
    </p>
   </div>
  </div>
 </body>
</html>
