2008 3305
53 204 133 233 Lm.
157 189 205 248 L]
607 200 670 231 DE
704 198 946 230 PAUPERIE
979 196 1290 229 SALVATORIS.

185 308 253 348 123]
314 302 473 342 Quartum
497 301 674 343 capitulum
698 301 871 343 investigat
894 301 1040 332 raciones
1063 300 1208 331 causales
1230 300 1333 331 divini
1356 299 1504 339 dominii,
1522 311 1592 331 sua—
1606 310 1635 342 4.

267 353 346 384 dens
370 354 458 395 quod
481 364 539 385 nec
562 355 767 385 conservacio
790 363 896 384 rerum
920 364 939 384 a
962 352 1036 383 Deo
1059 362 1117 383 nec
1132 352 1329 392 gubernaclo
1346 357 1393 383 est
1416 362 1514 383 causa
1538 362 1594 383 seu

266 405 354 435 racio
371 405 515 446 primarii
531 405 633 436 divini
650 405 799 436 dominii.

310 456 467 496 Quintum
483 457 665 497 capitulum
682 457 767 487 idem
784 455 910 494 suadet,
921 455 1092 486 materiam
1109 454 1370 485 conservacionis
1387 459 1418 486 et
1434 455 1592 495 guberna—
1608 459 1636 490 5·

234 513 251 545 5
267 507 368 538 cionis
397 508 503 549 magis
532 508 721 548 explanans,
749 508 889 549 qualiter
918 507 961 537 ad
992 507 1229 548 possessionem
1256 510 1288 537 et
1314 517 1408 537 usum
1434 507 1595 548 pertinent

265 559 430 600 suppremi
446 559 549 590 divini
565 560 714 590 dominii.

307 610 441 641 Sextum
455 611 635 651 capitulum
648 610 823 651 multiplici
837 610 968 641 racione
980 613 1077 650 atque
1089 608 1256 649 Scriptura
1269 609 1382 640 suadet
1398 610 1487 650 quod
1503 610 1594 641 Deus
1606 614 1636 645 6,

263 672 429 703 nunquam
461 662 521 693 fuit
544 662 776 703 proprietarius
803 672 909 693 rerum
945 661 1103 699 omnium,
1132 666 1179 691 set
1216 670 1344 700 semper
1371 661 1503 701 quando
1532 662 1593 692 fuit

264 713 416 744 dominus
433 714 702 745 condominantes
717 714 859 744 habebat
876 714 909 743 in
926 713 1019 743 rebus
1037 712 1210 753 aliquibus.

213 776 252 797 10
308 764 491 806 Septimum
508 765 689 806 capitulum
706 765 818 796 suadet
835 765 943 795 Deum
966 763 998 794 in
1022 774 1127 794 rerum
1152 763 1332 804 primordio
1349 763 1459 794 omnia
1482 774 1591 805 posse·
1607 774 1635 808 7,

46 817 184 848 extrz'nc.
203 824 234 848 B.
263 817 348 848 disse
364 821 396 847 et
410 817 456 847 eis
471 827 565 847 usum
578 816 812 858 quoquomodo
824 816 933 855 fuisse,
947 815 1098 846 differens
1110 818 1249 845 tractare
1264 815 1304 845 de
1316 825 1375 845 usu
1392 815 1572 846 extrinseco
1585 826 1593 853 ;

262 873 293 899 et
310 867 396 898 ultra
411 868 552 899 ostendit
569 868 708 909 qualiter
723 867 905 898 dominium
922 871 969 898 est
986 876 1085 897 unum
1101 870 1133 897 et
1149 866 1332 906 multiplex.

308 919 466 950 Octavum
484 919 663 960 capitulum
680 919 836 950 describit
860 919 1008 949 divinum
1024 917 1210 948 dominium
1225 916 1346 958 triplici
1362 917 1504 956 racione,
1522 928 1593 949 sua·
1609 923 1637 953 8,

264 970 343 1002 dens
360 971 447 1011 quod
466 972 555 1001 Deus
572 981 637 1001 non
654 975 762 1012 potest
778 981 797 1001 a
814 981 848 1001 se
864 980 957 1001 suum
974 969 1157 1000 dominium
1174 968 1336 999 abdicare.

176 1063 178 1065 v
223 1021 251 1050 C
307 1022 443 1052 Nonum
454 1022 635 1063 capitulum
647 1022 749 1054 obicit
764 1022 804 1053 de
814 1022 926 1052 divino
946 1021 1104 1061 regimine
1119 1025 1150 1051 et
1162 1020 1311 1051 dominio
1328 1025 1401 1051 orto
1412 1021 1430 1041 '¹‘
1446 1031 1485 1051 ex
1500 1020 1573 1062 ipso
1587 1032 1593 1058 ;
1608 1034 1637 1065 9.

263 1076 295 1104 et
324 1073 533 1104 dissolvendo
563 1074 705 1106 ostendit
729 1074 819 1115 quod
849 1078 940 1105 actus
971 1071 1170 1113 principales
1201 1071 1304 1102 divini
1332 1072 1499 1113 regiminis
1529 1083 1595 1103 non

262 1129 452 1166 competunt
468 1125 605 1166 angelis,
618 1136 677 1156 nec
687 1130 824 1167 possunt
837 1129 1033 1166 competere,
1049 1134 1107 1155 nec
1123 1134 1180 1164 per
1194 1133 1393 1164 consequens
1406 1125 1474 1155 eius
1489 1124 1594 1155 domi—

261 1177 352 1207 nium
380 1187 419 1208 ex
443 1187 482 1208 eo
509 1187 725 1217 consurgens;
764 1181 812 1208 set
842 1181 890 1208 est
921 1176 1114 1217 angelorum
1140 1174 1340 1216 principatus
1368 1175 1512 1207 officium
1539 1186 1595 1207 seu

261 1228 475 1259 ministerium
491 1228 736 1269 appellandum.

210 1284 250 1305 20
306 1280 482 1311 Decimum
513 1280 694 1321 capitulum
724 1280 827 1311 obicit
858 1284 971 1310 contra
1001 1279 1189 1320 precedens,
1217 1284 1248 1311 et
1281 1279 1380 1311 solvit
1410 1279 1594 1310 racionibus
1610 1281 1658 1302 10-

262 1335 293 1362 et
317 1330 490 1371 scripturis,
509 1332 673 1362 affirmans
688 1332 778 1373 quod
801 1330 945 1362 officium
969 1331 1161 1372 angelorum
1177 1335 1210 1363 et
1234 1331 1433 1373 prelatorum
1456 1341 1522 1361 non
1545 1335 1595 1361 est

261 1382 435 1413 dicendum
451 1383 644 1414 dominium.

305 1434 525 1466 Undecimum
541 1434 723 1475 capitulum
739 1434 842 1465 obicit
858 1439 968 1465 contra
984 1434 1091 1474 priora
1108 1445 1165 1475 per
1179 1445 1297 1465 nomen
1314 1434 1592 1470 dominacionum,
1610 1443 1658 1464 11.

262 1489 293 1516 et
319 1486 418 1517 solvit
445 1486 617 1517 ostendens
641 1485 807 1517 racionem
831 1485 1068 1517 nominacionis
1093 1485 1237 1526 ipsarum
1263 1486 1531 1517 dominacionum
1562 1489 1593 1515 et

209 1545 248 1577 25
261 1537 416 1568 ordinum
436 1542 617 1568 ceterorum
634 1538 695 1568 sub
711 1538 767 1568 eis.

304 1589 547 1620 Duodecimum
569 1589 747 1630 capitulum
766 1588 877 1624 obicit,
894 1592 926 1620 et
949 1588 1107 1626 dissolvit,
1127 1590 1300 1621 ostendens
1317 1589 1405 1631 quod
1428 1588 1537 1630 angeli
1562 1593 1593 1619 et
1610 1599 1658 1620 12.

46 1638 182 1670 intrim.
195 1646 226 1670 Β.
259 1640 409 1671 homines
431 1641 552 1672 habent
574 1640 723 1672 naturale
746 1640 930 1671 dominium
957 1651 1054 1681 super
1070 1645 1161 1671 actus
1178 1651 1253 1672 suos
1277 1641 1472 1672 intrinsecos
1495 1650 1593 1671 excu-

261 1702 335 1723 sans
351 1702 383 1723 se
398 1693 441 1723 ab
456 1692 604 1723 ulteriori
619 1696 762 1723 tractatu
778 1702 875 1733 super
890 1692 1038 1722 dominio
1055 1692 1257 1732 angelorum.

305 1744 624 1775 Terciumdecimum
655 1743 838 1784 capitulum
869 1748 1046 1784 pertractat
1076 1744 1117 1775 de
1146 1744 1351 1785 possessione
1375 1743 1497 1779 divina,
1521 1753 1594 1774 eam
1612 1747 1658 1778 13-

208 1805 250 1835 30
263 1795 455 1827 describens.

306 1846 632 1887 Quartumdecimum
649 1847 831 1888 capitulum
848 1851 965 1878 tractat
978 1847 1019 1878 de
1033 1847 1306 1885 adnichilacione‚
1320 1846 1492 1888 probando
1505 1847 1595 1888 quod
1611 1852 1658 1883 14.

261 1909 325 1929 non
342 1899 382 1930 sit
398 1903 488 1930 actus
504 1898 642 1929 dominii
658 1909 717 1930 nec
732 1903 823 1929 actus
839 1899 982 1930 omnino.

305 1950 631 1990 Quintumdecimum
648 1950 831 1991 capitulum
848 1950 949 1981 obicit
966 1956 1077 1982 contra
1093 1951 1268 1991 precedens
1284 1951 1324 1981 de
1340 1950 1593 1991 consumpcione
1610 1955 1657 1987 15-

261 2012 368 2033 rerum
384 2013 404 2033 a
420 2002 528 2041 nobis,
545 2002 717 2033 ostendens
735 2002 823 2043 quod
841 2013 906 2033 non
923 2007 971 2033 est
988 2012 1063 2033 vera
1080 2003 1303 2043 consumpcio.

209 2057 247 2089 35
306 2053 606 2085 Sextumdecimum
631 2053 811 2094 capitulum
835 2054 1005 2095 distinguit
1029 2054 1318 2095 consumpcionem
1341 2064 1448 2085 rerum
1473 2053 1506 2084 in
1523 2063 1593 2084 suc·
1610 2050 1658 2081 16.

261 2106 417 2137 cessivam
435 2111 466 2136 et
482 2105 635 2141 subitam,
649 2110 682 2136 et
698 2116 809 2136 earum
826 2105 1034 2136 condiciones
1050 2105 1214 2146 explanat.

306 2156 652 2197 Septimumdecimum
690 2156 871 2197 capitulum
909 2161 1027 2188 tractat
1065 2157 1106 2188 de
1143 2158 1269 2188 actibus
1307 2157 1526 2189 conversionis
1563 2161 1594 2188 et
1610 2160 1658 2194 1¹7-

262 2208 522 2239 resuscitacionis
545 2218 583 2239 ae
605 2207 860 2239 reformacionis.

306 2259 633 2290 Octavumdecimum
656 2259 837 2300 capitulum
861 2263 977 2291 tractat
993 2259 1033 2290 de
1057 2264 1131 2291 actu
1155 2259 1433 2301 augmentacionis
1456 2264 1488 2291 et
1511 2259 1594 2290 mul·
1610 2258 1658 2288 18.

208 2319 251 2351 40
263 2311 480 2352 tiplicacionis
496 2321 601 2342 rerum
616 2322 636 2342 a
648 2311 732 2349 Deo,
746 2316 838 2342 actus
852 2311 1042 2352 dissipandi,
1056 2312 1222 2353 perdendi,
1235 2317 1267 2343 et
1278 2312 1466 2353 negligendi
1482 2322 1502 2342 a
1519 2312 1593 2342 Deo

261 2362 444 2394 excludens.

307 2414 595 2445 Undevicesimum
626 2414 819 2455 capitulum,
850 2414 891 2445 de
929 2414 995 2445 Dei
1033 2414 1216 2446 donacione
1246 2415 1420 2456 inquirens,
1452 2414 1593 2445 ostendit
1610 2419 1657 2451 19-

264 2465 406 2506 aliquem
423 2465 465 2496 ad
481 2466 664 2496 dominium
680 2476 775 2506 posse
798 2465 931 2497 admitti
956 2466 1023 2497 sine
1040 2466 1256 2498 translacione
1280 2472 1335 2498 aut
1359 2467 1594 2498 imminucione

264 2517 402 2547 dominii
418 2518 525 2557 ipsum
543 2518 801 2549 admittencium.

210 2569 250 2600 45
309 2568 512 2599 Vicesimum
530 2569 710 2609 capitulum
727 2569 868 2600 ostendit
885 2569 1003 2606 Deum,
1018 2569 1100 2600 sicut
1116 2569 1275 2606 homines,
1291 2580 1386 2610 posse
1400 2570 1592 2601 constituere
1608 2579 1656 2600 20.

264 2619 408 2660 aliquem
432 2620 602 2650 dominum
626 2630 731 2650 rerum
756 2630 886 2650 suarum
910 2621 1185 2651 communicando
1210 2621 1270 2651 sibi
1288 2631 1381 2651 suum
1398 2621 1591 2659 dominium,

264 2680 330 2700 non
358 2670 577 2701 transferendo
606 2670 687 2701 illud
714 2680 772 2701 nec
803 2671 979 2701 minuendo
995 2681 1001 2707 ;
1034 2675 1064 2701 et
1090 2671 1178 2712 quod
1204 2682 1304 2702 unum
1330 2677 1377 2703 est
1408 2672 1592 2702 dominium

264 2721 298 2751 in
316 2721 389 2751 Deo
406 2727 436 2752 et
452 2722 485 2752 in
503 2721 643 2760 homine,
663 2722 744 2753 sicut
760 2732 822 2752 una
839 2726 886 2752 est
904 2723 1032 2753 caritas.

310 2772 510 2803 Vicesimum
549 2773 690 2814 primum
722 2773 901 2814 capitulum
931 2773 1102 2804 obiciendo
1133 2779 1164 2806 et
1201 2774 1411 2806 dissolvendo
1451 2775 1592 2806 ostendit
1607 2784 1656 2805 21.

889 2854 965 2886 T2

1797 197 1877 242 275
