2095 3278
42 236 130 264 GAP.
154 222 253 280 x11.]
574 234 640 266 DE
672 234 918 268 PAUPERIE
951 234 1263 267 SALVATORIS.
1777 232 1862 278 453

157 347 249 390 420]
262 348 448 393 quoniam,
482 348 587 383 sicud
620 349 787 393 originali
830 349 994 384 dominio
1031 349 1294 393 correspondet
1334 348 1492 383 naturali
1534 348 1583 383 ibi

41 419 149 451 supra,
162 421 194 451 p.
259 406 445 450 descripta
472 406 671 451 possessio,
698 407 751 441 sic
778 406 875 441 civili
903 406 1069 441 dominio
1097 406 1223 449 civilis,
1250 406 1400 449 scilicet,
1426 405 1584 451 positive

43 462 116 494 393·
258 464 349 508 legis
369 463 534 508 (scilicet,
553 464 772 499 auctorizata
790 465 871 508 lege
889 463 1060 509 positiva)
1080 463 1267 509 possessio
1285 464 1560 509 correspondet.

308 522 397 555 IOH.
425 521 591 556 Breviter
603 533 687 556 eam
706 522 886 556 describe.

226 588 244 620 5
306 580 393 613 RIC.
420 579 533 614 Sicud
562 580 749 624 possessio
782 579 957 614 naturalis
984 585 1039 614 est
1068 578 1270 623 occupacio
1304 578 1382 613 sive
1416 578 1585 614 detencio
1598 584 1777 624 Description
1789 585 1822 623 pf

258 637 464 671 voluntaria
488 648 611 671 rerum
632 637 814 671 usualium
836 637 976 671 homini
1003 637 1250 671 subiectarum
1267 648 1310 671 ex
1328 638 1407 671 sola
1430 637 1586 672 auctori·
1598 620 1842 652 c1v11possess10n.

258 700 332 728 tate
363 694 489 739 previa
521 694 709 738 originalis
745 694 911 738 dominii,
943 694 995 729 sic
1029 694 1141 729 michi
1175 694 1322 729 videtur
1357 694 1473 729 civilis
1508 695 1587 729 sive

258 751 408 796 politica
439 752 625 796 possessio
666 751 710 795 (si
744 752 943 796 puritatem
978 763 1178 796 sequamur
1210 752 1468 797 grammatice)
1503 764 1586 787 esse

258 809 457 853 occupacio
492 810 568 844 sive
606 809 775 844 detencio
811 805 1020 844 'voluntaria
1057 821 1179 844 rerum
1221 809 1403 844 usualium
1444 810 1585 844 homini

207 879 246 900 10
258 868 505 903 subiectarum
531 880 576 902 ex
601 867 678 902 iure
704 867 865 912 positivo
891 868 968 903 sive
993 868 1145 913 politico
1172 879 1237 902 seu
1264 867 1373 903 civili.

306 927 395 960 IOH.
424 927 546 961 Nemo
564 925 674 970 igitur
691 926 804 960 habet
823 925 1102 971 possessionem
1123 925 1268 961 civilem
1286 925 1356 961 nisi
1375 927 1511 961 habeat
1531 926 1586 961 ius

257 983 374 1018 civile.

306 1042 393 1075 RIC.
420 1040 483 1075 Sic
501 1040 674 1086 sequitur.

306 1099 394 1133 IOH.
437 1099 524 1133 Non
557 1105 656 1133 recte
690 1098 798 1143 igitur
832 1098 997 1134 iudicant
1036 1099 1206 1134 homines
1245 1100 1449 1134 secundum
1486 1100 1585 1145 leges

207 1165 243 1197 15
258 1155 438 1200 politicas,
453 1167 521 1190 nec
539 1156 640 1200 leges
659 1156 737 1201 ipse
756 1157 850 1191 iuste
862 1156 1035 1191 videntur
1048 1168 1119 1201 que
1138 1156 1200 1191 uni
1220 1157 1378 1202 spoliato
1397 1157 1449 1192 rei
1468 1158 1587 1193 cuius-

257 1224 370 1258 quam
403 1214 679 1257 possessionem
713 1214 929 1249 adiudicant
964 1214 1117 1249 dominii
1150 1215 1227 1250 sive
1256 1215 1491 1260 proprietatis
1522 1227 1587 1251 seu

257 1271 345 1306 iuris
371 1271 564 1316 questione
590 1272 786 1316 pendente.

306 1330 393 1363 RIC.
422 1330 506 1363 Hoc
533 1329 710 1374 sequitur,
742 1330 771 1364 si
799 1330 1044 1374 grammatica
1077 1337 1178 1365 recta
1212 1337 1380 1374 utamur3
1411 1331 1587 1376 quoniam

38 1399 145 1431 supra,
158 1400 189 1431 p.
250 1387 434 1431 possessio
452 1399 474 1421 a
483 1389 572 1431 post
587 1393 623 1421 et
640 1387 742 1421 sedeo
762 1387 815 1431 (ut
834 1387 992 1422 diximus
1018 1388 1143 1433 supra)
1163 1389 1277 1423 verbo
1296 1389 1497 1432 descendit,
1517 1400 1587 1433 que

41 1434 115 1473 385·
206 1453 244 1474 20
258 1445 346 1478 nulli
363 1444 528 1488 congruit
548 1456 592 1479 eo
611 1456 720 1479 sensu
739 1445 809 1479 nisi
828 1445 860 1480 ei
876 1446 936 1490 qui
955 1446 1053 1480 circa
1071 1458 1178 1480 usum
1196 1445 1246 1480 rei
1262 1446 1358 1480 illius
1377 1447 1588 1481 absolutum

257 1508 319 1536 aut
334 1508 475 1536 certum
493 1502 645 1537 ulterius
659 1503 828 1537 laborare
847 1514 921 1537 non
940 1510 1023 1547 eget
1041 1510 1080 1538 ut
1098 1515 1181 1538 eam
1200 1504 1379 1549 acquirat,
1394 1511 1448 1539 set
1465 1504 1587 1549 quiete

257 1559 390 1604 poterit
414 1572 457 1595 ea
481 1560 532 1594 uti
552 1559 605 1603 (ut
625 1559 674 1594 ibi
700 1560 979 1605 expressimus).
1031 1563 1148 1606 Leges
1174 1568 1299 1596 tamen
1325 1562 1488 1597 humane
1514 1574 1588 1597 non

256 1617 320 1660 sic,
340 1624 378 1651 ut
397 1624 498 1662 puto,
513 1618 712 1662 loquuntur
728 1630 735 1652 :
764 1625 819 1653 set
833 1619 1110 1663 possessionem
1128 1632 1150 1653 a
1160 1621 1250 1664 post
1266 1626 1301 1654 et
1317 1620 1419 1653 sedeo
1437 1620 1587 1664 dictam,

255 1681 294 1709 ut
314 1675 430 1710 sessio
447 1675 608 1720 quietem
626 1676 673 1710 ab
692 1676 918 1721 acquirenda
942 1676 1192 1722 occupacione
1216 1689 1337 1712 rerum
1359 1677 1491 1722 signat,
1511 1678 1588 1713 sive

202 1745 241 1776 25
256 1732 353 1767 iusta
378 1733 486 1767 fuerit
516 1733 593 1768 sive
620 1733 764 1777 iniusta,
793 1735 995 1779 appellant,
1025 1735 1291 1769 conformando
1319 1746 1358 1769 se
1387 1736 1496 1779 vulgo
1525 1736 1587 1781 qui

255 1802 431 1825 sensuum
464 1791 660 1826 verborum
693 1802 768 1825 non
798 1799 924 1836 potest
954 1804 1086 1837 capere
1113 1793 1332 1837 puritatem3
1372 1804 1444 1838 quo
1473 1794 1587 1828 modo

252 1855 375 1893 potest
401 1849 495 1884 iuste
523 1849 584 1883 uni
607 1849 813 1884 adiudicari
837 1851 1026 1894 possessio
1047 1850 1211 1885 dominio
1236 1851 1313 1886 sive
1341 1851 1418 1886 iure
1445 1851 1588 1896 integro

251 1917 366 1950 penes
391 1906 505 1941 alium
523 1913 753 1951 remanente,
772 1915 807 1942 et
825 1919 940 1952 penes
965 1920 1079 1942 unum
1092 1915 1215 1953 potest
1232 1920 1424 1944 remanere
1442 1921 1588 1954 posses—

252 1963 307 1998 sio
324 1971 359 1999 et
376 1976 492 2009 penes
511 1965 627 2000 alium
645 1965 696 2001 rei
714 1966 880 2001 eiusdem
899 1966 1104 2001 dominium
1122 1974 1157 2002 et
1175 1967 1293 2002 eciam
1312 1968 1368 2003 ius
1387 1968 1525 2003 utendi.

211 2078 244 2107 D
307 2077 325 2097 ’¹‘
343 2080 572 2115 IOHANNES.
600 2081 718 2115 Estne
745 2080 817 2115 ista
843 2081 1030 2126 possessio
1055 2081 1146 2126 legis
1172 2082 1334 2117 humane
1359 2082 1414 2117 ius
1440 2083 1590 2128 aliquod
1602 2090 1683 2122 ΧΠ,

257 2137 482 2181 appellanda
495 2140 507 2172 ?
1603 2150 1677 2189 §Divil
1690 2149 1849 2188 possession

306 2196 533 2230 RICARDUS.
569 2196 755 2230 Raciones
786 2207 878 2241 quas
912 2208 1024 2242 supra
1057 2197 1249 2242 posuimus
1277 2198 1325 2232 ad
1357 2199 1590 2243 probandum
1603 2193 1626 2210 ¹⁵
1639 2190 1687 2210 Ποῖ
1701 2193 1718 2210 a
1730 2185 1805 2217 “ght

40 2265 149 2296 supra,
166 2266 221 2297 pp.
257 2253 356 2296 quod
379 2253 566 2297 possessio
588 2253 766 2288 naturalis
785 2253 842 2289 ius
861 2266 935 2289 non
957 2255 1091 2290 dicitur
1111 2256 1299 2291 affirmant
1317 2256 1405 2291 illud
1425 2257 1525 2292 idem
1544 2257 1590 2291 de

41 2300 104 2338 383
120 2309 208 2341 seqq·
258 2309 329 2344 ista
346 2310 601 2356 predescripta
618 2311 853 2356 possessione
871 2311 969 2347 civili
987 2326 995 2355 ;
1022 2313 1107 2348 licet
1125 2325 1237 2348 causa
1254 2324 1316 2348 aut
1332 2314 1469 2358 titulus,
1485 2314 1590 2350 sicud
1603 2320 1653 2347 but
1667 2329 1684 2347 a
1696 2320 1767 2353 title,

205 2375 244 2407 35
259 2368 305 2403 de
322 2368 558 2413 possessione
576 2369 732 2403 naturali
751 2370 1011 2415 expressimus,
1031 2383 1192 2416 congrue
1209 2372 1424 2416 appelletur.

307 2427 398 2461 IOH.
424 2428 541 2461 Estne
560 2426 687 2461 titulus
706 2428 914 2462 communis
933 2439 980 2462 an
998 2429 1193 2473 proprius?

306 2485 393 2518 RIC.
422 2484 556 2519 Omnis
575 2483 692 2519 civilis
710 2485 898 2529 possessio
920 2487 1172 2521 conformatur
1190 2487 1241 2521 illi
1260 2487 1355 2521 civili
1373 2499 1395 2522 a
1414 2498 1487 2532 quo
1505 2499 1589 2533 pro·
1603 2501 1732 2519 common
1745 2501 1777 2518 or

258 2541 354 2575 cedit
380 2541 555 2576 dominio.
606 2543 720 2577 Unde
739 2549 797 2576 est
816 2542 942 2577 titulus
966 2544 1172 2578 communis
1190 2546 1248 2578 vel
1266 2545 1436 2589 proprius
1462 2548 1590 2590 appel·
1602 2527 1870 2592 {Zotffirssffissffissng

258 2600 391 2635 landus
408 2613 414 2634 :
443 2601 473 2635 si
492 2600 528 2634 in
548 2600 698 2635 domino
723 2612 789 2635 suo
808 2601 978 2645 resideat,
1004 2602 1241 2637 conformiter
1260 2615 1326 2637 suo
1345 2603 1531 2648 dominio;
1560 2605 1589 2640 si
1602 2593 1778 2659 {rssssessfflci}
1788 2599 1860 2653 ἔξω

205 2669 248 2700 40
260 2657 296 2691 in
323 2659 405 2701 alio,
433 2659 532 2693 iuxta
558 2658 841 2693 concessionem
868 2659 1007 2694 domini
1037 2660 1100 2694 uni
1127 2661 1184 2695 vel
1210 2661 1374 2705 pluribus
1401 2669 1464 2696 aut
1491 2662 1591 2697 iuxta
1604 2669 1669 2686 mon
1682 2669 1713 2686 or
1725 2669 1835 2693 proper,

259 2716 548 2761 occupacionem
565 2728 686 2751 rerum
704 2717 751 2751 ab
769 2728 842 2751 uno
860 2718 918 2752 vel
932 2717 1108 2762 pluribus,
1129 2718 1295 2753 similiter
1309 2725 1364 2754 est
1384 2721 1591 2755 communis

259 2774 389 2809 titulus
414 2775 471 2809 vel
501 2774 669 2819 proprius
701 2775 963 2810 nominandus.
1010 2777 1214 2820 Nunquam
1242 2783 1368 2812 tamen
1393 2784 1448 2812 est
1476 2778 1591 2813 civilis
1605 2782 1655 2808 but
1668 2792 1751 2809 never
1765 2793 1837 2810 com-

261 2831 447 2877 possessio
468 2832 674 2868 communis
695 2831 910 2878 simpliciter
929 2840 983 2869 set
1003 2833 1185 2878 aliquibus
1209 2835 1374 2879 personis
1400 2836 1590 2872 dumtaxat
1604 2817 1806 2883 3531&ssssss
