2095 3278
34 224 124 257 cAP.
147 214 321 270 xxv111.]
596 223 659 257 DE
693 222 938 258 PAUPERIE
972 220 1286 257 SALVATORIS.
1763 221 1844 259 421

134 329 233 370 35B]
247 336 424 374 tanquam
438 328 609 363 omnibus
624 329 810 363 liberalior
824 329 860 363 in
874 335 959 363 actu
973 327 1149 371 donandi,
1162 328 1210 362 ab
1224 326 1396 361 omnibus
1415 336 1480 370 pro
1495 322 1570 359 suis

247 387 386 421 viribus
405 387 616 421 imitandus.
667 387 765 421 Satis
783 398 872 430 ergo
891 393 946 420 est
965 386 1117 420 evidens
1136 385 1236 430 quod
1254 384 1412 418 donacio
1430 383 1572 426 absque

245 444 494 479 translacione
520 444 674 478 dominii
700 455 765 478 seu
791 443 1037 489 possessionis
1064 443 1181 477 civilis
1208 449 1264 476 est
1285 441 1414 484 verior,
1440 440 1571 482 utilior,

246 503 411 546 validior,
430 508 539 546 atque
564 502 758 545 liberalior,
777 513 821 536 ac
842 502 962 546 magis
986 501 1133 546 proprie
1151 501 1253 535 dicta
1277 499 1435 534 donacio
1458 509 1572 543 quam

215 565 233 597 5
247 561 369 606 aliqua
388 560 545 594 donacio
559 571 625 605 per
639 571 751 605 quam
766 571 831 594 seu
849 559 885 593 in
900 570 972 604 qua
987 559 1205 594 transfertur
1218 557 1369 602 aliquod
1382 556 1438 590 ius
1452 555 1570 590 civile.

297 677 527 711 IOHANNES.
552 676 689 709 Annon
715 680 771 709 est
797 673 979 708 donatarii
1006 673 1127 707 minor
1148 672 1406 714 commoditas,
1426 682 1510 706 cum
1534 671 1570 705 in
1585 674 1750 708 XXVIII.

246 734 427 770 donatore
445 739 610 768 remanet
629 744 713 767 curn
731 732 813 776 ipso
831 733 964 766 eadem
982 743 1020 766 re
1039 731 1167 766 utendi
1184 731 1365 765 facultas?
1583 728 1759 788 ffifflssffejis
1767 732 1821 787 ζῡῐ

29 798 138 831 supra,
156 800 209 831 pp-
295 793 522 826 RICARDUS.
550 792 810 835 Nequaquam,
829 796 867 824 ut
889 790 950 824 hic
974 796 1009 824 et
1036 789 1072 823 in
1092 789 1257 823 secundo
1274 788 1382 822 huius
1401 788 1570 832 exemplo
1582 804 1640 834 αξη,
1652 801 1713 822 true
1725 800 1771 822 act
1783 771 1816 821 gf

31 840 92 873 307
110 843 199 874 seqq·
246 850 292 884 de
306 849 519 884 Guillielmo
533 848 780 892 expressimus
795 859 802 890 3
823 847 1000 892 quoniam
1018 847 1225 891 proprietas
1245 846 1321 881 sive
1340 845 1427 880 iuris
1442 845 1570 879 utendi
1583 838 1690 862 gwmg.

194 918 234 940 10
246 907 407 942 exclusio
426 907 590 941 inficeret
608 905 810 948 caritatem,
830 912 865 939 et
883 905 1036 939 deberet
1057 915 1270 939 accrescere
1287 915 1331 938 ex
1348 903 1475 938 sociali
1494 903 1572 937 iure

246 964 478 1000 iocunditas:
509 975 579 998 nec
603 964 713 998 timor
734 962 887 1007 penurie
913 969 969 997 est
996 963 1191 997 habendus
1214 962 1276 996 ubi
1300 961 1456 995 minima
1479 961 1572 995 fides

20 1026 151 1067 possint
245 1029 366 1068 potest
385 1022 559 1057 adhibere
577 1021 794 1065 suffragium
810 1034 819 1062 ;
845 1032 925 1065 que,
945 1032 1028 1055 cum
1054 1027 1200 1054 montes
1218 1025 1344 1064 posset
1362 1019 1571 1062 transferre,

28 1070 211 1110 tran-firm*
245 1080 457 1115 necessaria
481 1080 555 1114 vite
581 1079 731 1114 indubie
761 1078 896 1123 poterit
922 1078 1130 1122 impetrare,
1157 1084 1193 1112 et
1220 1088 1286 1122 per
1312 1077 1403 1111 duos
1429 1076 1572 1110 facilius

29 1120 59 1144 B'
245 1146 356 1180 quam
370 1147 435 1180 per
448 1146 562 1169 unum
577 1146 584 1169 :
612 1135 712 1169 unde
726 1137 870 1178 utrique
887 1145 932 1168 ex
942 1133 1036 1168 tituli
1054 1133 1316 1167 communione
1334 1131 1498 1177 possibili
1513 1142 1572 1166 ac-

193 1203 230 1234 15
246 1193 376 1228 crescit
403 1192 662 1227 commoditas.
716 1192 781 1226 Set
801 1202 857 1235 ve,
879 1203 933 1235 ve,
955 1191 1149 1225 tenebrata
1174 1190 1359 1235 cupiditas
1384 1200 1460 1223 non
1487 1188 1573 1223 sinit

29 1248 136 1297 (22⁷7ss
246 1257 390 1285 mentes
415 1250 617 1285 carnalium
642 1250 711 1284 has
737 1250 829 1284 lucis
852 1250 1000 1293 regulas
1025 1248 1168 1283 intueri.
1219 1250 1326 1291 Item,
1350 1248 1380 1282 si
1406 1246 1572 1292 sequeris

27 1302 127 1323 ²⁷²²⁷²²⁰
144 1299 173 1322 B·
246 1308 426 1353 impetum
443 1308 613 1352 racionis,
632 1308 807 1342 fateberis
825 1308 936 1353 quod,
955 1319 1040 1342 cum
1063 1307 1110 1341 sit
1131 1306 1324 1341 abdicacio
1345 1306 1500 1340 dominii
1520 1304 1572 1340 rei

245 1366 433 1411 cuiusque,
460 1377 535 1400 non
561 1372 617 1400 est
643 1372 731 1400 tunc
757 1366 819 1400 illa
845 1364 1044 1400 translacio
1071 1364 1188 1399 civilis
1215 1363 1370 1398 dominii
1396 1374 1484 1397 vera
1509 1369 1573 1397 aut

244 1424 391 1468 proprie
416 1423 517 1458 dicta
543 1423 712 1466 donacio,
737 1429 800 1457 aut
829 1422 987 1457 donacio
1018 1433 1093 1456 non
1119 1422 1188 1456 erit
1213 1428 1319 1456 actus
1345 1420 1511 1464 dominii,
1536 1426 1572 1455 et

192 1482 378 1516 20frustra
407 1481 528 1525 ipsam
558 1487 816 1525 computamus
851 1481 919 1514 sub
946 1480 1060 1514 verbo
1090 1479 1240 1523 utendi;
1272 1478 1460 1524 quoniam,
1487 1489 1572 1512 cum

243 1539 405 1573 cuiusvis
438 1539 489 1573 rei
523 1550 590 1583 per
619 1538 868 1572 donacionem
901 1537 1095 1572 abdicatur
1128 1537 1346 1580 dominium,
1376 1536 1572 1571 abdicacio

244 1596 399 1631 dominii
430 1603 485 1631 est
515 1596 579 1630 tali
611 1595 809 1630 donacioni
839 1606 994 1638 annexa,
1024 1601 1059 1629 et
1089 1594 1140 1629 ita
1170 1595 1206 1629 in
1236 1594 1387 1629 instanti
1422 1594 1501 1628 sive
1534 1594 1571 1628 in

243 1666 418 1689 mensura
448 1653 666 1688 donacionis
696 1654 792 1688 facte
822 1665 888 1698 per
917 1653 1201 1687 abdicacionem
1228 1653 1374 1687 donans
1405 1651 1572 1686 dominio

244 1712 437 1757 prehabito
464 1718 520 1747 est
546 1712 731 1756 privatus;
757 1718 794 1746 et
824 1712 876 1746 ita
903 1711 940 1745 in
968 1711 1030 1745 illa
1057 1722 1232 1745 mensura
1257 1710 1335 1745 sive
1359 1711 1396 1744 in
1421 1710 1483 1744 illo
1508 1710 1572 1744 do-

191 1783 231 1815 25
245 1770 412 1804 nacionis
439 1770 591 1804 instanti
622 1781 695 1804 non
729 1776 785 1804 est
820 1769 856 1803 in
886 1769 968 1813 ipso
995 1768 1202 1803 dominium
1227 1769 1279 1803 rei
1306 1769 1410 1812 date;
1442 1774 1478 1802 et
1508 1778 1574 1812 per

245 1838 476 1873 consequens
495 1827 700 1862 dominium
718 1827 769 1861 rei
789 1827 884 1861 illius
903 1827 940 1861 in
962 1826 1043 1871 ipso
1067 1832 1166 1869 tunc,
1185 1837 1270 1861 cum
1290 1825 1404 1860 nichil
1422 1826 1470 1860 sit
1487 1826 1573 1869 tale,

244 1886 380 1920 nullius
413 1892 517 1921 actus
550 1892 606 1920 est
639 1897 761 1929 causa,
797 1892 832 1920 et
870 1885 923 1919 sic
958 1885 1042 1919 talis
1077 1884 1236 1919 donacio
1269 1895 1344 1918 non
1378 1890 1434 1918 est
1468 1890 1574 1918 actus

244 1943 410 1978 dominii.
460 1945 534 1978 Aut
560 1955 659 1988 ergo,
678 1944 768 1978 velis
793 1943 900 1986 nolis,
918 1942 1093 1977 fateberis
1115 1942 1217 1987 quod
1242 1942 1401 1976 donacio
1423 1953 1512 1977 vera
1537 1948 1574 1977 et

245 2002 393 2046 proprie
418 2002 518 2036 dicta
542 2013 617 2036 non
644 2007 699 2036 est
726 2008 830 2036 actus
857 2000 1011 2035 dominii
1036 2000 1088 2034 rei
1114 2001 1200 2035 date
1223 2011 1292 2034 nec
1315 2007 1420 2035 actus
1444 2000 1573 2035 utendi

193 2069 233 2100 30
246 2060 294 2093 ab
327 2059 409 2104 ipso
442 2060 658 2104 procedens,
687 2066 749 2094 aut
782 2059 883 2104 quod
918 2058 1076 2093 donacio
1103 2069 1191 2092 vera
1221 2064 1256 2093 et
1289 2058 1438 2103 proprie
1472 2059 1574 2093 dicta

243 2128 434 2162 nunquam
462 2118 501 2151 fit
528 2128 594 2161 per
619 2117 903 2151 abdicacionem
932 2122 995 2150 aut
1022 2115 1312 2150 translacionem
1339 2115 1493 2150 dominii
1521 2115 1573 2150 rei

245 2174 341 2208 date.
392 2175 514 2218 Quam
556 2174 834 2208 conclusionem
873 2173 976 2208 verbi
1018 2174 1126 2207 huius
1165 2174 1285 2207 neutri
1327 2174 1573 2208 monasilabili

245 2231 421 2276 primitivi
438 2233 484 2266 do
501 2232 678 2266 formacio
696 2232 803 2266 nobis
822 2231 998 2266 ostendit.
1040 2231 1153 2266 Cuius
1171 2231 1349 2265 formacio
1367 2243 1411 2266 ex
1429 2231 1574 2266 duabus

245 2289 375 2324 litteris
401 2289 522 2324 taliter
546 2301 569 2324 a
594 2289 701 2324 nobis
728 2288 884 2324 efficitur
908 2289 1008 2334 quod
1034 2288 1258 2333 principium
1284 2300 1402 2332 suum,
1422 2289 1573 2332 scilicet,

193 2347 275 2388 35d
303 2347 542 2382 consonantis
581 2359 713 2382 sonum
752 2347 789 2381 in
831 2353 934 2392 parte
968 2347 1143 2381 continue
1176 2346 1386 2381 detinemus
1427 2347 1574 2382 adintra

29 2401 125 2451 codd.
139 2402 232 2433 emil—
246 2404 384 2439 vocalis
418 2416 438 2438 0
471 2416 603 2439 sonum
636 2405 849 2439 emittentes
883 2404 1051 2439 exterius.
1103 2405 1153 2438 Et
1184 2404 1235 2438 ita
1264 2405 1310 2439 de
1338 2406 1450 2440 verbo
1479 2406 1575 2439 dono

29 2449 197 2518 ῗὲἰξξᾷίθ,
246 2461 411 2496 derivato
437 2463 484 2496 ab
511 2474 555 2497 eo
579 2462 699 2497 eciam
724 2462 933 2507 experimur
956 2469 994 2497 ut
1018 2462 1126 2496 nobis
1151 2462 1258 2506 signa
1284 2474 1324 2497 se
1349 2475 1431 2498 esse
1458 2464 1574 2499 deno-

30 2534 91 2561 -tffz
108 2512 228 2570 2-th
246 2526 323 2554 tent
346 2527 450 2555 actus
474 2521 558 2555 talis
585 2520 682 2555 circa
708 2532 797 2564 rem,
816 2532 889 2565 quo
914 2527 999 2555 actu
1022 2531 1101 2555 rem
1127 2520 1227 2554 illam
1249 2532 1271 2555 a
1291 2521 1400 2556 nobis
1419 2521 1573 2557 eicimus

31 2580 71 2606 M·
247 2584 284 2611 et
310 2589 421 2622 quam
447 2578 555 2612 nobis
582 2578 844 2623 quoquomodo
869 2577 1133 2612 nichilominus
1160 2578 1381 2614 retinemus:
1417 2580 1517 2615 unde
1543 2580 1573 2615 si

192 2649 235 2682 40
248 2635 560 2679 significacionem
582 2636 690 2670 huius
714 2642 819 2671 actus
846 2636 875 2670 si
899 2647 966 2681 pro
984 2636 1070 2681 quia
1094 2647 1159 2680 per
1176 2637 1328 2670 verbum
1350 2638 1575 2673 conveniens

247 2699 378 2727 nature
403 2700 507 2727 actus
534 2693 648 2738 ipsius
675 2693 815 2738 primus
841 2694 954 2728 homo
980 2705 1002 2727 a
1028 2695 1112 2728 Deo
1137 2693 1411 2737 sapientissimo
1435 2695 1575 2731 artifice

248 2761 315 2784 suo
333 2751 611 2795 exprimendam
629 2752 784 2796 accepit,
800 2758 836 2786 et
861 2752 914 2786 sic
937 2750 1039 2785 illum
1064 2763 1226 2795 sensum,
1245 2752 1328 2788 licet
1346 2765 1411 2798 per
1428 2754 1574 2798 linguas

207 2807 426 2851 Gdiversas,
460 2808 619 2843 traduxit
654 2808 690 2842 in
724 2816 889 2853 posteros
923 2820 1040 2854 usque
1080 2810 1116 2843 in
1151 2820 1303 2854 presens
1340 2810 1375 2855 (ss
1388 2811 1575 2855 primitiva
