<?xml version="1.0" encoding="UTF-8"?>
<!DOCTYPE html PUBLIC "-//W3C//DTD XHTML 1.0 Transitional//EN"
    "http://www.w3.org/TR/xhtml1/DTD/xhtml1-transitional.dtd">
<html xmlns="http://www.w3.org/1999/xhtml" xml:lang="en" lang="en">
 <head>
  <title>
</title>
<meta http-equiv="Content-Type" content="text/html;charset=utf-8" />
  <meta name='ocr-system' content='tesseract 3.04.00' />
  <meta name='ocr-capabilities' content='ocr_page ocr_carea ocr_par ocr_line ocrx_word'/>
</head>
<body>
  <div class='ocr_page' id='page_1' title='image "./dedominiodivinol00wycl_0190.png"; bbox 0 0 2008 3305; ppageno 0'>
   <div class='ocr_carea' id='block_1_1' title="bbox 165 166 1768 224">
    <p class='ocr_par' dir='ltr' id='par_1_1' title="bbox 165 166 1768 224">
     <span class='ocr_line' id='line_1_1' title="bbox 165 166 1768 224; baseline -0.001 -15"><span class='ocrx_word' id='word_1_1' title='bbox 165 182 246 223; x_wconf 87' lang='lat'>134</span> <span class='ocrx_word' id='word_1_2' title='bbox 840 177 905 208; x_wconf 87' lang='lat' dir='ltr'>DE</span> <span class='ocrx_word' id='word_1_3' title='bbox 938 176 1158 209; x_wconf 77' lang='lat' dir='ltr'>DOMrNio</span> <span class='ocrx_word' id='word_1_4' title='bbox 1190 177 1369 209; x_wconf 83' lang='lat' dir='ltr'>Drero</span> <span class='ocrx_word' id='word_1_5' title='bbox 1572 166 1678 224; x_wconf 83' lang='lat' dir='ltr'>[CAP.</span> <span class='ocrx_word' id='word_1_6' title='bbox 1701 181 1768 208; x_wconf 85' lang='lat' dir='ltr'>xv.</span> 
     </span>
    </p>
   </div>
   <div class='ocr_carea' id='block_1_2' title="bbox 156 290 1887 1633">
    <p class='ocr_par' dir='ltr' id='par_1_2' title="bbox 437 290 1887 1528">
     <span class='ocr_line' id='line_1_2' title="bbox 439 290 1887 341; baseline -0.001 -12"><span class='ocrx_word' id='word_1_7' title='bbox 439 291 641 341; x_wconf 80' lang='lat' dir='ltr'>potissime</span> <span class='ocrx_word' id='word_1_8' title='bbox 672 290 769 329; x_wconf 90' lang='lat' dir='ltr'>foret</span> <span class='ocrx_word' id='word_1_9' title='bbox 790 291 837 329; x_wconf 92' lang='lat' dir='ltr'>de</span> <span class='ocrx_word' id='word_1_10' title='bbox 865 298 951 329; x_wconf 88' lang='lat' dir='ltr'>actu</span> <span class='ocrx_word' id='word_1_11' title='bbox 980 292 1069 338; x_wconf 86' lang='lat' dir='ltr'>odii,</span> <span class='ocrx_word' id='word_1_12' title='bbox 1092 303 1170 341; x_wconf 92' lang='lat' dir='ltr'>quo</span> <span class='ocrx_word' id='word_1_13' title='bbox 1198 291 1447 341; x_wconf 87' lang='lat' dir='ltr'>blasphemus</span> <span class='ocrx_word' id='word_1_14' title='bbox 1468 291 1548 329; x_wconf 91' lang='lat' dir='ltr'>odit</span> <span class='ocrx_word' id='word_1_15' title='bbox 1571 291 1711 338; x_wconf 89' lang='lat' dir='ltr'>Deum,</span> <span class='ocrx_word' id='word_1_16' title='bbox 1733 298 1775 329; x_wconf 92' lang='lat' dir='ltr'>ut</span> <span class='ocrx_word' id='word_1_17' title='bbox 1791 294 1887 336; x_wconf 82' lang='lat'><strong>[440</strong></span> 
     </span>
     <span class='ocr_line' id='line_1_3' title="bbox 441 361 1775 410; baseline 0.001 -12"><span class='ocrx_word' id='word_1_18' title='bbox 441 362 578 399; x_wconf 90' lang='lat' dir='ltr'>dicitur</span> <span class='ocrx_word' id='word_1_19' title='bbox 598 362 682 399; x_wconf 90' lang='lat' dir='ltr'>Ioh.</span> <span class='ocrx_word' id='word_1_20' title='bbox 703 362 763 399; x_wconf 85' lang='lat' dir='ltr'>vii.</span> <span class='ocrx_word' id='word_1_21' title='bbox 787 371 806 410; x_wconf 86' lang='lat'><strong>7</strong></span> <span class='ocrx_word' id='word_1_22' title='bbox 829 369 866 399; x_wconf 89' lang='lat' dir='ltr'>et</span> <span class='ocrx_word' id='word_1_23' title='bbox 887 374 947 400; x_wconf 84' lang='lat' dir='ltr'>xv.</span> <span class='ocrx_word' id='word_1_24' title='bbox 974 364 1033 399; x_wconf 84' lang='lat'>18.</span> <span class='ocrx_word' id='word_1_25' title='bbox 1093 361 1170 399; x_wconf 86' lang='lat' dir='ltr'>Sed</span> <span class='ocrx_word' id='word_1_26' title='bbox 1196 374 1284 399; x_wconf 92' lang='lat' dir='ltr'>cum</span> <span class='ocrx_word' id='word_1_27' title='bbox 1314 374 1431 400; x_wconf 91' lang='lat' dir='ltr'>nemo</span> <span class='ocrx_word' id='word_1_28' title='bbox 1452 362 1532 399; x_wconf 85' lang='lat' dir='ltr'>odit</span> <span class='ocrx_word' id='word_1_29' title='bbox 1552 361 1680 400; x_wconf 87' lang='lat' dir='ltr'>Deum</span> <span class='ocrx_word' id='word_1_30' title='bbox 1701 362 1775 400; x_wconf 91' lang='lat' dir='ltr'>nisi</span> 
     </span>
     <span class='ocr_line' id='line_1_4' title="bbox 439 432 1775 481; baseline 0.001 -12"><span class='ocrx_word' id='word_1_31' title='bbox 439 432 479 469; x_wconf 91' lang='lat' dir='ltr'>in</span> <span class='ocrx_word' id='word_1_32' title='bbox 512 432 695 469; x_wconf 82' lang='lat' dir='ltr'><strong>membris</strong></span> <span class='ocrx_word' id='word_1_33' title='bbox 728 432 768 469; x_wconf 93' lang='lat' dir='ltr'>in</span> <span class='ocrx_word' id='word_1_34' title='bbox 797 432 1035 470; x_wconf 81' lang='lat' dir='ltr'>humanitate</span> <span class='ocrx_word' id='word_1_35' title='bbox 1067 438 1265 481; x_wconf 89' lang='lat' dir='ltr'>assumpta</span> <span class='ocrx_word' id='word_1_36' title='bbox 1298 432 1357 469; x_wconf 86' lang='lat' dir='ltr'>vel</span> <span class='ocrx_word' id='word_1_37' title='bbox 1390 432 1464 469; x_wconf 87' lang='lat' dir='ltr'>alia</span> <span class='ocrx_word' id='word_1_38' title='bbox 1494 433 1648 470; x_wconf 84' lang='lat' dir='ltr'>racione</span> <span class='ocrx_word' id='word_1_39' title='bbox 1680 433 1775 471; x_wconf 89' lang='lat' dir='ltr'>citra</span> 
     </span>
     <span class='ocr_line' id='line_1_5' title="bbox 439 500 1780 552; baseline 0.001 -14"><span class='ocrx_word' id='word_1_40' title='bbox 439 502 653 539; x_wconf 83' lang='lat' dir='ltr'>bonitatem</span> <span class='ocrx_word' id='word_1_41' title='bbox 684 514 878 539; x_wconf 89' lang='lat' dir='ltr'>summam</span> <span class='ocrx_word' id='word_1_42' title='bbox 910 500 1016 552; x_wconf 91' lang='lat' dir='ltr'>(cum</span> <span class='ocrx_word' id='word_1_43' title='bbox 1045 503 1151 540; x_wconf 85' lang='lat' dir='ltr'>iuxta</span> <span class='ocrx_word' id='word_1_44' title='bbox 1180 501 1412 551; x_wconf 85' lang='lat' dir='ltr'>apostolum,</span> <span class='ocrx_word' id='word_1_45' title='bbox 1444 515 1458 538; x_wconf 95' lang='lat'>1</span> <span class='ocrx_word' id='word_1_46' title='bbox 1485 501 1572 539; x_wconf 91' lang='lat' dir='ltr'>Cor.</span> <span class='ocrx_word' id='word_1_47' title='bbox 1598 502 1633 539; x_wconf 91' lang='lat' dir='ltr'>ii.</span> <span class='ocrx_word' id='word_1_48' title='bbox 1662 505 1697 548; x_wconf 85' lang='lat'>8,</span> <span class='ocrx_word' id='word_1_49' title='bbox 1728 502 1780 540; x_wconf 88' lang='lat' dir='ltr'>Sz&#39;</span> 
     </span>
     <span class='ocr_line' id='line_1_6' title="bbox 439 571 1805 623; baseline 0.001 -14"><span class='ocrx_word' id='word_1_50' title='bbox 439 574 539 609; x_wconf 82' lang='lat' dir='ltr'>clare</span> <span class='ocrx_word' id='word_1_51' title='bbox 567 574 827 621; x_wconf 76' lang='lat' dir='ltr'><em>cognovissent,</em></span> <span class='ocrx_word' id='word_1_52' title='bbox 863 586 1062 622; x_wconf 82' lang='lat' dir='ltr'><em>numquam</em></span> <span class='ocrx_word' id='word_1_53' title='bbox 1092 573 1297 611; x_wconf 78' lang='lat' dir='ltr'>Dominum</span> <span class='ocrx_word' id='word_1_54' title='bbox 1319 574 1440 622; x_wconf 75' lang='lat' dir='ltr'>glorie</span> <span class='ocrx_word' id='word_1_55' title='bbox 1468 571 1772 623; x_wconf 74' lang='lat' dir='ltr'>crucifixissent),</span> <span class='ocrx_word' id='word_1_56' title='bbox 1787 583 1805 615; x_wconf 89' lang='lat'>5</span> 
     </span>
     <span class='ocr_line' id='line_1_7' title="bbox 439 643 1775 693; baseline 0.001 -13"><span class='ocrx_word' id='word_1_57' title='bbox 439 649 544 692; x_wconf 88' lang='lat' dir='ltr'>patet</span> <span class='ocrx_word' id='word_1_58' title='bbox 573 643 678 692; x_wconf 90' lang='lat' dir='ltr'>quod</span> <span class='ocrx_word' id='word_1_59' title='bbox 707 643 876 681; x_wconf 90' lang='lat' dir='ltr'>odiendo</span> <span class='ocrx_word' id='word_1_60' title='bbox 907 643 1036 681; x_wconf 90' lang='lat' dir='ltr'>Deum</span> <span class='ocrx_word' id='word_1_61' title='bbox 1067 644 1257 693; x_wconf 88' lang='lat' dir='ltr'>appetitur</span> <span class='ocrx_word' id='word_1_62' title='bbox 1290 644 1438 681; x_wconf 90' lang='lat' dir='ltr'>bonum</span> <span class='ocrx_word' id='word_1_63' title='bbox 1474 643 1707 692; x_wconf 88' lang='lat' dir='ltr'>simpliciter,</span> <span class='ocrx_word' id='word_1_64' title='bbox 1738 650 1775 681; x_wconf 89' lang='lat' dir='ltr'>et</span> 
     </span>
     <span class='ocr_line' id='line_1_8' title="bbox 437 714 1776 766; baseline 0.001 -16"><span class='ocrx_word' id='word_1_65' title='bbox 437 725 772 766; x_wconf 53' lang='lat' dir='ltr'>penconsequens</span> <span class='ocrx_word' id='word_1_66' title='bbox 801 714 863 751; x_wconf 89' lang='lat' dir='ltr'>ille</span> <span class='ocrx_word' id='word_1_67' title='bbox 892 721 1002 752; x_wconf 84' lang='lat' dir='ltr'>actus</span> <span class='ocrx_word' id='word_1_68' title='bbox 1032 721 1164 763; x_wconf 90' lang='lat' dir='ltr'>posset</span> <span class='ocrx_word' id='word_1_69' title='bbox 1184 726 1268 752; x_wconf 90' lang='lat' dir='ltr'>esse</span> <span class='ocrx_word' id='word_1_70' title='bbox 1291 714 1344 751; x_wconf 91' lang='lat' dir='ltr'>sic</span> <span class='ocrx_word' id='word_1_71' title='bbox 1366 714 1776 752; x_wconf 88' lang='lat' dir='ltr'>circumstancionatus</span> 
     </span>
     <span class='ocr_line' id='line_1_9' title="bbox 438 784 1774 834; baseline 0.001 -14"><span class='ocrx_word' id='word_1_72' title='bbox 438 784 543 833; x_wconf 89' lang='lat' dir='ltr'>quod</span> <span class='ocrx_word' id='word_1_73' title='bbox 563 790 663 821; x_wconf 89' lang='lat' dir='ltr'>esset</span> <span class='ocrx_word' id='word_1_74' title='bbox 684 785 830 822; x_wconf 89' lang='lat' dir='ltr'>nedum</span> <span class='ocrx_word' id='word_1_75' title='bbox 853 785 978 822; x_wconf 90' lang='lat' dir='ltr'>licitus</span> <span class='ocrx_word' id='word_1_76' title='bbox 998 792 1036 822; x_wconf 90' lang='lat' dir='ltr'>et</span> <span class='ocrx_word' id='word_1_77' title='bbox 1059 786 1187 822; x_wconf 91' lang='lat' dir='ltr'>bonus</span> <span class='ocrx_word' id='word_1_78' title='bbox 1207 785 1255 822; x_wconf 90' lang='lat' dir='ltr'>de</span> <span class='ocrx_word' id='word_1_79' title='bbox 1276 797 1418 834; x_wconf 84' lang='lat' dir='ltr'>genere</span> <span class='ocrx_word' id='word_1_80' title='bbox 1448 784 1516 822; x_wconf 89' lang='lat' dir='ltr'>sed</span> <span class='ocrx_word' id='word_1_81' title='bbox 1545 785 1774 822; x_wconf 88' lang='lat' dir='ltr'>meritorius.</span> 
     </span>
     <span class='ocr_line' id='line_1_10' title="bbox 437 854 1775 905; baseline 0.001 -14"><span class='ocrx_word' id='word_1_82' title='bbox 437 854 487 891; x_wconf 88' lang='lat' dir='ltr'>Et</span> <span class='ocrx_word' id='word_1_83' title='bbox 517 867 586 903; x_wconf 90' lang='lat' dir='ltr'>per</span> <span class='ocrx_word' id='word_1_84' title='bbox 607 867 863 905; x_wconf 87' lang='lat' dir='ltr'>consequens,</span> <span class='ocrx_word' id='word_1_85' title='bbox 886 868 975 893; x_wconf 93' lang='lat' dir='ltr'>cum</span> <span class='ocrx_word' id='word_1_86' title='bbox 1005 855 1108 892; x_wconf 89' lang='lat' dir='ltr'>nulla</span> <span class='ocrx_word' id='word_1_87' title='bbox 1137 856 1184 893; x_wconf 92' lang='lat' dir='ltr'>sit</span> <span class='ocrx_word' id='word_1_88' title='bbox 1214 861 1349 892; x_wconf 90' lang='lat' dir='ltr'>natura</span> <span class='ocrx_word' id='word_1_89' title='bbox 1370 855 1464 904; x_wconf 90' lang='lat' dir='ltr'>quin</span> <span class='ocrx_word' id='word_1_90' title='bbox 1490 861 1622 904; x_wconf 89' lang='lat' dir='ltr'>posset</span> <span class='ocrx_word' id='word_1_91' title='bbox 1647 867 1732 893; x_wconf 89' lang='lat' dir='ltr'>esse</span> <span class='ocrx_word' id='word_1_92' title='bbox 1753 867 1775 892; x_wconf 91' lang='lat' dir='ltr'>a</span> 
     </span>
     <span class='ocr_line' id='line_1_11' title="bbox 438 924 1822 975; baseline 0.003 -14"><span class='ocrx_word' id='word_1_93' title='bbox 438 924 537 970; x_wconf 89' lang='lat' dir='ltr'>Deo,</span> <span class='ocrx_word' id='word_1_94' title='bbox 560 925 633 962; x_wconf 87' lang='lat' dir='ltr'>nisi</span> <span class='ocrx_word' id='word_1_95' title='bbox 654 926 902 964; x_wconf 86' lang='lat' dir='ltr'>effectualiter</span> <span class='ocrx_word' id='word_1_96' title='bbox 923 927 969 964; x_wconf 92' lang='lat' dir='ltr'>sit</span> <span class='ocrx_word' id='word_1_97' title='bbox 990 939 1012 963; x_wconf 90' lang='lat' dir='ltr'>a</span> <span class='ocrx_word' id='word_1_98' title='bbox 1033 925 1130 973; x_wconf 89' lang='lat' dir='ltr'>Deo,</span> <span class='ocrx_word' id='word_1_99' title='bbox 1156 932 1259 975; x_wconf 88' lang='lat' dir='ltr'>patet</span> <span class='ocrx_word' id='word_1_100' title='bbox 1289 926 1396 975; x_wconf 91' lang='lat' dir='ltr'>quod</span> <span class='ocrx_word' id='word_1_101' title='bbox 1423 932 1530 963; x_wconf 87' lang='lat' dir='ltr'>actus</span> <span class='ocrx_word' id='word_1_102' title='bbox 1560 925 1578 945; x_wconf 85' lang='lat'><em>*</em></span> <span class='ocrx_word' id='word_1_103' title='bbox 1600 933 1637 963; x_wconf 90' lang='lat' dir='ltr'>et</span> <span class='ocrx_word' id='word_1_104' title='bbox 1657 938 1774 964; x_wconf 90' lang='lat' dir='ltr'>omne</span> <span class='ocrx_word' id='word_1_105' title='bbox 1789 937 1822 965; x_wconf 89' lang='lat' dir='ltr'>D</span> 
     </span>
     <span class='ocr_line' id='line_1_12' title="bbox 437 996 1776 1045; baseline 0.002 -14"><span class='ocrx_word' id='word_1_106' title='bbox 437 1007 506 1032; x_wconf 89' lang='lat' dir='ltr'>ens</span> <span class='ocrx_word' id='word_1_107' title='bbox 527 1008 595 1044; x_wconf 90' lang='lat' dir='ltr'>per</span> <span class='ocrx_word' id='word_1_108' title='bbox 615 1008 655 1033; x_wconf 91' lang='lat' dir='ltr'>se</span> <span class='ocrx_word' id='word_1_109' title='bbox 676 996 716 1033; x_wconf 91' lang='lat' dir='ltr'>in</span> <span class='ocrx_word' id='word_1_110' title='bbox 735 1009 880 1045; x_wconf 86' lang='lat' dir='ltr'>genere</span> <span class='ocrx_word' id='word_1_111' title='bbox 902 998 948 1034; x_wconf 91' lang='lat' dir='ltr'>sit</span> <span class='ocrx_word' id='word_1_112' title='bbox 969 1009 991 1033; x_wconf 94' lang='lat' dir='ltr'>a</span> <span class='ocrx_word' id='word_1_113' title='bbox 1011 997 1109 1035; x_wconf 89' lang='lat' dir='ltr'>Deo.</span> <span class='ocrx_word' id='word_1_114' title='bbox 1155 996 1248 1034; x_wconf 91' lang='lat' dir='ltr'>Non</span> <span class='ocrx_word' id='word_1_115' title='bbox 1268 1008 1362 1045; x_wconf 89' lang='lat' dir='ltr'>ergo</span> <span class='ocrx_word' id='word_1_116' title='bbox 1384 996 1626 1045; x_wconf 84' lang='lat' dir='ltr'>increpemus</span> <span class='ocrx_word' id='word_1_117' title='bbox 1646 996 1776 1035; x_wconf 86' lang='lat' dir='ltr'>Deum</span> 
     </span>
     <span class='ocr_line' id='line_1_13' title="bbox 437 1065 1775 1116; baseline 0.001 -14"><span class='ocrx_word' id='word_1_118' title='bbox 437 1066 544 1114; x_wconf 89' lang='lat' dir='ltr'>quod</span> <span class='ocrx_word' id='word_1_119' title='bbox 572 1065 662 1103; x_wconf 88' lang='lat' dir='ltr'>facit</span> <span class='ocrx_word' id='word_1_120' title='bbox 690 1073 747 1104; x_wconf 83' lang='lat' dir='ltr'>tot</span> <span class='ocrx_word' id='word_1_121' title='bbox 776 1067 881 1104; x_wconf 92' lang='lat' dir='ltr'>bona</span> <span class='ocrx_word' id='word_1_122' title='bbox 911 1067 958 1104; x_wconf 86' lang='lat' dir='ltr'>de</span> <span class='ocrx_word' id='word_1_123' title='bbox 984 1068 1127 1105; x_wconf 87' lang='lat' dir='ltr'>nostris</span> <span class='ocrx_word' id='word_1_124' title='bbox 1157 1066 1354 1115; x_wconf 86' lang='lat' dir='ltr'>nequiciis,</span> <span class='ocrx_word' id='word_1_125' title='bbox 1384 1078 1456 1104; x_wconf 91' lang='lat' dir='ltr'>nec</span> <span class='ocrx_word' id='word_1_126' title='bbox 1485 1079 1534 1103; x_wconf 82' lang='lat' dir='ltr'>ex</span> <span class='ocrx_word' id='word_1_127' title='bbox 1564 1066 1639 1104; x_wconf 92' lang='lat' dir='ltr'>hoc</span> <span class='ocrx_word' id='word_1_128' title='bbox 1669 1067 1775 1116; x_wconf 91' lang='lat' dir='ltr'>quod</span> 
     </span>
     <span class='ocr_line' id='line_1_14' title="bbox 438 1136 1775 1187; baseline 0.001 -13"><span class='ocrx_word' id='word_1_129' title='bbox 438 1136 598 1174; x_wconf 89' lang='lat' dir='ltr'>sciendo</span> <span class='ocrx_word' id='word_1_130' title='bbox 614 1149 687 1174; x_wconf 92' lang='lat' dir='ltr'>nos</span> <span class='ocrx_word' id='word_1_131' title='bbox 706 1150 868 1186; x_wconf 88' lang='lat' dir='ltr'>peccare</span> <span class='ocrx_word' id='word_1_132' title='bbox 889 1137 1087 1187; x_wconf 88' lang='lat' dir='ltr'>inprovide</span> <span class='ocrx_word' id='word_1_133' title='bbox 1107 1137 1280 1186; x_wconf 83' lang='lat' dir='ltr'>graciose</span> <span class='ocrx_word' id='word_1_134' title='bbox 1301 1137 1454 1175; x_wconf 86' lang='lat' dir='ltr'>interim</span> <span class='ocrx_word' id='word_1_135' title='bbox 1476 1143 1665 1175; x_wconf 88' lang='lat' dir='ltr'>sustentat</span> <span class='ocrx_word' id='word_1_136' title='bbox 1686 1139 1775 1175; x_wconf 89' lang='lat' dir='ltr'>sub-</span> 
     </span>
     <span class='ocr_line' id='line_1_15' title="bbox 438 1207 1774 1257; baseline 0.002 -14"><span class='ocrx_word' id='word_1_137' title='bbox 438 1207 625 1244; x_wconf 86' lang='lat' dir='ltr'>stanciam</span> <span class='ocrx_word' id='word_1_138' title='bbox 653 1214 690 1245; x_wconf 87' lang='lat' dir='ltr'>et</span> <span class='ocrx_word' id='word_1_139' title='bbox 717 1208 904 1257; x_wconf 84' lang='lat' dir='ltr'>quidlibet</span> <span class='ocrx_word' id='word_1_140' title='bbox 930 1208 1147 1257; x_wconf 85' lang='lat' dir='ltr'>positivum,</span> <span class='ocrx_word' id='word_1_141' title='bbox 1169 1208 1396 1257; x_wconf 89' lang='lat' dir='ltr'>permittens</span> <span class='ocrx_word' id='word_1_142' title='bbox 1416 1208 1594 1256; x_wconf 88' lang='lat' dir='ltr'>ignarum</span> <span class='ocrx_word' id='word_1_143' title='bbox 1614 1221 1774 1257; x_wconf 90' lang='lat' dir='ltr'>peccare</span> 
     </span>
     <span class='ocr_line' id='line_1_16' title="bbox 437 1277 1829 1328; baseline 0 -14"><span class='ocrx_word' id='word_1_144' title='bbox 437 1277 567 1315; x_wconf 89' lang='lat' dir='ltr'>libere.</span> <span class='ocrx_word' id='word_1_145' title='bbox 622 1278 661 1316; x_wconf 92' lang='lat' dir='ltr'>Si</span> <span class='ocrx_word' id='word_1_146' title='bbox 681 1279 785 1315; x_wconf 90' lang='lat' dir='ltr'>enim</span> <span class='ocrx_word' id='word_1_147' title='bbox 806 1285 988 1316; x_wconf 81' lang='lat' dir='ltr'>statueret</span> <span class='ocrx_word' id='word_1_148' title='bbox 1007 1279 1134 1328; x_wconf 86' lang='lat' dir='ltr'>legem</span> <span class='ocrx_word' id='word_1_149' title='bbox 1155 1278 1261 1328; x_wconf 91' lang='lat' dir='ltr'>quod</span> <span class='ocrx_word' id='word_1_150' title='bbox 1281 1284 1453 1316; x_wconf 88' lang='lat' dir='ltr'>creatura</span> <span class='ocrx_word' id='word_1_151' title='bbox 1473 1279 1673 1316; x_wconf 89' lang='lat' dir='ltr'>raeionalis</span> <span class='ocrx_word' id='word_1_152' title='bbox 1693 1291 1774 1316; x_wconf 92' lang='lat' dir='ltr'>non</span> <span class='ocrx_word' id='word_1_153' title='bbox 1790 1291 1829 1323; x_wconf 87' lang='lat'>15</span> 
     </span>
     <span class='ocr_line' id='line_1_17' title="bbox 437 1348 1775 1399; baseline 0.001 -14"><span class='ocrx_word' id='word_1_154' title='bbox 437 1355 588 1397; x_wconf 87' lang='lat' dir='ltr'>poteret</span> <span class='ocrx_word' id='word_1_155' title='bbox 616 1348 734 1386; x_wconf 88' lang='lat' dir='ltr'>libere</span> <span class='ocrx_word' id='word_1_156' title='bbox 765 1350 818 1387; x_wconf 87' lang='lat' dir='ltr'>sic</span> <span class='ocrx_word' id='word_1_157' title='bbox 847 1361 1022 1399; x_wconf 88' lang='lat' dir='ltr'>peccare,</span> <span class='ocrx_word' id='word_1_158' title='bbox 1044 1355 1267 1398; x_wconf 83' lang='lat' dir='ltr'>sequeretur</span> <span class='ocrx_word' id='word_1_159' title='bbox 1296 1349 1441 1386; x_wconf 90' lang='lat' dir='ltr'>nedum</span> <span class='ocrx_word' id='word_1_160' title='bbox 1462 1349 1569 1398; x_wconf 91' lang='lat' dir='ltr'>quod</span> <span class='ocrx_word' id='word_1_161' title='bbox 1598 1356 1775 1388; x_wconf 88' lang='lat' dir='ltr'>creatura</span> 
     </span>
     <span class='ocr_line' id='line_1_18' title="bbox 437 1418 1775 1469; baseline 0.002 -14"><span class='ocrx_word' id='word_1_162' title='bbox 437 1418 522 1455; x_wconf 91' lang='lat' dir='ltr'>talis</span> <span class='ocrx_word' id='word_1_163' title='bbox 543 1419 681 1457; x_wconf 89' lang='lat' dir='ltr'>mereri</span> <span class='ocrx_word' id='word_1_164' title='bbox 701 1432 783 1457; x_wconf 91' lang='lat' dir='ltr'>non</span> <span class='ocrx_word' id='word_1_165' title='bbox 809 1420 949 1469; x_wconf 91' lang='lat' dir='ltr'>poterit</span> <span class='ocrx_word' id='word_1_166' title='bbox 975 1420 1044 1457; x_wconf 90' lang='lat' dir='ltr'>sed</span> <span class='ocrx_word' id='word_1_167' title='bbox 1074 1419 1295 1469; x_wconf 90' lang='lat' dir='ltr'>simpliciter</span> <span class='ocrx_word' id='word_1_168' title='bbox 1324 1431 1406 1457; x_wconf 92' lang='lat' dir='ltr'>non</span> <span class='ocrx_word' id='word_1_169' title='bbox 1435 1425 1567 1468; x_wconf 87' lang='lat' dir='ltr'>posset</span> <span class='ocrx_word' id='word_1_170' title='bbox 1588 1432 1672 1458; x_wconf 89' lang='lat' dir='ltr'>esse</span> <span class='ocrx_word' id='word_1_171' title='bbox 1694 1421 1775 1458; x_wconf 91' lang='lat' dir='ltr'>sine</span> 
     </span>
     <span class='ocr_line' id='line_1_19' title="bbox 438 1487 863 1528; baseline 0.007 -3"><span class='ocrx_word' id='word_1_172' title='bbox 438 1487 660 1527; x_wconf 87' lang='lat' dir='ltr'>huiusmodi</span> <span class='ocrx_word' id='word_1_173' title='bbox 680 1490 863 1528; x_wconf 88' lang='lat' dir='ltr'>libertate.</span> 
     </span>
    </p>

    <p class='ocr_par' dir='ltr' id='par_1_3' title="bbox 156 1559 1774 1633">
     <span class='ocr_line' id='line_1_20' title="bbox 156 1559 1774 1633; baseline 0 -34"><span class='ocrx_word' id='word_1_174' title='bbox 156 1573 365 1633; x_wconf 49' lang='lat' dir='ltr'>go‘eyggd‘ffl}</span> <span class='ocrx_word' id='word_1_175' title='bbox 489 1559 540 1596; x_wconf 90' lang='lat' dir='ltr'>Et</span> <span class='ocrx_word' id='word_1_176' title='bbox 570 1560 600 1597; x_wconf 91' lang='lat' dir='ltr'>si</span> <span class='ocrx_word' id='word_1_177' title='bbox 629 1567 810 1610; x_wconf 85' lang='lat' dir='ltr'>queratur</span> <span class='ocrx_word' id='word_1_178' title='bbox 840 1573 958 1610; x_wconf 89' lang='lat' dir='ltr'>quare</span> <span class='ocrx_word' id='word_1_179' title='bbox 987 1573 1068 1599; x_wconf 93' lang='lat' dir='ltr'>non</span> <span class='ocrx_word' id='word_1_180' title='bbox 1097 1561 1290 1599; x_wconf 87' lang='lat' dir='ltr'>concurrit</span> <span class='ocrx_word' id='word_1_181' title='bbox 1319 1560 1577 1610; x_wconf 89' lang='lat' dir='ltr'>preservando</span> <span class='ocrx_word' id='word_1_182' title='bbox 1607 1562 1656 1599; x_wconf 87' lang='lat' dir='ltr'>ab</span> <span class='ocrx_word' id='word_1_183' title='bbox 1685 1568 1774 1599; x_wconf 87' lang='lat' dir='ltr'>actu</span> 
     </span>
    </p>
   </div>
   <div class='ocr_carea' id='block_1_3' title="bbox 156 1630 1830 1700">
    <p class='ocr_par' dir='ltr' id='par_1_4' title="bbox 156 1630 1830 1700">
     <span class='ocr_line' id='line_1_21' title="bbox 156 1630 1830 1700; baseline 0.002 -33"><span class='ocrx_word' id='word_1_184' title='bbox 156 1641 368 1700; x_wconf 53' lang='lat' dir='ltr'>3533533315m</span> <span class='ocrx_word' id='word_1_185' title='bbox 435 1630 577 1676; x_wconf 89' lang='lat' dir='ltr'>illicito,</span> <span class='ocrx_word' id='word_1_186' title='bbox 599 1631 746 1678; x_wconf 87' lang='lat' dir='ltr'>dicitur,</span> <span class='ocrx_word' id='word_1_187' title='bbox 770 1631 871 1669; x_wconf 91' lang='lat' dir='ltr'>Cum</span> <span class='ocrx_word' id='word_1_188' title='bbox 892 1631 1088 1670; x_wconf 89' lang='lat' dir='ltr'>Dominus</span> <span class='ocrx_word' id='word_1_189' title='bbox 1119 1632 1164 1669; x_wconf 92' lang='lat' dir='ltr'>sit</span> <span class='ocrx_word' id='word_1_190' title='bbox 1187 1632 1362 1681; x_wconf 84' lang='lat' dir='ltr'>graciose</span> <span class='ocrx_word' id='word_1_191' title='bbox 1383 1632 1480 1669; x_wconf 89' lang='lat' dir='ltr'>dans</span> <span class='ocrx_word' id='word_1_192' title='bbox 1501 1645 1584 1670; x_wconf 90' lang='lat' dir='ltr'>esse</span> <span class='ocrx_word' id='word_1_193' title='bbox 1605 1639 1642 1670; x_wconf 91' lang='lat' dir='ltr'>et</span> <span class='ocrx_word' id='word_1_194' title='bbox 1662 1634 1772 1682; x_wconf 92' lang='lat' dir='ltr'>quid·</span> <span class='ocrx_word' id='word_1_195' title='bbox 1788 1648 1830 1671; x_wconf 86' lang='lat'>20</span> 
     </span>
    </p>
   </div>
   <div class='ocr_carea' id='block_1_4' title="bbox 157 1701 1774 1824">
    <p class='ocr_par' dir='ltr' id='par_1_5' title="bbox 157 1701 1774 1824">
     <span class='ocr_line' id='line_1_22' title="bbox 157 1701 1773 1753; baseline 0.005 -20"><span class='ocrx_word' id='word_1_196' title='bbox 157 1707 235 1734; x_wconf 67' lang='lat' dir='ltr'>sin?¹</span> <span class='ocrx_word' id='word_1_197' title='bbox 435 1701 528 1738; x_wconf 89' lang='lat' dir='ltr'>libet</span> <span class='ocrx_word' id='word_1_198' title='bbox 548 1701 652 1739; x_wconf 91' lang='lat' dir='ltr'>aliud</span> <span class='ocrx_word' id='word_1_199' title='bbox 672 1708 858 1748; x_wconf 86' lang='lat' dir='ltr'>creature,</span> <span class='ocrx_word' id='word_1_200' title='bbox 874 1714 955 1740; x_wconf 90' lang='lat' dir='ltr'>non</span> <span class='ocrx_word' id='word_1_201' title='bbox 970 1709 1097 1751; x_wconf 88' lang='lat' dir='ltr'>potest</span> <span class='ocrx_word' id='word_1_202' title='bbox 1116 1703 1212 1741; x_wconf 89' lang='lat' dir='ltr'>iuste</span> <span class='ocrx_word' id='word_1_203' title='bbox 1229 1703 1416 1753; x_wconf 88' lang='lat' dir='ltr'>conqueri</span> <span class='ocrx_word' id='word_1_204' title='bbox 1431 1703 1489 1740; x_wconf 90' lang='lat' dir='ltr'>vel</span> <span class='ocrx_word' id='word_1_205' title='bbox 1505 1704 1670 1752; x_wconf 92' lang='lat' dir='ltr'>amplius</span> <span class='ocrx_word' id='word_1_206' title='bbox 1683 1716 1773 1741; x_wconf 89' lang='lat' dir='ltr'>ven-</span> 
     </span>
     <span class='ocr_line' id='line_1_23' title="bbox 157 1757 1774 1824; baseline 0.003 -17"><span class='ocrx_word' id='word_1_207' title='bbox 157 1757 298 1823; x_wconf 52' lang='grc' dir='ltr'>Ξζῇζνθδ</span> <span class='ocrx_word' id='word_1_208' title='bbox 310 1758 396 1791; x_wconf 62' lang='lat' dir='ltr'>bemg</span> <span class='ocrx_word' id='word_1_209' title='bbox 437 1772 576 1817; x_wconf 81' lang='lat' dir='ltr'>dicare,</span> <span class='ocrx_word' id='word_1_210' title='bbox 593 1773 689 1810; x_wconf 91' lang='lat' dir='ltr'>sicut</span> <span class='ocrx_word' id='word_1_211' title='bbox 709 1773 759 1810; x_wconf 92' lang='lat' dir='ltr'>ad</span> <span class='ocrx_word' id='word_1_212' title='bbox 776 1772 891 1810; x_wconf 90' lang='lat' dir='ltr'>Rom.</span> <span class='ocrx_word' id='word_1_213' title='bbox 909 1773 958 1809; x_wconf 83' lang='lat' dir='ltr'>ix.</span> <span class='ocrx_word' id='word_1_214' title='bbox 979 1786 996 1809; x_wconf 90' lang='lat'><strong>2</strong></span> <span class='ocrx_word' id='word_1_215' title='bbox 1008 1786 1023 1810; x_wconf 94' lang='lat'>1</span> <span class='ocrx_word' id='word_1_216' title='bbox 1041 1773 1301 1823; x_wconf 84' lang='lat' dir='ltr'>exemplificat</span> <span class='ocrx_word' id='word_1_217' title='bbox 1322 1774 1517 1823; x_wconf 90' lang='lat' dir='ltr'>apostolus</span> <span class='ocrx_word' id='word_1_218' title='bbox 1530 1773 1578 1811; x_wconf 92' lang='lat' dir='ltr'>de</span> <span class='ocrx_word' id='word_1_219' title='bbox 1593 1774 1711 1824; x_wconf 87' lang='lat' dir='ltr'>figulo</span> <span class='ocrx_word' id='word_1_220' title='bbox 1737 1781 1774 1812; x_wconf 90' lang='lat' dir='ltr'>et</span> 
     </span>
    </p>
   </div>
   <div class='ocr_carea' id='block_1_5' title="bbox 436 1842 1774 1964">
    <p class='ocr_par' dir='ltr' id='par_1_6' title="bbox 436 1842 1774 1964">
     <span class='ocr_line' id='line_1_24' title="bbox 436 1842 1774 1894; baseline 0.003 -15"><span class='ocrx_word' id='word_1_221' title='bbox 436 1842 535 1880; x_wconf 89' lang='lat' dir='ltr'>luto:</span> <span class='ocrx_word' id='word_1_222' title='bbox 559 1855 706 1892; x_wconf 89' lang='lat' dir='ltr'>ymmo,</span> <span class='ocrx_word' id='word_1_223' title='bbox 720 1844 836 1881; x_wconf 90' lang='lat' dir='ltr'>credo</span> <span class='ocrx_word' id='word_1_224' title='bbox 856 1843 962 1893; x_wconf 88' lang='lat' dir='ltr'>quod</span> <span class='ocrx_word' id='word_1_225' title='bbox 976 1843 1084 1881; x_wconf 90' lang='lat' dir='ltr'>Deus</span> <span class='ocrx_word' id='word_1_226' title='bbox 1104 1856 1184 1881; x_wconf 89' lang='lat' dir='ltr'>non</span> <span class='ocrx_word' id='word_1_227' title='bbox 1205 1850 1331 1894; x_wconf 90' lang='lat' dir='ltr'>potest</span> <span class='ocrx_word' id='word_1_228' title='bbox 1351 1846 1531 1882; x_wconf 88' lang='lat' dir='ltr'>iuvamen</span> <span class='ocrx_word' id='word_1_229' title='bbox 1552 1845 1774 1883; x_wconf 88' lang='lat' dir='ltr'>subtrahere</span> 
     </span>
     <span class='ocr_line' id='line_1_25' title="bbox 436 1913 1774 1964; baseline 0.002 -14"><span class='ocrx_word' id='word_1_230' title='bbox 436 1913 509 1950; x_wconf 92' lang='lat' dir='ltr'>nisi</span> <span class='ocrx_word' id='word_1_231' title='bbox 538 1914 744 1952; x_wconf 88' lang='lat' dir='ltr'>occasione</span> <span class='ocrx_word' id='word_1_232' title='bbox 770 1914 857 1952; x_wconf 89' lang='lat' dir='ltr'>data</span> <span class='ocrx_word' id='word_1_233' title='bbox 877 1927 899 1951; x_wconf 90' lang='lat' dir='ltr'>a</span> <span class='ocrx_word' id='word_1_234' title='bbox 920 1915 1038 1964; x_wconf 87' lang='lat' dir='ltr'>priori</span> <span class='ocrx_word' id='word_1_235' title='bbox 1068 1915 1264 1962; x_wconf 85' lang='lat' dir='ltr'>demerito,</span> <span class='ocrx_word' id='word_1_236' title='bbox 1287 1922 1328 1953; x_wconf 94' lang='lat' dir='ltr'>ut</span> <span class='ocrx_word' id='word_1_237' title='bbox 1348 1915 1455 1953; x_wconf 89' lang='lat' dir='ltr'>Deus</span> <span class='ocrx_word' id='word_1_238' title='bbox 1484 1916 1572 1954; x_wconf 88' lang='lat' dir='ltr'>ideo</span> <span class='ocrx_word' id='word_1_239' title='bbox 1601 1928 1682 1953; x_wconf 89' lang='lat' dir='ltr'>non</span> <span class='ocrx_word' id='word_1_240' title='bbox 1709 1915 1774 1953; x_wconf 88' lang='lat' dir='ltr'>dat</span> 
     </span>
    </p>
   </div>
   <div class='ocr_carea' id='block_1_6' title="bbox 155 1983 1827 2063">
    <p class='ocr_par' dir='ltr' id='par_1_7' title="bbox 155 1983 1827 2063">
     <span class='ocr_line' id='line_1_26' title="bbox 156 1983 1827 2056; baseline -0.001 -36"><span class='ocrx_word' id='word_1_241' title='bbox 156 1996 301 2056; x_wconf 59' lang='lat' dir='ltr'>bptgraef</span> <span class='ocrx_word' id='word_1_242' title='bbox 313 1997 349 2023; x_wconf 78' lang='lat' dir='ltr'>he</span> <span class='ocrx_word' id='word_1_243' title='bbox 366 2030 394 2056; x_wconf 43' lang='lat' dir='ltr'>h·</span> <span class='ocrx_word' id='word_1_244' title='bbox 437 1983 604 2032; x_wconf 87' lang='lat' dir='ltr'>graciam</span> <span class='ocrx_word' id='word_1_245' title='bbox 639 1983 698 2021; x_wconf 84' lang='lat' dir='ltr'>vel</span> <span class='ocrx_word' id='word_1_246' title='bbox 731 1984 912 2022; x_wconf 88' lang='lat' dir='ltr'>iuvamen</span> <span class='ocrx_word' id='word_1_247' title='bbox 945 1986 1036 2035; x_wconf 88' lang='lat' dir='ltr'>quia</span> <span class='ocrx_word' id='word_1_248' title='bbox 1069 1992 1243 2024; x_wconf 89' lang='lat' dir='ltr'>creatura</span> <span class='ocrx_word' id='word_1_249' title='bbox 1276 1998 1351 2035; x_wconf 90' lang='lat' dir='ltr'>que</span> <span class='ocrx_word' id='word_1_250' title='bbox 1386 1986 1572 2035; x_wconf 86' lang='lat' dir='ltr'>reciperet</span> <span class='ocrx_word' id='word_1_251' title='bbox 1605 1998 1685 2024; x_wconf 92' lang='lat' dir='ltr'>non</span> <span class='ocrx_word' id='word_1_252' title='bbox 1716 1991 1827 2029; x_wconf 89' lang='lat' dir='ltr'>est25</span> 
     </span>
     <span class='ocr_line' id='line_1_27' title="bbox 155 2036 425 2063; baseline 0.007 -9"><span class='ocrx_word' id='word_1_253' title='bbox 155 2038 234 2062; x_wconf 83' lang='lat' dir='ltr'>gives</span> <span class='ocrx_word' id='word_1_254' title='bbox 247 2036 353 2063; x_wconf 88' lang='lat' dir='ltr'>onyto</span> <span class='ocrx_word' id='word_1_255' title='bbox 387 2039 425 2056; x_wconf 84' lang='lat' dir='ltr'>lm</span> 
     </span>
    </p>
   </div>
   <div class='ocr_carea' id='block_1_7' title="bbox 156 2054 1775 2131">
    <p class='ocr_par' dir='ltr' id='par_1_8' title="bbox 156 2054 1775 2131">
     <span class='ocr_line' id='line_1_28' title="bbox 156 2054 1775 2131; baseline 0.002 -42"><span class='ocrx_word' id='word_1_256' title='bbox 156 2062 571 2131; x_wconf 41' lang='lat' dir='ltr'>Klssssiisiffffissbleomapax&#39;</span> <span class='ocrx_word' id='word_1_257' title='bbox 629 2054 724 2092; x_wconf 89' lang='lat' dir='ltr'>Ideo</span> <span class='ocrx_word' id='word_1_258' title='bbox 754 2055 1009 2105; x_wconf 89' lang='lat' dir='ltr'>impossibiles</span> <span class='ocrx_word' id='word_1_259' title='bbox 1044 2062 1133 2093; x_wconf 89' lang='lat' dir='ltr'>sunt</span> <span class='ocrx_word' id='word_1_260' title='bbox 1164 2068 1275 2093; x_wconf 90' lang='lat' dir='ltr'>casus</span> <span class='ocrx_word' id='word_1_261' title='bbox 1309 2056 1448 2105; x_wconf 89' lang='lat' dir='ltr'>quibus</span> <span class='ocrx_word' id='word_1_262' title='bbox 1478 2056 1634 2105; x_wconf 87' lang='lat' dir='ltr'>ponitur</span> <span class='ocrx_word' id='word_1_263' title='bbox 1667 2057 1775 2106; x_wconf 89' lang='lat' dir='ltr'>quod</span> 
     </span>
    </p>
   </div>
   <div class='ocr_carea' id='block_1_8' title="bbox 158 2124 1828 2390">
    <p class='ocr_par' dir='ltr' id='par_1_9' title="bbox 440 2124 1774 2176">
     <span class='ocr_line' id='line_1_29' title="bbox 440 2124 1774 2176; baseline 0.002 -15"><span class='ocrx_word' id='word_1_264' title='bbox 440 2124 548 2162; x_wconf 89' lang='lat' dir='ltr'>Deus</span> <span class='ocrx_word' id='word_1_265' title='bbox 588 2126 783 2174; x_wconf 90' lang='lat' dir='ltr'>permittat</span> <span class='ocrx_word' id='word_1_266' title='bbox 822 2132 1037 2164; x_wconf 87' lang='lat' dir='ltr'>creaturam</span> <span class='ocrx_word' id='word_1_267' title='bbox 1081 2139 1191 2164; x_wconf 91' lang='lat' dir='ltr'>suam</span> <span class='ocrx_word' id='word_1_268' title='bbox 1230 2127 1408 2176; x_wconf 90' lang='lat' dir='ltr'>temptari</span> <span class='ocrx_word' id='word_1_269' title='bbox 1451 2127 1618 2176; x_wconf 88' lang='lat' dir='ltr'>amplius</span> <span class='ocrx_word' id='word_1_270' title='bbox 1657 2139 1774 2176; x_wconf 88' lang='lat' dir='ltr'>quam</span> 
     </span>
    </p>

    <p class='ocr_par' dir='ltr' id='par_1_10' title="bbox 440 2196 1775 2247">
     <span class='ocr_line' id='line_1_30' title="bbox 440 2196 1775 2247; baseline 0.001 -14"><span class='ocrx_word' id='word_1_271' title='bbox 440 2196 563 2245; x_wconf 90' lang='lat' dir='ltr'>possit</span> <span class='ocrx_word' id='word_1_272' title='bbox 586 2197 772 2243; x_wconf 87' lang='lat' dir='ltr'>resistere,</span> <span class='ocrx_word' id='word_1_273' title='bbox 794 2205 835 2235; x_wconf 92' lang='lat' dir='ltr'>ut</span> <span class='ocrx_word' id='word_1_274' title='bbox 863 2199 1068 2235; x_wconf 90' lang='lat' dir='ltr'>confitetur</span> <span class='ocrx_word' id='word_1_275' title='bbox 1097 2198 1307 2247; x_wconf 87' lang='lat' dir='ltr'>apostolus,</span> <span class='ocrx_word' id='word_1_276' title='bbox 1334 2211 1349 2235; x_wconf 93' lang='lat'>1</span> <span class='ocrx_word' id='word_1_277' title='bbox 1376 2197 1466 2235; x_wconf 89' lang='lat' dir='ltr'>Cor.</span> <span class='ocrx_word' id='word_1_278' title='bbox 1488 2210 1523 2235; x_wconf 84' lang='lat' dir='ltr'>x.</span> <span class='ocrx_word' id='word_1_279' title='bbox 1550 2210 1608 2246; x_wconf 85' lang='lat'>13,</span> <span class='ocrx_word' id='word_1_280' title='bbox 1629 2197 1775 2234; x_wconf 68' lang='lat' dir='ltr'>Fidelis</span> 
     </span>
    </p>

    <p class='ocr_par' dir='ltr' id='par_1_11' title="bbox 158 2267 1828 2390">
     <span class='ocr_line' id='line_1_31' title="bbox 439 2267 1778 2318; baseline 0.001 -14"><span class='ocrx_word' id='word_1_281' title='bbox 439 2272 556 2304; x_wconf 83' lang='lat' dir='ltr'>aulem</span> <span class='ocrx_word' id='word_1_282' title='bbox 585 2272 638 2305; x_wconf 77' lang='lat' dir='ltr'>est</span> <span class='ocrx_word' id='word_1_283' title='bbox 660 2267 776 2312; x_wconf 80' lang='lat' dir='ltr'>Deus,</span> <span class='ocrx_word' id='word_1_284' title='bbox 799 2269 867 2318; x_wconf 80' lang='lat' dir='ltr'>qui</span> <span class='ocrx_word' id='word_1_285' title='bbox 890 2282 961 2305; x_wconf 85' lang='lat' dir='ltr'>non</span> <span class='ocrx_word' id='word_1_286' title='bbox 982 2270 1156 2317; x_wconf 76' lang='lat' dir='ltr'>pacietur</span> <span class='ocrx_word' id='word_1_287' title='bbox 1178 2281 1242 2306; x_wconf 80' lang='lat' dir='ltr'>vos</span> <span class='ocrx_word' id='word_1_288' title='bbox 1270 2270 1446 2317; x_wconf 70' lang='lat' dir='ltr'>temptari</span> <span class='ocrx_word' id='word_1_289' title='bbox 1468 2276 1583 2318; x_wconf 80' lang='lat' dir='ltr'>supra</span> <span class='ocrx_word' id='word_1_290' title='bbox 1613 2269 1656 2305; x_wconf 76' lang='lat' dir='ltr'>id</span> <span class='ocrx_word' id='word_1_291' title='bbox 1679 2269 1778 2317; x_wconf 78' lang='lat' dir='ltr'>quod</span> 
     </span>
     <span class='ocr_line' id='line_1_32' title="bbox 158 2338 1828 2390; baseline 0.002 -16"><span class='ocrx_word' id='word_1_292' title='bbox 158 2346 218 2371; x_wconf 85' lang='lat' dir='ltr'>The</span> <span class='ocrx_word' id='word_1_293' title='bbox 233 2344 319 2370; x_wconf 86' lang='lat' dir='ltr'>world</span> <span class='ocrx_word' id='word_1_294' title='bbox 330 2343 424 2369; x_wconf 78' lang='lat' dir='ltr'>would</span> <span class='ocrx_word' id='word_1_295' title='bbox 431 2340 591 2386; x_wconf 66' lang='lat' dir='ltr'>potestis.</span> <span class='ocrx_word' id='word_1_296' title='bbox 649 2338 700 2376; x_wconf 89' lang='lat' dir='ltr'>Et</span> <span class='ocrx_word' id='word_1_297' title='bbox 728 2345 833 2388; x_wconf 87' lang='lat' dir='ltr'>patet</span> <span class='ocrx_word' id='word_1_298' title='bbox 862 2340 967 2390; x_wconf 91' lang='lat' dir='ltr'>quod</span> <span class='ocrx_word' id='word_1_299' title='bbox 996 2340 1066 2377; x_wconf 91' lang='lat' dir='ltr'>iste</span> <span class='ocrx_word' id='word_1_300' title='bbox 1097 2339 1265 2377; x_wconf 89' lang='lat' dir='ltr'>mundus</span> <span class='ocrx_word' id='word_1_301' title='bbox 1294 2351 1374 2377; x_wconf 93' lang='lat' dir='ltr'>non</span> <span class='ocrx_word' id='word_1_302' title='bbox 1401 2345 1533 2388; x_wconf 88' lang='lat' dir='ltr'>posset</span> <span class='ocrx_word' id='word_1_303' title='bbox 1559 2338 1772 2376; x_wconf 89' lang='lat' dir='ltr'>secundum</span> <span class='ocrx_word' id='word_1_304' title='bbox 1786 2355 1828 2386; x_wconf 84' lang='lat'>30</span> 
     </span>
    </p>
   </div>
   <div class='ocr_carea' id='block_1_9' title="bbox 157 2378 1771 2459">
    <p class='ocr_par' dir='ltr' id='par_1_12' title="bbox 157 2378 1771 2459">
     <span class='ocr_line' id='line_1_33' title="bbox 284 2378 404 2403; baseline -0.008 0"><span class='ocrx_word' id='word_1_305' title='bbox 284 2387 327 2403; x_wconf 90' lang='lat' dir='ltr'>om</span> <span class='ocrx_word' id='word_1_306' title='bbox 350 2378 404 2402; x_wconf 86' lang='lat' dir='ltr'>lete</span> 
     </span>
     <span class='ocr_line' id='line_1_34' title="bbox 157 2379 1771 2459; baseline 0.002 -16"><span class='ocrx_word' id='word_1_307' title='bbox 157 2379 254 2438; x_wconf 54' lang='grc' dir='ltr'>ἓὲἷεῗξ</span> <span class='ocrx_word' id='word_1_308' title='bbox 265 2387 401 2443; x_wconf 58' lang='grc' dir='ltr'>ἐοᾱρρετ-</span> <span class='ocrx_word' id='word_1_309' title='bbox 436 2409 788 2447; x_wconf 86' lang='lat' dir='ltr'>individuacionem</span> <span class='ocrx_word' id='word_1_310' title='bbox 808 2410 983 2447; x_wconf 83' lang='lat' dir='ltr'>ultimam</span> <span class='ocrx_word' id='word_1_311' title='bbox 1010 2411 1214 2459; x_wconf 86' lang='lat' dir='ltr'>procreari,</span> <span class='ocrx_word' id='word_1_312' title='bbox 1237 2410 1309 2447; x_wconf 88' lang='lat' dir='ltr'>nisi</span> <span class='ocrx_word' id='word_1_313' title='bbox 1329 2410 1437 2447; x_wconf 89' lang='lat' dir='ltr'>Deus</span> <span class='ocrx_word' id='word_1_314' title='bbox 1465 2410 1697 2459; x_wconf 90' lang='lat' dir='ltr'>permitteret</span> <span class='ocrx_word' id='word_1_315' title='bbox 1717 2410 1771 2447; x_wconf 88' lang='lat' dir='ltr'>sic</span> 
     </span>
    </p>
   </div>
   <div class='ocr_carea' id='block_1_10' title="bbox 158 2446 1868 2601">
    <p class='ocr_par' dir='ltr' id='par_1_13' title="bbox 158 2446 1868 2601">
     <span class='ocr_line' id='line_1_35' title="bbox 158 2446 379 2471; baseline -0.005 0"><span class='ocrx_word' id='word_1_316' title='bbox 158 2446 257 2471; x_wconf 79' lang='lat' dir='ltr'>mittecl</span> <span class='ocrx_word' id='word_1_317' title='bbox 273 2454 335 2470; x_wconf 86' lang='lat' dir='ltr'>man</span> <span class='ocrx_word' id='word_1_318' title='bbox 350 2450 379 2470; x_wconf 91' lang='lat' dir='ltr'>to</span> 
     </span>
     <span class='ocr_line' id='line_1_36' title="bbox 158 2479 1772 2530; baseline 0.001 -14"><span class='ocrx_word' id='word_1_319' title='bbox 158 2479 209 2505; x_wconf 68' lang='lat'>51¹¹-</span> <span class='ocrx_word' id='word_1_320' title='bbox 436 2492 598 2528; x_wconf 89' lang='lat' dir='ltr'>peecare</span> <span class='ocrx_word' id='word_1_321' title='bbox 618 2486 655 2517; x_wconf 89' lang='lat' dir='ltr'>et</span> <span class='ocrx_word' id='word_1_322' title='bbox 676 2480 870 2517; x_wconf 88' lang='lat' dir='ltr'>ordinaret</span> <span class='ocrx_word' id='word_1_323' title='bbox 888 2481 1103 2518; x_wconf 90' lang='lat' dir='ltr'>eternaliter</span> <span class='ocrx_word' id='word_1_324' title='bbox 1123 2480 1171 2518; x_wconf 87' lang='lat' dir='ltr'>de</span> <span class='ocrx_word' id='word_1_325' title='bbox 1191 2481 1300 2530; x_wconf 90' lang='lat' dir='ltr'>penis</span> <span class='ocrx_word' id='word_1_326' title='bbox 1321 2487 1357 2518; x_wconf 88' lang='lat' dir='ltr'>et</span> <span class='ocrx_word' id='word_1_327' title='bbox 1377 2480 1556 2518; x_wconf 88' lang='lat' dir='ltr'>remediis</span> <span class='ocrx_word' id='word_1_328' title='bbox 1578 2480 1772 2529; x_wconf 89' lang='lat' dir='ltr'>graciosis.</span> 
     </span>
     <span class='ocr_line' id='line_1_37' title="bbox 439 2550 1868 2601; baseline 0 -15"><span class='ocrx_word' id='word_1_329' title='bbox 439 2550 531 2587; x_wconf 90' lang='lat' dir='ltr'>Non</span> <span class='ocrx_word' id='word_1_330' title='bbox 552 2562 646 2599; x_wconf 84' lang='lat' dir='ltr'>ergo</span> <span class='ocrx_word' id='word_1_331' title='bbox 668 2551 849 2600; x_wconf 88' lang='lat' dir='ltr'>sequitur,</span> <span class='ocrx_word' id='word_1_332' title='bbox 874 2550 1005 2588; x_wconf 87' lang='lat' dir='ltr'>‘Deus</span> <span class='ocrx_word' id='word_1_333' title='bbox 1026 2552 1230 2589; x_wconf 89' lang='lat' dir='ltr'>necessitat</span> <span class='ocrx_word' id='word_1_334' title='bbox 1253 2550 1270 2570; x_wconf 82' lang='grc'>*</span> <span class='ocrx_word' id='word_1_335' title='bbox 1286 2551 1335 2588; x_wconf 89' lang='lat' dir='ltr'>ad</span> <span class='ocrx_word' id='word_1_336' title='bbox 1364 2558 1490 2589; x_wconf 88' lang='lat' dir='ltr'>actum</span> <span class='ocrx_word' id='word_1_337' title='bbox 1522 2552 1671 2601; x_wconf 87' lang='lat' dir='ltr'>peccati</span> <span class='ocrx_word' id='word_1_338' title='bbox 1697 2551 1868 2600; x_wconf 84' lang='lat' dir='ltr'>sig-45A</span> 
     </span>
    </p>
   </div>
   <div class='ocr_carea' id='block_1_11' title="bbox 437 2621 1771 2672">
    <p class='ocr_par' dir='ltr' id='par_1_14' title="bbox 437 2621 1771 2672">
     <span class='ocr_line' id='line_1_38' title="bbox 437 2621 1771 2672; baseline 0.002 -15"><span class='ocrx_word' id='word_1_339' title='bbox 437 2624 445 2639; x_wconf 89' lang='lat'>‘</span> <span class='ocrx_word' id='word_1_340' title='bbox 463 2621 610 2667; x_wconf 79' lang='lat' dir='ltr'>nabilis,</span> <span class='ocrx_word' id='word_1_341' title='bbox 633 2633 727 2670; x_wconf 88' lang='lat' dir='ltr'>ergo</span> <span class='ocrx_word' id='word_1_342' title='bbox 752 2622 955 2659; x_wconf 85' lang='lat' dir='ltr'>necessitat</span> <span class='ocrx_word' id='word_1_343' title='bbox 976 2622 1025 2659; x_wconf 85' lang='lat' dir='ltr'>ad</span> <span class='ocrx_word' id='word_1_344' title='bbox 1052 2622 1318 2671; x_wconf 86' lang='lat' dir='ltr'>peccandum.&#39;</span> <span class='ocrx_word' id='word_1_345' title='bbox 1378 2621 1491 2659; x_wconf 87' lang='lat' dir='ltr'>Unde</span> <span class='ocrx_word' id='word_1_346' title='bbox 1522 2622 1771 2672; x_wconf 86' lang='lat' dir='ltr'>intelligendo</span> 
     </span>
    </p>
   </div>
   <div class='ocr_carea' id='block_1_12' title="bbox 439 2751 1772 2818">
    <p class='ocr_par' dir='ltr' id='par_1_15' title="bbox 439 2751 1772 2818">
     <span class='ocr_line' id='line_1_39' title="bbox 472 2751 1772 2783; baseline 0.003 -7"><span class='ocrx_word' id='word_1_347' title='bbox 472 2759 496 2781; x_wconf 78' lang='lat'>3.</span> <span class='ocrx_word' id='word_1_348' title='bbox 516 2752 563 2777; x_wconf 80' lang='lat' dir='ltr'>vel</span> <span class='ocrx_word' id='word_1_349' title='bbox 574 2761 625 2777; x_wconf 87' lang='lat' dir='ltr'>orn.</span> <span class='ocrx_word' id='word_1_350' title='bbox 641 2752 664 2777; x_wconf 90' lang='grc' dir='ltr'>Α</span> <span class='ocrx_word' id='word_1_351' title='bbox 675 2752 706 2778; x_wconf 91' lang='lat' dir='ltr'>C.</span> <span class='ocrx_word' id='word_1_352' title='bbox 782 2761 821 2783; x_wconf 85' lang='lat'>23.</span> <span class='ocrx_word' id='word_1_353' title='bbox 841 2757 906 2777; x_wconf 81' lang='lat' dir='ltr'>ante</span> <span class='ocrx_word' id='word_1_354' title='bbox 920 2753 981 2777; x_wconf 80' lang='lat' dir='ltr'>luto</span> <span class='ocrx_word' id='word_1_355' title='bbox 997 2753 1017 2778; x_wconf 89' lang='lat' dir='ltr'>B</span> <span class='ocrx_word' id='word_1_356' title='bbox 1032 2753 1065 2779; x_wconf 78' lang='lat' dir='ltr'>dc</span> <span class='ocrx_word' id='word_1_357' title='bbox 1078 2751 1183 2779; x_wconf 79' lang='lat' dir='ltr'>inserit.</span> <span class='ocrx_word' id='word_1_358' title='bbox 1233 2753 1368 2779; x_wconf 71' lang='lat' dir='ltr'>iuvamen</span> <span class='ocrx_word' id='word_1_359' title='bbox 1383 2753 1422 2779; x_wconf 87' lang='lat' dir='ltr'>B:</span> <span class='ocrx_word' id='word_1_360' title='bbox 1451 2753 1685 2780; x_wconf 73' lang='lat' dir='ltr'>misericordiam</span> <span class='ocrx_word' id='word_1_361' title='bbox 1704 2753 1729 2779; x_wconf 89' lang='lat' dir='ltr'><strong>A</strong></span> <span class='ocrx_word' id='word_1_362' title='bbox 1740 2753 1772 2781; x_wconf 90' lang='lat' dir='ltr'>C.</span> 
     </span>
     <span class='ocr_line' id='line_1_40' title="bbox 439 2785 978 2818; baseline 0.002 -8"><span class='ocrx_word' id='word_1_363' title='bbox 439 2795 480 2818; x_wconf 83' lang='lat'>27.</span> <span class='ocrx_word' id='word_1_364' title='bbox 496 2785 562 2810; x_wconf 75' lang='lat' dir='ltr'>Post</span> <span class='ocrx_word' id='word_1_365' title='bbox 573 2786 731 2817; x_wconf 70' lang='lat' dir='ltr'>permittat</span> <span class='ocrx_word' id='word_1_366' title='bbox 744 2785 769 2811; x_wconf 91' lang='lat' dir='ltr'><strong>A</strong></span> <span class='ocrx_word' id='word_1_367' title='bbox 779 2785 801 2812; x_wconf 92' lang='lat' dir='ltr'>C</span> <span class='ocrx_word' id='word_1_368' title='bbox 817 2787 847 2812; x_wconf 78' lang='lat' dir='ltr'>l&#39;n</span> <span class='ocrx_word' id='word_1_369' title='bbox 861 2786 978 2812; x_wconf 83' lang='lat' dir='ltr'>addunt.</span> 
     </span>
    </p>
   </div>
  </div>
 </body>
</html>
