2008 3305
198 235 247 272 14
882 234 946 265 DE
980 234 1200 267 DoMrNro
1232 235 1409 267 Diero
1639 226 1742 284 [CAP.
1768 241 1812 271 11.

473 357 507 388 el
524 353 780 389 7722'serczc2'0nes
799 353 875 388 eius
895 358 1005 400 super
1021 349 1038 369 '³‘
1058 353 1181 388 omnia
1198 359 1308 400 opera
1328 353 1415 389 eius.
1472 352 1572 391 Ecce
1590 354 1817 403 explanacio
1833 358 1906 399 [4D

474 424 598 461 suavis
618 423 915 472 gubernacionis
935 422 1205 468 universitatis,
1222 432 1311 460 cum
1328 422 1436 460 Deus
1457 424 1684 462 miseranter
1705 426 1818 463 boni-

472 495 561 532 ficat
573 494 705 532 omnia
718 506 836 543 opera
849 499 974 540 sua,et
988 506 1057 542 per
1065 505 1309 543 consequens
1324 494 1404 532 sine
1419 496 1676 533 retribucione
1690 497 1818 546 aliqua

472 566 531 604 vel
551 565 752 603 mercede:
784 564 890 614 quod
911 571 1017 603 notat
1038 564 1248 613 apostolus,
1262 565 1311 602 ad
1325 565 1441 603 Rom.
1455 566 1505 604 xi.
1526 579 1546 614 3
1554 576 1588 614 5,
1608 566 1701 612 Quis
1704 569 1818 616 prior

473 638 573 674 dedit
590 641 623 673 et
649 635 874 673 retribuetur
893 638 957 673 ei?
985 642 1021 674 et
1045 635 1172 673 subdit
1193 648 1264 685 pro
1291 649 1417 683 causa,
1443 637 1624 683 Quoniam
1652 651 1703 676 ex
1727 640 1814 687 zpso,
1830 651 1847 683 5

472 714 674 757 tamquam
700 714 884 753 creatore,
898 714 971 756 per
999 707 1128 756 ipsum,
1152 712 1352 756 tamquam
1373 716 1695 755 conservatorem,
1717 713 1750 745 el
1777 710 1817 746 z'n

472 780 561 828 zpso,
583 785 782 828 tamquam
796 779 1068 828 gubernatore,
1087 782 1176 814 sunl
1186 778 1320 816 omnia.
1351 777 1445 815 Non
1459 779 1563 815 enim
1578 780 1689 817 obest
1703 780 1816 817 istam

473 850 702 899 scripturam
721 856 856 887 notare
872 861 962 887 cum
982 849 1155 886 misterio
1170 848 1371 886 Trinitatis
1393 861 1550 887 sensum
1571 851 1814 899 expositum:

473 934 565 959 nam
594 921 633 958 in
663 920 832 970 qualibet
852 926 1025 957 creatura
1052 920 1202 957 creacio
1222 931 1269 957 ex
1299 920 1445 958 nichilo
1475 927 1672 958 attestatur
1692 921 1817 958 infini-

473 999 592 1030 tatem
607 991 786 1042 potencie
803 1003 878 1040 que
893 989 998 1028 Patri
1012 991 1279 1040 appropriatur
1294 1003 1302 1037 ;
1325 992 1571 1040 supportacio
1585 1005 1607 1029 a
1621 992 1763 1030 nichilo
1776 992 1815 1029 in
1832 1007 1872 1028 10

471 1064 596 1101 forma
615 1062 827 1111 exemplari
851 1068 1050 1099 attestatur
1070 1068 1199 1099 actum
1221 1061 1280 1099 vel
1301 1061 1477 1100 Verbum
1505 1062 1580 1100 Dei
1593 1075 1602 1109 3
1633 1070 1670 1101 et
1697 1064 1816 1101 tercio

470 1135 511 1172 in
532 1134 620 1172 Deo
640 1133 838 1171 tendendo
858 1132 1021 1170 finaliter
1041 1133 1212 1182 benigna
1238 1139 1274 1170 et
1295 1133 1421 1170 suavis
1442 1134 1678 1182 gubernacio
1700 1142 1817 1172 attes-

471 1210 572 1243 tatur
607 1204 762 1254 Spiritui
797 1210 941 1241 sancto.
998 1202 1114 1241 Unde
1148 1203 1198 1241 ad
1227 1203 1494 1241 denotandum
1525 1204 1631 1254 quod
1666 1205 1816 1241 nullum

472 1276 634 1314 istorum
668 1275 784 1312 trium
810 1280 937 1324 potest
966 1286 1050 1312 esse
1084 1285 1174 1312 cum
1204 1274 1279 1312 hoc
1309 1274 1416 1324 quod
1445 1287 1526 1312 non
1556 1275 1602 1312 sit
1637 1275 1813 1325 reliqum,

472 1352 761 1396 preposteratur
787 1345 895 1391 ordo,
917 1344 1033 1382 Deut.
1054 1345 1171 1383 xxxii.
1195 1347 1230 1392 6,
1252 1346 1318 1382 ubi
1339 1346 1486 1392 dicitur,
1510 1345 1646 1383 Nonne
1672 1348 1746 1395 {pse
1766 1351 1819 1384 est
1831 1358 1869 1390 15

462 1422 576 1466 paler
594 1421 680 1454 tuus
699 1417 768 1465 qui
777 1416 941 1465 possedit
958 1420 999 1461 le,
1020 1416 1157 1467 elficit
1175 1420 1215 1463 le,
1237 1420 1271 1453 el
1287 1418 1427 1453 creavit
1444 1421 1475 1453 le
1487 1418 1508 1453 Β
1564 1416 1668 1454 Nam
1689 1417 1815 1466 primo

471 1494 626 1526 notatur
659 1487 919 1525 conservacio.
978 1486 1057 1533 Qui
1091 1487 1196 1524 enim
1234 1487 1304 1525 scit
1342 1487 1443 1524 bene
1483 1499 1713 1525 conservare
1756 1501 1816 1526 res

472 1571 572 1606 suaS,
595 1558 683 1597 ideo
711 1558 883 1608 possidet
913 1557 1017 1604 illas3
1049 1564 1086 1595 et
1116 1557 1182 1608 qui
1211 1564 1415 1607 promovet
1445 1558 1563 1595 alium
1593 1558 1642 1595 ad
1670 1559 1815 1608 perfec-

471 1630 626 1669 cionem
656 1629 867 1668 secundam
898 1628 1036 1667 dicitur
1064 1629 1172 1666 illum
1203 1628 1351 1676 facere,·
1388 1634 1425 1666 et
1454 1635 1589 1666 notum
1621 1636 1677 1667 est
1709 1630 1815 1679 quod

471 1701 619 1740 creacio
639 1700 853 1750 precedens
874 1701 1074 1738 causaliter
1094 1700 1166 1737 ista
1187 1700 1265 1738 duo
1286 1706 1343 1737 est
1365 1700 1608 1737 instantanea
1629 1700 1667 1737 in
1688 1707 1812 1750 pater-
1830 1714 1869 1737 20

471 1773 590 1810 nitate
617 1771 829 1810 creacionis
853 1777 996 1817 notata,
1018 1777 1055 1808 et
1075 1770 1237 1809 finaliter
1262 1782 1444 1820 expressa
1471 1770 1520 1808 ad
1548 1770 1814 1809 denotandum

471 1843 577 1892 quod
611 1843 761 1880 creacio
796 1841 843 1879 sit
873 1842 1007 1879 ultima
1042 1842 1081 1879 in
1116 1842 1274 1879 intento.
1331 1842 1380 1878 Et
1410 1847 1516 1890 patet
1545 1841 1707 1879 istorum
1737 1842 1813 1880 dis-

470 1914 624 1960 tinccio,
656 1913 734 1951 sive
762 1913 968 1963 loquamur
998 1913 1045 1950 de
1076 1912 1262 1958 creancia,
1293 1912 1583 1959 conservancia,
1606 1919 1643 1949 et
1672 1914 1815 1962 guber-

472 1985 611 2022 nancia
633 1984 672 2021 in
696 1983 770 2022 deo
791 1983 1011 2029 formaliter,
1032 1984 1111 2021 sive
1133 1983 1180 2021 de
1204 1983 1419 2029 creacione,
1441 1984 1754 2030 conservacione,
1777 1990 1814 2021 et

192 2057 220 2085 ii.
242 2057 379 2084 thesame
392 2065 440 2082 an·
472 2055 758 2105 gubernacione
797 2067 872 2104 que
919 2054 1128 2092 inexistunt
1159 2054 1371 2092 formaliter
1419 2061 1603 2091 creature.
1659 2054 1710 2092 Et
1758 2054 1811 2092 sic
1828 2071 1866 2102 25

193 2101 263 2118 swer
275 2091 383 2124 applies
396 2096 426 2116 to
1463 2123 1480 2143 *

192 2125 354 2186 {liffnsszmssd
367 2124 461 2157 0bJ'e0·
472 2126 702 2163 interimitur
739 2132 979 2175 assumptum
1015 2125 1173 2163 secundi
1208 2124 1437 2174 argumenti,

1511 2125 1664 2171 scilicet,
1706 2125 1811 2174 quod
1826 2133 1884 2162 5A

473 2209 554 2235 non
583 2203 641 2234 est
671 2196 871 2234 distinccio
903 2196 1076 2243 dominii,
1098 2197 1368 2245 possessionis,
1390 2202 1427 2233 et
1451 2207 1544 2233 usus
1576 2195 1748 2242 dominii,
1771 2202 1812 2232 ut

194 2274 389 2315 5¹5·.th<?th³.¹d
472 2274 563 2317 post
578 2267 843 2305 declarabitur.
900 2265 1043 2313 Quoad
1064 2266 1237 2312 tercium,
1260 2272 1422 2315 negetur
1442 2266 1547 2315 quod
1562 2266 1812 2304 conservacio

194 2310 415 2376 {Ejgffigglism
473 2338 548 2376 Dei
587 2343 763 2387 respectu
802 2337 977 2375 eiusdem
1017 2343 1190 2375 creature
1229 2342 1363 2374 causat
1396 2336 1609 2374 dominium
1643 2337 1811 2385 primum

474 2416 649 2458 respectu
679 2407 874 2454 eiusdem;
910 2407 977 2445 sed
1011 2408 1110 2445 bene
1141 2406 1230 2444 facit
1265 2406 1393 2444 Deum
1423 2407 1564 2444 habere
1595 2407 1808 2444 dominium
1825 2422 1866 2452 30

473 2486 647 2517 creature
675 2478 864 2528 producte
893 2490 916 2515 a
935 2478 1051 2527 priori
1077 2483 1312 2523 conservata,
1334 2478 1431 2515 sicut
1454 2478 1702 2515 conservacio
1723 2490 1810 2526 par-

473 2550 578 2587 cium
612 2555 852 2586 mortuorum
885 2548 975 2586 facit
1008 2548 1137 2586 Deum
1175 2554 1264 2598 post
1302 2548 1627 2585 resurreccionem
1667 2548 1809 2585 habere

474 2619 703 2664 dominium,
724 2631 812 2656 cum
843 2631 923 2656 non
952 2625 1078 2668 potest
1103 2631 1185 2656 esse
1210 2618 1316 2668 quod
1345 2618 1489 2667 aliquid
1518 2631 1613 2667 pure
1644 2618 1809 2656 creabile

474 2690 521 2728 sit
555 2696 730 2728 eternum
761 2689 1003 2738 simpliciter:
1052 2689 1139 2726 ideo
1170 2689 1235 2726 illo
1268 2689 1407 2738 posito,
1443 2689 1614 2738 sequitur
1648 2695 1808 2738 utraque

475 2773 563 2810 pars
584 2759 927 2806 contradiccionis3
956 2765 994 2797 et
1014 2766 1117 2808 patet
1137 2759 1243 2809 quod
1263 2766 1423 2808 utraque
1445 2759 1730 2809 consequencia
1751 2767 1806 2797 est
1822 2769 1861 2801 35

1044 2855 1071 2885 5.
1098 2846 1170 2876 Ver.
1191 2844 1240 2884 36.
