2008 3305
201 209 279 259 176
874 216 939 246 DE
973 215 1194 247 DOMINIO
1228 216 1401 247 DIVINO
1649 204 1751 263 [CAP.
1776 218 1801 247 1.

473 335 737 379 prosperatam
750 342 759 377 ;
790 330 847 367 vel
868 329 925 382 (ut
950 332 1031 368 aliis
1050 330 1193 383 placet)
1213 337 1291 368 tarn
1322 331 1454 368 fideles
1475 331 1522 368 de
1551 330 1671 378 Isaac,
1703 331 1916 375 sicut[60A

473 400 612 445 stellas,
627 412 745 449 quam
767 400 939 439 infideles
955 402 1001 439 de
1018 401 1197 448 Ismahel,
1212 408 1254 438 ut
1273 413 1431 439 arenam
1446 414 1456 448 ;
1477 401 1535 438 vel
1554 402 1672 439 tercio
1692 401 1803 438 intel-

471 469 553 518 ligit
581 470 772 519 perillam
802 471 1063 510 differenciam
1093 484 1230 509 omnes
1259 471 1490 509 imitacionis
1510 471 1620 517 filios,
1639 483 1805 521 quorum

473 541 632 590 quidam
661 542 949 591 predestinatus,
971 549 1012 579 ut
1041 543 1156 589 stelle,
1178 549 1215 580 et
1243 543 1305 579 alii
1335 542 1589 591 presciuntur‚
1610 548 1652 579 ut
1676 555 1803 587 arene,

472 624 659 660 penarum
678 612 932 650 amaritudine
953 613 1119 650 cruciati.
1150 613 1313 650 Additur
1325 613 1448 651 eciam
1469 613 1508 649 in
1528 613 1731 650 universali
1747 613 1803 649 in·
1817 626 1834 658 5

472 682 627 719 volucro
644 682 691 719 de
712 681 857 719 Messia
872 682 1010 729 futuro,
1026 684 1064 720 in
1081 684 1189 721 cuius
1209 683 1283 721 fide
1304 690 1341 720 et
1361 683 1695 721 benedictionibus
1717 690 1804 720 sunt

471 759 607 801 gentes
627 753 922 790 misericorditer
943 753 1159 801 inserende,
1179 760 1219 791 ut
1248 754 1408 803 exponit
1429 754 1626 803 apostolus
1647 754 1694 791 ad
1716 753 1803 791 Gal.

471 823 519 859 iii.
541 835 586 869 14
606 831 642 861 et
662 823 769 860 infra.
827 823 942 861 Unde
963 824 1012 860 ad
1034 824 1155 862 Hebr.
1170 825 1216 861 vi.
1235 833 1277 872 17
1296 824 1387 861 dicit
1407 824 1512 874 quod
1531 824 1803 873 pollicitacioni

470 892 577 931 Deus
605 895 782 943 apposuit
806 895 1079 940 iusiurandum,
1101 901 1142 931 ut
1168 907 1236 944 per
1256 895 1352 932 duas
1379 907 1440 932 res
1460 894 1678 931 immobiles
1696 892 1803 945 (quia

470 965 706 1013 impossibile
723 971 780 1002 est
797 965 947 1002 mentiri
963 964 1109 1016 Deum)
1117 965 1366 1003 fortissimum
1383 965 1566 1003 solacium
1580 964 1801 1002 habeamus.
1818 976 1858 997 10

191 1013 303 1073 Ξὴὲὁᾱ
317 1055 368 1073 can
524 1034 584 1071 Ex
605 1035 685 1072 istis
697 1036 797 1073 bene
817 1036 958 1073 notatis
978 1042 1083 1085 patet
1098 1036 1298 1086 quomodo
1312 1035 1417 1073 Deus
1437 1042 1565 1084 potest
1580 1036 1803 1084 promittere

191 1088 455 1146 ῗιῖζέὲῖῗεῗΐιὲἶὲιῖς
469 1105 730 1142 universaliter
746 1112 783 1142 et
801 1106 956 1143 donare.
992 1105 1100 1143 Patet
1122 1106 1293 1144 secundo
1309 1107 1415 1156 quod
1428 1113 1535 1144 actus
1555 1106 1802 1155 promittendi

190 1155 394 1227 ss'yciffis‘igtgsgrf
468 1183 506 1214 et
526 1176 709 1222 donandi,
731 1177 796 1226 qui
817 1183 904 1213 sunt
920 1189 980 1214 res
1001 1177 1187 1223 distincte,
1202 1178 1414 1215 secundum
1436 1178 1655 1226 apostolum
1674 1177 1802 1215 termi—

189 1232 411 1295 fiigii'egdatissghe
468 1254 610 1284 nantur
636 1254 673 1284 et
697 1247 967 1296 specificantur
988 1248 1036 1284 ab
1065 1248 1130 1285 illo
1151 1248 1256 1297 quod
1280 1248 1511 1296 promittitur
1538 1260 1604 1285 seu
1625 1247 1801 1285 donatur.

189 1290 425 1356 gilgigvgxicimlsed
469 1317 561 1355 Mos
584 1318 741 1367 quidem
774 1317 966 1367 Scripture
997 1325 1053 1355 est
1073 1330 1210 1356 vocare
1240 1319 1496 1356 communiter
1524 1331 1605 1356 rem
1635 1319 1800 1356 racionis
1816 1325 1853 1357 Ῑ5

467 1400 548 1425 non
578 1400 648 1437 per
669 1400 710 1425 se
739 1389 777 1424 in
807 1401 950 1437 genere
972 1388 1128 1426 nomine
1158 1388 1211 1426 rei
1240 1389 1550 1434 transcendente,
1570 1395 1612 1426 ut
1634 1395 1742 1438 patet
1761 1389 1801 1425 in

188 1477 211 1527 ἶ).
230 1468 397 1495 Abraham¹s
467 1459 583 1496 verbo
610 1458 684 1495 Dei
711 1466 748 1496 et
778 1460 835 1496 sui
863 1459 1025 1507 apostoli
1053 1471 1154 1496 nunc
1183 1459 1352 1496 recitato.
1411 1459 1518 1497 Patet
1546 1459 1665 1497 tercio
1695 1460 1801 1509 quod

189 1503 454 1569 υὲξξεῖῑῗῗεὲοὲἒὲᾱ.
469 1541 554 1578 spes
586 1529 744 1566 Abrahe
782 1529 899 1566 habet
931 1530 1079 1566 bonurn
1112 1541 1321 1566 commune
1355 1529 1481 1579 primo
1520 1536 1713 1578 speratum
1742 1529 1800 1567 vel

467 1600 655 1637 creditum
683 1612 753 1648 pro
773 1600 938 1645 obiecto,
960 1606 997 1640 et
1024 1600 1063 1636 in
1088 1599 1153 1637 illo
1182 1600 1327 1637 bonum
1349 1600 1454 1649 quod
1484 1600 1589 1637 Deus
1614 1600 1800 1649 disposuit

467 1670 539 1707 sibi
563 1670 663 1716 dare,
686 1670 725 1707 in
756 1682 834 1719 quo
857 1670 1038 1707 fundatur
1067 1670 1292 1708 secundarie
1317 1671 1375 1708 vel
1399 1671 1683 1708 accidentaliter
1712 1683 1798 1721 spes
1814 1680 1855 1702 20

467 1741 666 1789 prophete.
725 1739 829 1777 Nam
850 1741 1041 1790 quietatus
1064 1739 1082 1759 *
1105 1740 1173 1777 fuit
1194 1741 1232 1777 in
1254 1742 1462 1787 communi,
1485 1741 1574 1791 quia
1594 1742 1695 1779 aliud
1718 1752 1841 1780 nonB

187 1819 262 1846 since
275 1803 405 1845 he'knew
464 1810 597 1847 habuit
617 1811 877 1860 principaliter
902 1811 1087 1849 obiective
1111 1811 1337 1860 specificans
1356 1812 1462 1848 illum
1485 1819 1626 1850 actum.
1684 1811 1799 1849 Unde

187 1860 235 1912 ἓξ
244 1854 371 1919 gig-351¹}
465 1881 627 1918 credidit
647 1887 684 1918 et
715 1893 794 1918 non
815 1882 986 1931 quesivit,
1009 1882 1095 1919 licet
1125 1882 1354 1931 ignoraverit
1375 1894 1449 1931 que
1471 1882 1539 1919 fuit
1560 1882 1623 1919 illa
1643 1882 1799 1920 seminis

188 1921 279 1946 ΝΟΜ
294 1926 408 1948 comm·
465 1951 741 2000 multiplicacio
766 1951 803 1988 in
826 1964 902 2001 qua
927 1958 1005 1989 tam
1033 1952 1160 2001 ampla
1184 1952 1410 1990 benediccio
1431 1952 1677 2001 consequitur
1690 1965 1699 1998 ;
1731 1951 1798 1989 sed

466 2028 593 2059 tantus
617 2022 872 2071 philosophus
899 2029 936 2059 et
963 2022 1152 2071 propheta
1182 2034 1261 2060 non
1288 2022 1418 2060 fuisset
1438 2023 1627 2072 quietatus
1653 2023 1692 2060 in
1717 2035 1796 2072 spe,
1812 2033 1852 2064 25

465 2103 539 2140 que
562 2092 607 2128 sit
627 2092 781 2141 signum
802 2092 1021 2129 humanitus
1041 2093 1273 2130 ordinatum.
1334 2092 1440 2130 Alias
1461 2100 1588 2130 autem
1610 2093 1797 2130 declaravi

465 2161 571 2211 quod
595 2162 633 2198 in
664 2162 801 2199 talibus
821 2163 1096 2200 universalibus
1122 2163 1441 2214 promissionibus
1470 2175 1542 2200 nec
1568 2163 1684 2200 nichil
1709 2175 1799 2212 pro-

465 2232 624 2269 mittitur
637 2245 708 2269 nec
729 2232 854 2270 solum
872 2233 1098 2270 donandum
1119 2233 1359 2270 individuum
1375 2246 1385 2280 3
1414 2233 1481 2271 sed
1502 2233 1626 2282 primo
1645 2239 1681 2271 et
1696 2233 1797 2282 prin-

466 2302 636 2351 cipaliter
669 2303 901 2351 promittitur
932 2315 992 2340 res
1017 2304 1237 2341 communis
1267 2315 1382 2354 super
1405 2316 1482 2353 qua
1515 2303 1693 2341 fundatur
1726 2303 1795 2350 ius,

467 2379 705 2409 crementum
729 2373 941 2419 dstacionis,
968 2373 1136 2410 intencio
1164 2374 1507 2418 commutandum,
1532 2380 1568 2410 et
1597 2373 1658 2410 alii
1688 2380 1795 2411 actus
1809 2388 1850 2418 30

465 2443 697 2489 consimiles,
713 2444 809 2480 sicut
825 2444 1000 2489 sciencie,
1015 2444 1169 2480 virtutes
1183 2443 1359 2489 morales,
1375 2449 1411 2480 et
1427 2444 1539 2481 ceteri
1555 2450 1660 2481 actus
1673 2443 1796 2481 homi-

465 2524 559 2549 num
582 2514 833 2550 terminantur
854 2513 902 2550 ad
923 2513 1156 2558 communia,
1178 2520 1218 2551 ut
1245 2514 1423 2551 materias
1443 2526 1465 2551 a
1486 2514 1625 2564 quibus
1646 2513 1795 2563 specifi-

465 2590 598 2620 cantur
619 2589 656 2621 et
676 2583 819 2620 habent
841 2583 1125 2632 dependencias
1146 2584 1362 2621 obiectivas.

184 2681 206 2703 3-
221 2671 382 2697 Wherethe
520 2653 660 2690 Tercio
680 2654 927 2691 confirmatur
948 2654 1048 2691 idem
1070 2666 1116 2691 ex
1139 2654 1356 2691 testimonio
1378 2654 1582 2704 Scripture,
1605 2666 1691 2704 que,
1712 2654 1794 2691 ubi-

183 2705 439 2771 ξὲιὶῗῖιῖἶῗθέριῗςῑῗὲ,
464 2736 628 2773 cumque
645 2723 812 2772 loquitur
827 2724 873 2761 de
895 2736 1034 2772 genere
1056 2724 1111 2761 vel
1128 2724 1265 2772 specie,
1287 2725 1462 2773 intelligit
1483 2737 1561 2761 non
1583 2730 1792 2773 conceptus
1809 2735 1849 2767 35

962 2819 1000 2840 14.
1022 2809 1077 2838 Hah
1091 2809 1140 2835 illo
1156 2809 1176 2834 B
1192 2808 1205 2835 f.
1226 2818 1272 2842 239
1282 2816 1306 2835 C.
