2008 3305
180 182 261 221 242
857 179 921 209 DE
952 177 1168 210 DOMINIO
1200 177 1375 209 DiVlNo
1614 167 1721 225 [CAP.
1738 180 1777 210 v.

458 294 565 343 ponit
586 292 818 342 completam
840 293 1114 330 sufficienciam
1139 292 1188 330 ad
1209 292 1460 339 merendum;
1491 304 1571 330 non
1591 292 1697 342 quod
1716 304 1784 341 per
1798 298 1894 341 [8413

457 376 497 401 se
526 364 648 413 possit
678 376 790 412 agere
820 363 972 401 actione
1001 363 1156 412 propria
1185 375 1262 412 qua
1292 375 1371 400 non
1402 363 1665 400 communicet
1695 375 1785 400 cum

457 435 638 477 subiecto,
662 434 728 471 sed
749 434 837 482 quia
865 433 1080 471 subiectum
1110 434 1191 482 ipsa
1220 433 1333 470 utitur
1353 439 1551 482 tamquam
1576 433 1681 471 dono
1711 433 1785 471 Dei

455 510 493 541 et
513 504 773 552 disposicione
794 503 1057 541 efficacissima
1084 503 1133 539 ad
1162 503 1401 540 merendum.
1458 502 1573 540 Unde
1600 503 1701 539 idem
1728 509 1786 540 est

455 575 625 622 graciam
648 574 700 611 sic
720 573 844 611 facere
866 580 903 610 et
924 573 1149 618 subiectum,
1172 573 1210 609 in
1232 579 1419 622 quantum
1439 579 1590 621 gratum
1610 573 1707 618 Deo,
1729 573 1812 614 sic5

456 644 606 690 facere;
638 644 743 693 quod
774 644 805 682 si
835 649 935 681 esset
965 643 1139 681 essencia
1162 655 1230 692 per
1259 655 1299 680 se
1328 643 1521 692 possibilis
1545 643 1701 681 haberet
1727 643 1784 680 in-

455 714 569 751 dubie
607 715 806 763 propriam
845 714 1049 759 actionem,
1083 726 1155 751 nec
1194 713 1314 751 homo
1348 725 1394 750 ex
1429 713 1493 751 illa
1518 713 1671 751 actione
1704 719 1785 751 tam

454 785 626 822 extranei
657 785 819 834 hospitis
851 785 986 834 pocius
1017 790 1226 821 mereretur
1258 796 1374 833 quam
1405 783 1436 821 si
1465 784 1592 821 bonus
1623 784 1785 833 angelus

455 855 723 893 concomitans
740 855 821 892 sine
842 855 1096 904 apposicione
1117 854 1250 891 virium
1269 854 1440 891 hominis
1456 860 1644 902 operetur.
1685 853 1784 892 Gra-

455 925 514 962 cia
541 925 668 974 itaque
696 924 865 962 increata
893 925 1211 973 principalissime
1237 924 1324 962 facit
1354 930 1493 970 actum,
1524 924 1620 961 sicut
1648 930 1784 961 natura
1798 937 1838 960 10

456 1001 584 1032 creata
604 995 815 1032 secundum
830 995 1112 1032 redundantem
1126 995 1297 1043 graciam
1313 1001 1482 1032 creatam
1498 1000 1663 1032 meretur
1677 995 1785 1044 prin-

455 1064 613 1115 cipalius
633 1077 750 1114 quam
771 1065 987 1103 secundum
1007 1065 1304 1114 disposicionem
1324 1065 1439 1102 aliam
1459 1065 1686 1102 naturalem.

177 1145 381 1184 ssrhugSAEaul
510 1135 560 1172 Et
590 1136 643 1173 sic
674 1135 943 1184 intelligendus
964 1142 1021 1173 est
1044 1135 1254 1184 apostolus,
1278 1148 1297 1171 2
1321 1134 1410 1172 Cor.
1432 1135 1480 1172 iii.
1504 1147 1538 1181 4,
1563 1144 1597 1182 5,
1622 1133 1640 1155 *
1662 1134 1785 1171 Fz'du-
1817 1142 1845 1172 c

177 1180 286 1212 lmphes
456 1206 552 1243 ciam
582 1210 700 1242 aulem
728 1207 836 1242 talem
865 1206 1036 1242 habemus
1056 1212 1128 1254 per
1151 1204 1345 1242 Christum
1374 1206 1428 1242 ad
1442 1205 1564 1242 Deum
1593 1206 1692 1254 quod
1715 1217 1787 1242 non

455 1275 670 1325 sufficientes
690 1288 817 1312 sumus
843 1277 1005 1324 cogitare
1030 1276 1180 1324 aliquid
1204 1288 1227 1311 a
1257 1275 1358 1312 nobis
1386 1276 1499 1323 quasi
1522 1288 1572 1313 ex
1592 1275 1705 1320 nobis,
1726 1275 1791 1312 sed
1798 1282 1837 1315 15

455 1346 678 1395 sufficz'encz'a
707 1349 835 1382 nostra
855 1359 905 1383 ex
925 1345 1004 1382 Deo
1024 1350 1084 1382 est.
1140 1345 1243 1383 Ecce
1272 1345 1397 1395 primo
1427 1345 1625 1394 apostolus
1654 1345 1787 1382 dicens

455 1416 560 1465 quod
595 1428 675 1453 non
710 1422 798 1464 eget
834 1416 1128 1454 adulacionibus
1166 1416 1473 1453 commendaticiis
1507 1415 1710 1453 confitetur
1748 1427 1788 1452 se

455 1486 597 1523 habere
618 1497 729 1534 spem
750 1485 799 1523 ad
818 1486 1008 1535 premium
1038 1498 1108 1535 pro
1135 1486 1277 1531 labore,
1300 1485 1370 1523 sed
1399 1497 1480 1522 non
1509 1486 1581 1523 nisi
1611 1498 1679 1534 per
1707 1498 1789 1523 me·

455 1556 673 1593 diacionem
703 1556 851 1593 domini
881 1555 970 1593 Iesu
999 1555 1164 1593 Christi:
1203 1555 1418 1601 Fiduciam,
1448 1555 1582 1605 inquit,
1614 1555 1785 1592 habemus

444 1633 517 1674 per
553 1625 746 1664 Chrz'slum
781 1627 835 1663 ad
867 1625 1001 1663 Deum.
1058 1626 1109 1662 Et
1143 1626 1233 1675 quia
1265 1631 1396 1674 posset
1428 1625 1532 1662 credi
1565 1625 1784 1674 apostolum
1799 1641 1840 1663 20

455 1696 654 1733 intendere
683 1696 789 1745 quod
817 1702 984 1733 meretur
1003 1707 1025 1732 a
1046 1696 1131 1734 Deo
1152 1695 1294 1745 aliquid
1315 1695 1362 1732 de
1383 1695 1590 1744 condigno,
1614 1701 1786 1733 removet

457 1766 549 1804 illud
582 1767 768 1804 subtiliter
797 1766 966 1804 adiciens
995 1766 1101 1815 quod
1130 1779 1201 1803 non
1229 1779 1356 1803 sumus
1384 1766 1596 1815 sufficientes
1625 1767 1786 1814 cogitare

177 1843 194 1870 i.
207 1844 268 1869 that
282 1852 323 1869 we
336 1851 388 1869 can
455 1837 604 1885 aliquid
632 1850 655 1873 a
689 1837 790 1874 nobis
818 1838 932 1885 quasi
957 1850 1007 1874 ex
1037 1836 1150 1882 noszv‚
1180 1837 1244 1873 sed
1271 1849 1322 1873 ex
1351 1835 1442 1874 Deo.
1498 1836 1545 1873 In
1574 1847 1653 1885 quo
1684 1836 1786 1875 dicto

178 1877 259 1903 think
271 1876 411 1908 anything

177 1909 417 1969 ssss‘ssbssieff'ssssinss’
456 1908 600 1944 videtur
637 1907 753 1944 michi
792 1906 898 1956 quod
938 1906 1136 1955 apostolus
1174 1918 1282 1944 more
1321 1917 1390 1943 suo
1429 1906 1620 1956 profunde
1659 1907 1784 1956 primo

178 1977 246 2036 Wfiff
260 1977 306 2002 the
315 1975 444 2034 Gapacssty
457 1978 579 2015 innuit
607 1989 680 2015 nos
710 1989 825 2026 posse
856 1977 1024 2026 cogitare
1045 1977 1188 2026 aliquid
1209 1989 1231 2014 a
1251 1977 1375 2024 nobis,
1396 1984 1433 2014 et
1453 1990 1521 2026 per
1541 1989 1783 2026 consequens
1799 1983 1838 2016 25

178 2019 195 2036 0
240 2018 367 2042 eSel‘Vlng
381 2018 396 2035 0

179 2042 347 2076 ‘³0¹¹gfflity)’
457 2049 623 2086 salvatur
651 2048 764 2085 nobis
794 2048 955 2085 liberum
984 2048 1181 2085 arbitrium
1211 2059 1299 2084 cum
1328 2048 1507 2096 potencia
1536 2047 1709 2085 merendi
1736 2048 1785 2085 de

179 2126 422 2191 Lfflisffihatss
457 2131 657 2167 congruo:
688 2118 873 2164 secundo,
902 2130 970 2166 per
999 2117 1072 2155 hoc
1102 2118 1206 2167 quod
1236 2124 1352 2167 negat
1381 2130 1453 2155 nos
1482 2130 1596 2167 posse
1625 2119 1786 2167 cogitare

179 2194 393 2259 ἔὲἑξὲἒζῃξζῆεε
457 2190 605 2237 aliquid
620 2202 669 2227 ex
690 2189 802 2234 nobis,
824 2188 988 2237 explicat
1008 2188 1114 2237 quod
1143 2200 1224 2225 non
1252 2200 1459 2237 possumus
1485 2188 1621 2225 mereri
1642 2187 1786 2237 aliquid

218 2303 236 2328 d
459 2260 540 2296 sine
561 2259 790 2308 precedente
811 2259 951 2308 gracia,
974 2264 1010 2295 et
1031 2259 1082 2295 sic
1112 2258 1229 2295 nichil
1259 2258 1477 2307 simpliciter
1497 2258 1544 2295 de
1566 2258 1783 2307 condigno:

180 2312 214 2328 an

180 2336 218 2395 ἓξ.
231 2336 347 2395 ἑξῗὲίνέε
360 2344 412 2394 {⁵}ss
460 2329 588 2374 tercio,
619 2328 777 2378 quando
808 2329 899 2365 dicit
931 2328 1151 2378 sufficz'encz'a
1181 2332 1320 2375 nostra,
1353 2334 1390 2365 et
1420 2328 1472 2365 sic
1502 2328 1707 2377 cogitandi,
1735 2340 1786 2365 ex
1801 2334 1842 2365 30

180 2408 244 2435 cept
256 2411 293 2429 ex
306 2378 381 2429 Dffzo:
459 2399 540 2437 Deo
559 2403 619 2445 est,
636 2406 809 2448 patenter
824 2399 945 2436 innuit
966 2399 1072 2448 quod
1089 2398 1193 2435 nulla
1214 2404 1387 2435 creatura
1406 2404 1533 2447 potest
1553 2398 1694 2448 aliquid
1714 2398 1786 2435 nisi

414 2486 441 2502 α.
460 2469 553 2507 illud
587 2470 798 2519 specialiter
831 2470 877 2507 sit
911 2482 958 2507 ex
993 2469 1092 2506 Deo.
1149 2468 1198 2505 Et
1232 2468 1373 2506 tollitur
1410 2480 1515 2506 error
1552 2468 1785 2517 negancium

480 2609 516 2631 14.
538 2599 625 2625 deum
640 2600 662 2625 B
673 2599 711 2626 C:
731 2600 884 2625 dominum
898 2600 931 2626 A.
975 2601 983 2628 ΙΙ
997 2607 1052 2624 non
1067 2598 1089 2624 B
1103 2598 1120 2624 f.
1137 2607 1184 2631 249
1196 2607 1221 2624 D.
1317 2606 1354 2629 15.
1376 2598 1503 2630 cogitare
1516 2598 1540 2623 A
1550 2597 1601 2622 132:
1621 2606 1673 2624 orn.
1691 2596 1724 2623 B¹
1733 2596 1765 2623 C.

463 2643 501 2659 20.
523 2633 608 2659 deum
623 2633 693 2660 BC:
714 2633 866 2659 dominum
878 2633 910 2659 A.
1268 2640 1306 2664 30.
1327 2634 1355 2658 et
1366 2632 1423 2658 sic:
1442 2631 1521 2658 codd.
1537 2633 1586 2657 etc.

961 2758 1009 2792 17.
1037 2760 1051 2781 2
1071 2751 1146 2782 Cor.
1167 2750 1212 2782 iii.
1234 2759 1260 2782 Ι.
