2008 3305
146 180 228 230 248

160 1870 184 1893 4.
207 1859 306 1893 Ostha
317 1858 394 1885 indi-

160 1895 317 1920 viduation
329 1892 367 1926 qf

157 1936 256 1962 grace.

825 182 890 214 DE
923 180 1141 213 DOMrNro
1174 179 1352 211 DIVINO
1582 165 1687 225 [CAP.
1706 180 1744 209 v.

423 299 473 337 Et
493 311 580 338 curn
602 297 749 335 nullum
768 297 927 335 istorum
946 296 1059 333 trium
1080 301 1205 345 potest
1224 305 1318 339 esse,
1341 293 1371 330 si
1395 304 1475 330 non
1496 292 1543 330 sit
1562 292 1748 341 reliquum
1766 295 1862 338 [860

425 378 462 409 et
492 370 564 407 nisi
601 368 775 406 habuerit
806 367 1014 405 increatam
1052 365 1220 414 graciam
1260 363 1498 409 correlatam,
1532 368 1635 412 patet
1673 369 1753 399 tota

425 439 635 480 conclusio.
693 438 803 476 Idem
824 449 915 486 ergo
940 442 997 474 est
1024 447 1168 486 ponere
1193 434 1298 484 quod
1318 446 1394 471 una
1420 434 1578 471 istarum
1598 434 1644 471 sit
1664 445 1752 470 cum

426 511 499 550 hoc
520 510 627 561 quod
653 522 733 547 non
754 509 799 546 sit
819 508 975 556 reliqua,
998 518 1043 544 ac
1073 506 1103 543 si
1132 511 1338 555 poneretur
1366 504 1471 554 quod
1491 516 1568 541 una
1588 515 1756 553 persona

426 583 553 620 divina
586 581 633 619 sit
668 580 749 617 sine
783 578 937 628 reliqua.
995 576 1105 614 Licet
1139 576 1241 613 enim
1277 575 1443 625 quelibet
1476 575 1634 612 istarum
1668 584 1785 623 gra—5

427 653 570 691 ciarum
595 657 811 690 creatarum
838 648 1059 685 infundatur
1079 659 1102 685 a
1125 646 1293 696 qualibet
1319 657 1486 695 persona
1506 645 1642 690 divina,
1665 656 1755 682 cum

429 723 598 773 quadarn
630 721 864 771 proprietate
902 717 1095 769 personali
1126 716 1418 767 appropriantur
1449 715 1661 753 secundum
1695 727 1756 752 or-

429 794 558 831 dinem
587 792 705 830 tribus
734 790 909 840 personis
938 801 1012 839 que
1041 788 1123 826 illas
1151 787 1301 837 gracias
1330 787 1499 825 ordinate
1529 785 1756 835 respiciunt:

429 870 470 901 ut
490 862 618 913 gracia
637 862 773 912 prima,
790 873 838 898 ex
859 871 935 909 qua
956 859 997 896 fit
1017 872 1064 896 ex
1087 864 1288 908 peccatore
1309 858 1440 904 iustus,
1459 856 1757 905 correspondeat

431 935 518 972 Deo
548 933 663 979 Patri,
692 945 743 970 ex
772 929 1016 982 quosomnz'aJ
1057 928 1227 967 secunda
1255 928 1394 977 gracia,
1423 940 1490 977 per
1520 939 1635 976 quarn
1665 938 1757 964 con·
1776 938 1814 960 10

431 1017 562 1043 versus
582 1004 622 1041 fit
641 1002 848 1041 formaliter
869 1001 956 1039 Deo
975 1006 1115 1050 gratus,
1137 998 1436 1048 correspondeat
1451 997 1558 1043 Filio,
1572 1004 1642 1046 per
1656 1010 1759 1046 quem

432 1077 567 1120 omnia,
601 1073 657 1126 (ut
689 1073 856 1123 loquitur
889 1071 1098 1121 apostolus,
1135 1083 1150 1106 1
1185 1069 1274 1107 Cor.
1303 1069 1375 1106 viii.
1403 1069 1437 1114 6,
1467 1075 1504 1106 et
1532 1068 1616 1105 Ioh.
1644 1068 1667 1105 i.
1701 1076 1759 1115 17,

437 1146 582 1184 Gracia
601 1150 635 1182 et
652 1146 791 1182 veritas
801 1151 874 1193 per
888 1142 1010 1179 Iesum
1034 1140 1225 1179 Christum
1231 1140 1345 1190 facta
1364 1138 1456 1190 est),·
1486 1139 1614 1189 gracia
1634 1145 1763 1176 autem

431 1215 732 1266 perseverancie,
758 1213 896 1251 saltem
926 1211 1110 1262 quamdiu
1139 1212 1260 1248 viator
1284 1210 1334 1248 ad
1352 1211 1499 1247 bonurn
1520 1209 1761 1255 convertitur,

432 1286 709 1336 correspondet
731 1283 749 1303 *
774 1284 927 1333 Spiritui
958 1288 1104 1320 sancto.
1160 1281 1276 1319 Unde
1304 1286 1509 1331 peccatum
1539 1280 1662 1317 finalis
1691 1280 1809 1316 im-D

433 1357 649 1408 penitencie
665 1362 820 1394 vocatur
834 1358 1021 1404 peccatum
1037 1355 1076 1391 in
1093 1352 1277 1403 Spiritum
1297 1357 1463 1389 sanctum
1482 1350 1592 1402 (Mat.
1606 1351 1669 1388 xii.
1684 1348 1763 1402 32),

437 1435 474 1466 et
493 1440 561 1477 per
581 1427 684 1465 idern
704 1425 918 1464 voluntaria
942 1425 983 1462 in
1011 1425 1117 1462 bono
1145 1424 1436 1474 perseverancia
1456 1428 1589 1460 sancto
1612 1422 1767 1472 Spiritui

437 1497 727 1548 correspondet.
783 1496 835 1533 Et
858 1501 962 1545 patet
982 1495 1087 1545 quod
1116 1494 1319 1544 utrobique
1346 1494 1515 1532 increata
1534 1494 1664 1544 gracia
1682 1506 1766 1543 pre-

440 1569 540 1608 cedit
573 1568 717 1606 nedum
751 1566 1011 1616 temporaliter
1045 1565 1113 1603 sed
1152 1566 1351 1604 causaliter
1389 1572 1557 1603 creatam
1595 1565 1767 1615 graciam

440 1639 679 1678 correlatam.
735 1638 833 1675 Ideo
852 1637 1031 1674 nimirum
1051 1642 1109 1674 est
1128 1637 1259 1685 gracia
1279 1636 1353 1674 Dei
1382 1636 1422 1673 in
1447 1635 1639 1685 Scriptura
1660 1647 1765 1673 sacra
1781 1651 1821 1673 20

438 1717 517 1748 tam
538 1711 675 1748 crebro
695 1715 732 1747 et
753 1708 966 1758 specialiter
985 1708 1034 1745 ab
1053 1707 1231 1756 apostolo
1252 1706 1535 1744 commendata.
1593 1706 1644 1743 Et
1663 1712 1768 1755 patet

439 1781 546 1831 quod
567 1787 740 1818 creatura
759 1792 838 1817 non
859 1784 987 1828 potest
1007 1791 1029 1816 a
1048 1778 1135 1815 Deo
1155 1778 1291 1815 mereri
1312 1777 1454 1826 aliquid
1469 1777 1540 1814 nisi
1561 1776 1608 1814 de
1628 1776 1766 1826 gracia.

496 1851 556 1889 De
576 1850 885 1888 individuacione
906 1856 944 1887 et
963 1849 1235 1899 permanencia
1254 1854 1379 1886 create
1406 1847 1544 1897 gracie,
1568 1846 1769 1897 quomodo

439 1928 566 1973 potest
594 1934 750 1959 manere
780 1921 916 1958 eadem
945 1932 1050 1957 nunc
1080 1919 1264 1957 intensior
1291 1926 1328 1956 et
1356 1931 1459 1956 nunc
1489 1917 1692 1963 remissior,
1711 1916 1770 1954 vel

442 2007 491 2031 an
530 1992 660 2030 redeat
698 1991 835 2030 eadem
873 1992 912 2028 in
950 2002 1113 2028 numero
1156 2002 1188 2036 1,
1224 2002 1269 2027 ac
1306 1996 1434 2026 utrum
1481 1988 1683 2026 necessitat
1721 1986 1770 2024 ad
1785 1996 1824 2029 25

443 2063 673 2101 merendum
698 2075 731 2108 1,
752 2068 788 2100 et
816 2068 942 2099 utrum
970 2061 1090 2098 homo
1119 2060 1247 2109 coagit
1267 2072 1356 2098 cum
1376 2059 1462 2097 Deo
1482 2058 1532 2096 ad
1560 2057 1771 2096 secundam

443 2135 613 2184 graciam
647 2133 919 2179 inducendam,
953 2139 989 2170 et
1029 2131 1229 2182 quomodo
1267 2131 1394 2180 gracie
1434 2129 1609 2179 specifice
1641 2128 1772 2166 distin-

444 2211 612 2255 guuntur
632 2204 690 2256 (ut
719 2204 848 2253 gracia
876 2203 1029 2241 unionis
1058 2214 1138 2240 non
1164 2201 1280 2239 habet
1309 2201 1422 2238 aliam
1452 2200 1524 2238 sibi
1552 2195 1714 2249 parem),
1737 2203 1775 2235 et

447 2276 501 2314 sic
523 2275 569 2313 de
590 2275 725 2312 ceteris
746 2274 871 2311 dubiis
892 2286 967 2323 que
994 2285 1097 2310 nunc
1125 2278 1300 2318 currunt3
1340 2277 1445 2320 patet
1471 2283 1519 2307 ex
1547 2282 1637 2319 sepe
1663 2268 1774 2307 dictis

447 2352 541 2397 quot
560 2352 648 2383 sunt
669 2345 808 2395 gradus
828 2343 1143 2382 individuacionis
1163 2344 1202 2380 in
1229 2342 1379 2392 gracia:
1411 2347 1451 2378 ut
1472 2341 1545 2378 alia
1564 2340 1718 2389 requirit
1738 2346 1774 2377 et
1789 2354 1830 2385 30

448 2418 662 2466 completur
692 2417 828 2454 eadem
858 2416 896 2452 in
921 2426 1081 2452 numero
1112 2426 1178 2463 per
1208 2413 1422 2450 subiectum
1452 2411 1620 2449 efficiens
1649 2416 1686 2448 et
1705 2411 1776 2448 ob-

448 2489 600 2534 iectum,
620 2495 657 2525 et
678 2493 803 2525 cetera
822 2493 947 2536 potest
968 2485 1104 2524 eadem
1129 2485 1259 2534 gracia
1283 2484 1322 2520 in
1343 2495 1503 2520 numero
1525 2481 1775 2531 augmentari,

449 2559 582 2604 minui,
614 2564 650 2596 et
685 2558 828 2604 redire;
864 2564 901 2594 et
934 2555 1318 2606 proporcionabiliter
1357 2554 1493 2591 dicitur
1527 2553 1574 2589 de
1605 2558 1778 2601 peccato.

450 2630 536 2667 Alia
569 2636 697 2667 autern
733 2628 960 2678 singularius
993 2626 1248 2664 individuatur
1278 2637 1365 2662 cum
1401 2624 1519 2661 tribus
1548 2622 1727 2671 predictis
1756 2633 1779 2659 a

486 2757 509 2782 6.
530 2757 700 2781 creatarum
714 2754 739 2780 A
750 2753 789 2780 C:
810 2756 1019 2779 creaturarum
1034 2752 1065 2778 B.
1146 2761 1184 2784 27.
1205 2751 1436 2782 distinguuntur
1449 2749 1470 2774 B
1483 2748 1520 2774 C:
1541 2747 1736 2780 distingwtur
1744 2745 1778 2772 A.

617 2798 655 2821 31.
674 2788 797 2820 efficiens
822 2787 843 2813 Β
855 2787 893 2813 C:
914 2786 1056 2819 sufficiens
1069 2785 1101 2811 A.
1242 2793 1282 2816 32.
1297 2784 1405 2817 gracia
1419 2782 1490 2809 BC:
1511 2790 1564 2808 om.
1580 2781 1614 2806 A.
