2095 3278
40 217 127 247 cAP.
150 202 212 260 x.]
598 213 663 245 DE
695 212 942 246 PAUPERIE
974 211 1287 244 SALVATORIS.
1774 211 1857 256 395

139 325 238 368 29A]
254 337 362 369 nunc,
380 337 455 361 non
474 333 598 361 tamen
616 332 770 370 tantum,
787 326 997 362 necessaria
1014 326 1168 361 fuissent
1191 325 1268 360 sive
1294 324 1396 360 utilia
1421 324 1579 370 positiva
1592 333 1629 383 {a
1630 324 1679 384 ἐξ]
1692 324 1744 390 3¹12
1745 325 1846 390 ggffirg

254 384 420 419 dominia
436 384 485 418 ad
511 384 784 418 cohercendum
809 390 1005 428 peccantes
1022 383 1213 418 venialiter
1237 395 1283 418 ne
1309 383 1362 418 sic
1387 383 1578 428 peccando
1592 391 1734 429 that-tney
1747 391 1795 429 {fid
1808 397 1857 417 not

254 441 382 477 ceteris
416 442 588 476 inferrent
622 441 804 475 iniuriam.
855 441 895 475 Si
922 452 1010 475 vero
1036 453 1080 475 ex
1107 441 1350 485 persistencia
1377 440 1578 485 primorum
1589 430 1714 483 {¹232}ss
1724 425 1857 483 {ffltcon'

253 506 462 534 nostrorum
479 505 674 544 parentum
692 498 728 533 in
746 499 845 533 bono
871 498 921 533 ita
945 498 1100 533 fuissent
1126 510 1255 533 omnes
1281 498 1418 543 posteri
1444 498 1482 532 in
1507 498 1577 533 ius·
1591 491 1828 550 ξὲᾖξθὲζζῃῐὲζξξὲ

221 564 239 595 5
253 556 341 591 ticia
359 557 565 591 confirmati
587 556 640 601 (ut
657 557 777 601 placet
795 554 993 600 aliquibus)
1013 556 1114 600 quod
1132 557 1252 590 nullus
1269 567 1423 600 peccare
1440 555 1578 600 aliqua·
1591 557 1743 585 existence.

253 614 334 649 liter
351 614 541 659 potuisset,
561 614 683 648 adhuc
701 613 833 658 poterit
850 612 916 648 tibi
934 612 1007 647 dici
1022 613 1132 657 quod,
1144 613 1238 648 sicut
1251 619 1402 658 propter
1414 612 1580 648 dominia

253 671 414 716 positiva
439 677 594 716 possunt
622 682 680 706 res
707 671 848 715 aliquas
874 670 912 705 in
937 670 1096 715 presenti
1123 670 1270 715 proprie
1297 671 1498 715 possidere,
1527 671 1579 705 ita

252 735 420 774 protunc,
443 740 509 773 per
533 729 652 773 legem
674 734 804 763 nature
830 739 904 772 qua
929 727 1063 762 iustum
1081 727 1226 762 videtur
1250 734 1289 762 ut
1314 722 1414 773 p'rior
1438 727 1579 772 origine

252 786 383 821 ceteris
401 786 548 831 paribus
566 785 693 830 pocior
708 785 923 820 redderetur
940 785 976 819 in
995 785 1083 828 iure,
1107 791 1305 830 potuerunt
1332 785 1400 820 sibi
1423 791 1517 820 terre
1534 796 1579 820 ac

207 848 373 879 Brerum
406 843 597 878 mobilium
632 854 813 887 congruas
844 842 863 863 *
891 843 1088 888 particulas
1117 843 1306 888 propriare
1335 843 1415 877 sine
1447 842 1578 877 iniuria

251 901 408 936 aliorum
428 900 542 946 (unde
561 902 673 935 Iacob
693 912 758 935 suo
777 901 852 935 filio
875 900 1120 945 primogenito
1139 901 1190 935 ita
1207 900 1295 936 dicit
1312 912 1319 936 :
1338 900 1478 943 Ruben,
1489 901 1577 945 pri-

252 959 460 1003 mogenitus
487 969 601 1002 meus,
628 962 670 992 tu
689 958 880 1003 fortitudo
905 970 986 993 mea
1011 962 1047 993 et
1063 959 1302 1003 principium
1326 958 1467 992 doloris
1492 959 1577 1001 mei,

243 1018 359 1062 prior
381 1017 422 1050 in
447 1016 564 1059 donis,
582 1017 707 1050 maior
721 1017 763 1050 z'n
788 1017 955 1060 imperio,
984 1017 1077 1051 Gen.
1093 1015 1176 1050 xlix.
1196 1015 1230 1059 3)
1249 1028 1257 1059 ;
1286 1015 1380 1050 sicut
1397 1015 1574 1050 laboricio

251 1079 315 1108 aut
331 1073 511 1108 industria
527 1080 708 1118 poterant,
728 1080 767 1108 ut
784 1073 939 1116 videtur,
957 1085 1016 1109 res
1039 1074 1192 1118 aliquas,
1211 1073 1436 1108 sufficiencia
1453 1072 1576 1118 quoad

199 1138 237 1171 15
251 1142 379 1166 omnes
397 1132 487 1166 alios
505 1137 731 1173 remanente,
750 1131 819 1166 sibi
838 1137 874 1166 et
899 1143 964 1166 suo
987 1131 1067 1166 usui
1092 1131 1168 1166 iure
1191 1131 1340 1176 proprio
1362 1130 1577 1175 simpliciter

250 1189 451 1234 propriare.
501 1190 589 1224 Non
606 1195 661 1224 est
680 1189 789 1233 igitur
805 1189 904 1224 racio
923 1189 983 1223 illa
997 1190 1103 1223 firma
1122 1190 1167 1224 de
1184 1188 1417 1234 possessione
1436 1188 1574 1232 simpli-

251 1247 342 1282 citer
365 1247 521 1291 propria
542 1247 595 1290 (ut
617 1246 776 1290 videtur)
797 1247 896 1291 quod
913 1246 1037 1281 Adam
1062 1247 1195 1281 nullius
1220 1246 1272 1281 rei
1297 1246 1574 1291 possessionem

29 1309 98 1347 pot.
115 1315 182 1337 om.
199 1312 229 1337 B.
252 1304 466 1349 simpliciter
494 1304 680 1350 propriam
707 1310 850 1349 poterat
883 1305 1061 1339 innocens
1090 1304 1271 1349 optinere‚·
1298 1304 1474 1349 quoniam
1500 1315 1576 1338 non

250 1374 316 1407 per
332 1363 404 1397 hoc
423 1362 476 1406 (ut
493 1362 674 1407 premissa
690 1362 927 1407 pretendunt)
947 1362 1104 1406 posteris
1122 1361 1305 1397 intulisset
1322 1362 1494 1396 iniuriam
1512 1367 1574 1396 aut

197 1431 238 1453 20
251 1421 376 1465 uxori;
404 1421 489 1455 licet
516 1426 644 1455 nostra
669 1419 770 1454 racio
794 1420 911 1454 fuerat
939 1419 1030 1454 satis
1059 1419 1164 1454 firma
1191 1420 1290 1464 quod
1316 1431 1391 1454 non
1420 1425 1577 1464 poterat,

251 1490 335 1514 cum
354 1479 452 1513 solus
469 1485 547 1514 erat
563 1484 626 1513 aut
642 1484 783 1523 postea,
800 1477 1018 1512 Paradisum
1031 1488 1114 1512 curn
1129 1477 1204 1512 suis
1219 1477 1412 1521 contentis,
1428 1477 1578 1520 scilicet,

252 1536 469 1581 simpliciter
496 1535 641 1581 proprie
660 1535 861 1580 possidere,
883 1534 1057 1579 quoniam
1078 1535 1127 1569 ad
1150 1535 1219 1569 hoc
1242 1536 1344 1569 nulla
1368 1536 1426 1570 lex
1448 1540 1579 1570 nature

250 1593 392 1637 fuisset,
410 1593 504 1628 sicut
524 1593 573 1628 ad
593 1593 814 1628 eleccionem
838 1592 1014 1637 particule
1040 1592 1108 1627 sibi
1132 1593 1333 1627 accomode
1359 1591 1474 1637 (iuxta
1497 1604 1576 1637 pre-

251 1650 380 1696 missa)
407 1652 465 1686 lex
488 1657 619 1685 nature
644 1650 836 1695 multiplex
856 1649 964 1695 (sicut
982 1648 1244 1695 expressimus)
1265 1649 1347 1693 sibi,
1365 1648 1577 1695 ut1videtur,

198 1712 236 1744 25
250 1715 394 1754 poterat
417 1708 619 1753 suffragari.
670 1707 754 1742 Nisi
782 1707 893 1752 igitur
921 1707 1022 1741 aliud
1053 1707 1268 1751 refragabile
1294 1713 1446 1742 econtra
1470 1719 1576 1752 repe-

250 1766 353 1809 reris,
382 1773 418 1801 et
447 1777 532 1801 cum
559 1767 658 1801 solus
685 1766 801 1800 fuerat
826 1771 862 1800 et
888 1776 973 1799 cum
996 1776 1107 1799 uxore
1131 1771 1167 1799 et
1193 1756 1312 1799 eciam
1337 1764 1576 1809 postmodum

251 1823 510 1858 innocentibus
535 1823 659 1858 liberis
686 1823 897 1868 procreatis,
925 1821 1043 1867 potuit
1068 1822 1192 1856 Adam
1216 1833 1275 1856 res
1293 1822 1449 1857 mobiles
1466 1828 1576 1867 atque

251 1881 456 1917 immobiles
474 1881 543 1916 sibi
562 1880 775 1916 accomodis
794 1879 1008 1925 simpliciter
1028 1880 1174 1925 proprie
1194 1879 1394 1925 possidere.

301 1998 530 2032 IOHANNES.
558 1997 652 2031 Cum
671 1996 770 2030 solus
789 2000 879 2038 erat,
897 1994 1042 2029 videtur
1058 1994 1170 2030 michi
1187 2006 1273 2030 eum
1289 1994 1390 2030 licite
1405 1994 1458 2029 sic
1471 2005 1578 2039 agere
1591 2003 1634 2036 Χ,

199 2065 241 2096 3ο
253 2055 430 2100 potuisse,
449 2055 598 2097 scilicet,
623 2054 747 2099 aliqua
772 2052 920 2098 proprio
945 2053 1137 2097 possidere
1155 2066 1164 2096 3
1191 2060 1247 2088 set
1272 2064 1357 2088 cum
1382 2064 1494 2088 uxore
1515 2064 1577 2088 ne·
1592 2057 1712 2084 Neither
1724 2057 1817 2083 Adam

253 2124 450 2158 quaquam,
468 2112 643 2157 quoniam
662 2111 741 2156 ipse
758 2122 870 2146 uxore
888 2111 957 2145 sibi
975 2117 1098 2146 creata
1117 2111 1324 2155 predixerat
1351 2111 1388 2145 in
1407 2121 1538 2155 sopore
1556 2122 1579 2144 a
1591 2092 1857 2156 ssgssvffrvteacrfflffing

254 2171 337 2205 Deo
356 2171 508 2205 edoctus
527 2170 626 2214 quod
644 2169 718 2203 duo
744 2168 781 2202 in
807 2180 917 2203 carne
943 2179 1018 2203 una
1044 2180 1125 2203 esse
1151 2168 1352 2204 deberent:
1380 2174 1416 2203 et
1439 2169 1487 2202 ob
1505 2168 1577 2202 hoc
1588 2159 1751 2218 ξξῇζξάἰὲο
1765 2158 1842 2183 them

253 2239 338 2262 cum
360 2239 470 2262 uxore
497 2227 532 2261 in
564 2232 662 2261 statu
689 2226 905 2260 innocencie
931 2232 968 2260 et
998 2232 1081 2270 post
1106 2226 1252 2271 lapsum
1279 2225 1577 2260 communionem
1590 2225 1820 2284 commclmintoa

252 2285 433 2319 bonorum
451 2283 617 2319 omnium
636 2289 671 2318 et
698 2283 779 2327 ipsa
804 2294 888 2317 curn
913 2294 957 2318 eo
983 2294 1129 2318 servare
1155 2284 1354 2326 debebant,
1372 2283 1484 2318 veluti
1502 2293 1578 2317 una
1590 2267 1771 2319 {ggseigzpos-

200 2349 240 2382 35
254 2353 350 2385 caro,
369 2353 435 2387 per
450 2340 661 2376 huiusmodi
680 2340 910 2375 individuam
927 2341 1118 2375 unitatem.

300 2401 529 2434 RICARDUS.
569 2398 785 2433 Sentencias
815 2397 1019 2432 contrarias
1053 2398 1090 2432 in
1122 2398 1194 2432 hoc
1229 2396 1329 2432 dicto
1363 2397 1577 2441 convolvis;

254 2457 430 2502 quoniam
455 2456 485 2491 si
512 2456 612 2491 solus
637 2455 800 2490 existens
825 2462 969 2500 poterat
998 2455 1120 2500 aliqua
1143 2455 1356 2499 simpliciter
1378 2454 1578 2499 propriare,

254 2515 374 2549 eciam
391 2525 502 2548 uxore
518 2514 616 2548 facta
633 2512 752 2558 potuit
770 2512 832 2546 illa
858 2512 1004 2557 proprie
1027 2513 1186 2547 retinere
1206 2524 1213 2547 :
1238 2511 1400 2557 alioquin
1417 2520 1528 2547 antea
1546 2511 1578 2547 ei

39 2577 106 2610 scil.
118 2586 128 2609 .·
140 2576 198 2608 sub
209 2584 241 2607 B.
255 2571 478 2616 simpliciter,
497 2570 646 2613 scilicet,
665 2570 763 2604 facto
781 2576 816 2604 et
835 2569 922 2614 iure,
940 2581 1026 2605 vere
1042 2570 1189 2615 propria
1207 2581 1283 2604 non
1300 2569 1467 2604 fuissent.

199 2635 241 2666 40
303 2631 393 2664 IOH.
421 2630 506 2663 Hoc
522 2639 650 2663 vereor
667 2639 726 2662 me
744 2627 891 2662 dixisse.

302 2688 388 2722 RIC.
416 2687 493 2721 Ista
514 2685 635 2720 unitas
661 2685 792 2730 copule
817 2684 1021 2729 coniugalis
1047 2691 1103 2719 est
1131 2690 1233 2719 tanta
1262 2684 1450 2719 censenda
1479 2684 1578 2729 quod

257 2755 331 2779 non
359 2743 429 2779 nisi
453 2755 497 2778 ex
520 2754 632 2778 causa
657 2742 913 2778 fornicacionis
933 2748 1021 2777 tunc
1042 2742 1135 2777 sicut
1165 2748 1201 2777 et
1231 2753 1330 2776 nunc
1359 2741 1578 2786 (secundum

262 2801 401 2837 dictum
438 2800 637 2838 Salvatoris
671 2800 707 2835 in
740 2800 933 2844 evangelio
965 2801 1057 2835 Mat.
1087 2800 1154 2835 xix.
1184 2798 1219 2845 9)
1251 2799 1428 2845 potuisset
1456 2798 1577 2834 incidi.
