2008 3305
382 517 430 547 13.

380 691 429 723 ¹4·

374 981 423 1013 15.

372 1380 420 1413 16.

370 1621 420 1654 17.

367 2018 416 2049 18.

936 223 1202 256 APPENDIX.

449 325 798 370 consumptibilibus
813 337 888 361 non
914 334 1038 372 potest
1061 340 1148 363 usus
1175 328 1303 363 haberi
1331 340 1353 363 a
1379 328 1545 363 dominio
1573 334 1777 374 separatus,
1799 334 1899 377 [72A

449 382 629 418 dissolvit.

495 441 670 475 Tercium
690 441 877 477 decimum
896 444 1097 488 capitulum
1115 444 1299 479 affirmare
1318 451 1473 479 conatur
1486 445 1587 490 quod
1604 445 1776 480 dominus

452 499 638 534 Iohannes
665 511 735 534 nec
762 501 984 536 contradixit
1011 501 1047 536 in
1072 503 1144 537 hoc
1162 509 1299 547 puncto
1318 502 1470 537 domino
1490 504 1524 537 N
1531 502 1687 547 icholao,
1706 514 1776 538 nec

449 556 499 591 illi
520 558 775 593 contradicere
795 559 1011 595 intendebat
1023 559 1044 595 1.

497 616 678 659 Quartum
713 616 899 651 decimum
933 617 1137 662 capitulum
1168 624 1340 652 octavam
1367 617 1676 662 contrarietatem,
1704 630 1777 664 que

448 672 562 707 oritur
580 685 622 708 ex
640 674 711 708 hoc
730 675 830 720 quod
849 676 1021 711 dominus
1043 678 1077 710 N
1083 677 1249 711 icholaus
1273 677 1433 711 affirmat
1455 677 1586 711 fratres
1610 675 1705 711 iuste
1723 676 1775 711 uti

446 730 558 765 rebus
592 731 748 767 durante
778 733 932 767 licencia
965 734 1205 769 concedentis
1243 735 1386 768 nullum
1420 733 1475 768 ius
1509 734 1704 777 habentes,
1739 740 1775 768 et

445 788 634 823 Iohannes
646 790 804 833 probare
818 797 972 825 conatur
989 792 1025 826 in
1040 792 1163 826 libello
1181 792 1367 837 Quoniam
1386 793 1453 826 vir
1467 791 1568 836 quod
1583 791 1643 836 qui
1662 791 1776 826 utitur

443 845 599 880 licencia
617 847 731 882 habet
749 848 805 882 ius
824 849 951 883 utendi
970 861 1036 893 per
1053 850 1219 884 diversos
1238 849 1391 884 licencie
1409 850 1573 893 effectus,
1591 849 1761 884 absolvit.

492 904 670 948 Quintum
705 904 891 940 decimum
926 907 1126 951 capitulum
1160 906 1253 942 tollit
1286 918 1426 941 nonam
1460 906 1773 950 contrarietatem,

444 972 516 1006 que
546 972 590 995 ex
618 962 690 997 hoc
713 963 860 998 videtur
888 964 986 1008 oriri,
1016 965 1116 1009 quod
1146 965 1319 999 dominus
1352 964 1559 999 Nicholaus
1587 965 1773 999 affirmare

443 1018 590 1054 videtur
622 1020 723 1065 quod
762 1021 935 1056 dominus
971 1022 1173 1067 Gregorius
1206 1034 1305 1067 papa
1339 1023 1374 1056 X
1409 1023 1446 1056 in
1480 1022 1638 1057 concilio
1673 1023 1772 1066 Lug-

442 1077 600 1112 dunensi
633 1079 787 1113 fratrum
820 1079 1006 1114 minorum
1043 1081 1210 1124 regulam
1250 1080 1491 1123 confirmavit,
1526 1086 1562 1114 et
1596 1079 1771 1114 dominus

444 1136 632 1171 Iohannes
662 1137 679 1156 *
712 1137 749 1172 in
784 1138 1054 1173 constitucione
1085 1139 1185 1183 Quia
1217 1139 1456 1183 quorundam
1484 1138 1645 1172 affirmat
1671 1137 1772 1183 quod

441 1194 647 1238 Gregorius
681 1196 716 1230 X
750 1207 820 1230 nec
859 1196 960 1231 illam
998 1198 1167 1241 regulam
1204 1196 1405 1231 declaravit
1444 1207 1514 1231 nec
1547 1195 1667 1231 eciam
1703 1205 1820 1241 ap-13

441 1253 624 1297 probavit.

491 1311 644 1345 Sextum
674 1311 861 1346 decimum
892 1313 1095 1357 capitulum
1129 1313 1315 1347 decimam
1349 1311 1661 1355 contrarietatem,
1696 1322 1770 1357 que

442 1369 540 1403 circa
565 1369 731 1404 libellum
755 1370 1020 1414 magistrorum
1046 1370 1160 1405 oritur
1183 1371 1512 1415 condempnatum,
1533 1369 1621 1415 quia
1638 1369 1770 1404 asserit

440 1427 556 1462 vitam
590 1427 743 1462 fratrum
770 1428 957 1463 minorum
987 1440 1061 1463 non
1095 1440 1178 1463 esse
1208 1428 1475 1473 evangelicam,
1503 1439 1614 1473 quem
1641 1434 1768 1463 tamen

441 1484 613 1519 dominus
635 1486 822 1520 Iohannes
840 1487 1046 1531 approbare
1064 1486 1219 1529 videtur,
1238 1486 1408 1521 absolvit.

488 1543 690 1577 Decimum
725 1543 922 1588 septimum
956 1543 1159 1589 capitulum
1192 1544 1430 1578 undecimam
1458 1541 1768 1587 contrarietatem,

440 1611 512 1646 que
530 1612 574 1635 ex
591 1600 663 1635 hiis
680 1600 826 1636 videtur
843 1613 1074 1646 consurgere,
1093 1602 1193 1647 quod
1218 1601 1389 1636 dominus
1420 1601 1606 1635 Iohannes
1626 1600 1663 1635 in
1682 1612 1767 1635 con-

439 1658 635 1693 stitucione
672 1659 772 1703 Quia
804 1660 1042 1703 quorundam
1070 1660 1228 1693 affirmat
1254 1670 1329 1694 non
1357 1659 1476 1693 solum
1508 1658 1697 1693 Christum
1731 1657 1768 1692 in

439 1716 567 1751 loculis
586 1716 849 1761 proprietatem
868 1717 1055 1759 habuisse,
1075 1723 1130 1751 set
1156 1717 1275 1751 eciam
1301 1717 1401 1762 quod
1427 1716 1600 1750 dominus
1629 1715 1768 1750 Nicho-

438 1775 518 1808 laus
553 1774 643 1809 illud
673 1774 861 1818 intellexit,
892 1786 975 1809 cum
1003 1781 1128 1809 tamen
1159 1774 1332 1809 dominus
1363 1773 1569 1809 Nicholaus
1598 1773 1769 1808 videatur

438 1838 608 1876 patenter
637 1832 863 1866 contrarium
887 1833 1082 1876 affirmare,
1101 1833 1239 1877 pariter
1265 1833 1358 1867 sicut
1384 1831 1538 1867 terciam
1565 1831 1768 1866 contrarie-

439 1896 554 1924 tatem
573 1890 740 1924 absolvit.

488 1947 686 1982 Decimum
713 1953 887 1982 octavum
914 1947 1113 1992 capitulum
1140 1959 1206 1992 per
1229 1949 1379 1983 brevem
1405 1947 1694 1982 meditacionem
1719 1947 1767 1981 de

438 2005 605 2039 dominio
629 2005 755 2039 divino
777 2005 940 2039 annectit
964 2005 1157 2040 materiam
1184 2005 1223 2039 in
1244 2012 1322 2040 toto
1340 2017 1448 2050 opere
1466 2005 1586 2050 primo
1605 2010 1765 2049 pertrac-
1775 2007 1888 2050 prime
1905 2016 1935 2039 B.

436 2070 552 2099 tatam
571 2063 759 2098 succincte
778 2062 1030 2108 perstringens
1049 2069 1084 2098 et
1103 2063 1257 2108 negocio
1278 2063 1387 2098 finem
1406 2063 1612 2107 imponens.

480 2167 490 2185 ¹
517 2175 536 2197 Β
562 2167 620 2198 has
646 2168 717 2198 int?
740 2172 773 2198 at
799 2167 853 2198 the
880 2167 943 2198 end
968 2168 1005 2198 of
1028 2167 1082 2198 the
1113 2167 1189 2207 line,
1214 2168 1269 2200 the
1300 2173 1364 2200 rest
1395 2167 1431 2199 of
1458 2167 1513 2198 the
1545 2166 1636 2198 word
1669 2166 1767 2207 being

436 2211 652 2252 accidentally
670 2216 727 2244 not
743 2211 895 2253 supplied
913 2211 944 2242 in
962 2211 1015 2243 the
1032 2216 1120 2243 next.
