2095 3278
238 175 323 224 460
915 182 1118 214 RICARDI
1149 183 1451 215 ARMACHANI
1866 171 1971 230 [Lm.
1993 185 2047 214 1v.

239 305 281 330 for
294 310 341 330 not
355 303 469 342 making
516 296 634 341 legem
664 297 942 341 transgreditur,
968 303 1030 332 aut
1060 297 1191 332 saltem
1221 308 1260 331 se
1290 297 1361 341 legi
1391 308 1465 331 non
1496 296 1635 332 subicit.
1696 296 1834 332 Debuit
1848 303 1946 343 [44A

239 338 615 403 {fflffissssssslsssssssnqenim
643 354 695 399 (ut
720 354 832 389 michi
859 354 1031 399 videtur),
1058 361 1135 390 tarn
1164 355 1199 389 in
1229 354 1446 389 donacionis
1470 361 1556 389 actu
1581 366 1693 400 quam
1717 355 1836 390 eciam

516 411 552 446 in
590 411 793 456 empcione,
828 412 1058 456 vendicione,
1096 419 1131 447 et
1170 412 1458 457 permutacione,
1491 418 1528 447 et
1570 412 1766 456 locacione,
1799 419 1836 448 et

516 469 569 504 eis
588 469 780 513 similibus,
811 469 848 504 in
878 469 1009 515 quibus
1039 472 1095 505 lex
1124 470 1251 504 statuit
1281 476 1319 504 ut
1345 470 1610 504 tradicionibus
1636 469 1836 515 corporali-

517 528 585 562 bus
611 539 733 562 rerum
759 528 860 571 fiant,
888 528 1077 563 attendere
1103 529 1201 573 quod
1227 528 1501 572 possessionem
1528 527 1737 573 acciperet3
1774 534 1835 562 aut
1851 538 1868 570 5

517 586 609 620 alias
627 598 649 620 a
665 597 704 620 re
723 586 860 620 donata
874 598 937 620 seu
951 592 1157 631 permutata
1173 586 1374 620 secundum
1388 586 1508 630 legem
1525 592 1624 620 esset
1642 587 1810 621 exclusus
1827 597 1835 621 :

517 643 617 688 quod
651 644 737 689 quia
779 643 816 678 in
857 644 988 679 effectu
1030 655 1104 678 non
1146 643 1243 687 fecit,
1277 643 1504 688 necligencie
1545 655 1621 687 sue,
1650 655 1724 678 non
1765 643 1837 688 legi

518 700 623 745 iuste,
654 713 761 735 suum
796 702 1002 746 dampnum
1032 701 1142 736 debet
1171 701 1364 744 ascribere,
1393 708 1456 736 aut
1485 701 1574 736 lucri
1604 701 1836 745 carenciam;

240 787 356 814 Resides
517 759 694 804 quoniam
735 760 940 805 dampnum
981 771 1056 794 non
1102 765 1191 803 puto
1238 759 1439 793 dicendum
1486 771 1611 794 carere
1662 760 1837 795 indebito.

240 832 265 847 2.
285 807 364 846 what'
378 820 505 846 business
521 816 691 850 Preterea
718 815 810 849 miro
837 815 949 849 modo
979 815 1180 849 conturbor
1210 815 1308 859 quod.
1343 814 1479 849 asseris
1517 815 1616 859 quod
1652 815 1709 849 lex
1742 815 1837 857 talis,
1855 830 1894 852 10

240 855 471 921 ξέῐξξξοῗιῃυρῗὴ
517 884 588 918 que
613 872 849 917 prohi*beret
875 872 1063 907 hominem
1084 872 1120 906 in
1147 872 1227 906 foro
1246 872 1478 907 consciencie
1495 873 1544 907 ad
1561 873 1883 908 restitucionemB

240 922 464 987 {fflgffigowffich
517 929 698 975 compelli,
746 930 964 975 impingeret
1014 930 1050 964 in
1099 930 1218 974 legem
1266 930 1390 965 anime
1438 930 1696 974 salvatricem3
1752 942 1840 976 quo-

240 989 504 1054 Zeitffetrhgezfflggrs
517 988 629 1031 niam,
664 987 768 1022 sicud
802 989 859 1022 lex
892 994 954 1023 aut
987 987 1177 1032 legislator
1215 994 1337 1032 potest
1379 987 1472 1022 iuste
1513 987 1702 1033 precipere
1743 989 1842 1033 quod

239 1056 304 1084 bad.
320 1057 374 1081 and
391 1065 438 1081 are
518 1046 755 1088 donaciones,
781 1045 1006 1090 empciones‚
1038 1053 1073 1080 et
1103 1045 1400 1090 permutaciones
1429 1045 1694 1080 tradicionibus
1719 1057 1841 1081 rerum

241 1089 480 1155 ξζξζζὲθοῗῖξξζῖ
518 1105 618 1148 fiant,
649 1103 702 1138 sic
729 1110 849 1148 potest
879 1103 1066 1148 precipere
1096 1110 1222 1138 sancte
1253 1110 1288 1137 et
1321 1103 1426 1146 iuste,
1453 1115 1499 1138 ne
1527 1103 1609 1138 lites
1639 1103 1676 1138 in
1705 1105 1841 1149 populo
1858 1118 1894 1151 15

241 1156 419 1183 mammem?
518 1161 691 1205 oriantur,
718 1161 818 1206 quod
844 1173 918 1195 non
944 1162 1048 1196 aliter
1077 1161 1166 1195 fiant
1193 1161 1403 1196 huiusmodi
1430 1167 1547 1200 actus,
1566 1168 1628 1196 aut
1654 1161 1785 1196 saltem
1810 1161 1842 1195 si

518 1220 607 1254 fiant
626 1219 716 1254 irriti
735 1220 950 1261 habeantur,
967 1231 1051 1254 cum
1068 1220 1117 1253 ad
1135 1219 1298 1264 quietem
1312 1219 1435 1263 populi
1452 1219 1535 1253 talis
1553 1219 1609 1253 lex
1625 1220 1764 1254 tendat.
1797 1220 1841 1255 In

517 1277 753 1322 philosophia
772 1277 871 1312 enim
890 1277 1087 1312 didicimus
1107 1278 1207 1322 quod
1224 1277 1348 1323 aliqua
1372 1276 1408 1311 in
1434 1288 1500 1311 suo
1523 1288 1658 1321 genere
1684 1278 1785 1312 bona
1807 1283 1843 1312 et

518 1335 615 1370 iusta
642 1342 848 1379 censentur,
875 1342 910 1370 et
940 1342 1078 1378 tamen,
1106 1335 1135 1370 si
1166 1336 1402 1379 postmodum
1434 1334 1506 1369 sint
1533 1336 1614 1379 lege
1644 1334 1842 1380 prohibita,

519 1399 604 1428 sunt
625 1393 770 1428 iniusta.
807 1395 927 1427 Immo
945 1394 1003 1428 lex
1021 1393 1148 1427 divina
1165 1393 1203 1427 id
1222 1393 1355 1435 habet;
1382 1404 1457 1427 non
1476 1393 1575 1427 enim
1594 1393 1639 1428 de
1657 1392 1764 1437 cigno
1782 1399 1844 1427 aut
1859 1408 1899 1430 20

519 1464 631 1497 porco
646 1452 879 1487 commedere
894 1458 1089 1497 peccatum
1102 1452 1220 1486 fuerat
1235 1458 1321 1486 ante
1334 1452 1465 1495 legem,
1478 1457 1513 1486 et
1528 1463 1573 1486 ex
1589 1451 1844 1496 prohibicione

521 1510 613 1555 legis
632 1510 753 1545 divine
772 1510 966 1545 comedere
984 1509 1031 1544 de
1049 1509 1183 1544 talibus
1208 1509 1347 1544 factum
1365 1515 1420 1544 est
1438 1510 1505 1544 sub
1523 1510 1604 1554 lege
1623 1516 1817 1554 peccatum
1836 1522 1843 1544 :

521 1569 620 1604 unde
649 1569 697 1603 ob
726 1568 798 1602 hoc
826 1568 997 1612 intelligo,
1024 1574 1059 1602 et
1090 1567 1194 1602 multi
1225 1567 1443 1611 intelligunt,
1470 1566 1605 1602 dixisse
1635 1567 1845 1612 apostolum

521 1626 621 1671 quod
646 1627 709 1661 lex
730 1627 963 1661 subintravit
986 1630 1030 1660 ut
1052 1625 1286 1660 habundaret
1308 1626 1483 1659 delictum
1504 1624 1567 1669 (ad
1594 1626 1703 1659 Rom.
1720 1637 1752 1659 v.
1771 1623 1844 1669 20),

522 1684 609 1729 quia
636 1684 722 1719 facit
751 1685 872 1728 plures
899 1690 1004 1718 actus
1031 1695 1112 1718 esse
1147 1683 1280 1718 delicta
1312 1694 1424 1728 quarn
1457 1689 1542 1718 ante
1574 1682 1732 1717 fuerunt.
1782 1683 1844 1718 Sic
1860 1700 1897 1732 25

522 1742 633 1776 michi
646 1742 789 1777 videtur
805 1743 905 1787 quod
923 1743 1046 1787 aliqua
1062 1742 1210 1776 fuerunt
1228 1741 1265 1775 in
1284 1742 1364 1785 lege
1383 1740 1534 1786 antiqua
1551 1741 1649 1775 mala
1665 1747 1701 1775 et
1719 1740 1845 1786 impia,

523 1800 608 1846 quia
626 1812 648 1834 a
665 1801 744 1844 lege
763 1799 959 1844 prohibita,
979 1806 1014 1834 et
1034 1800 1071 1834 in
1090 1811 1186 1834 nova
1211 1800 1290 1843 lege
1315 1806 1399 1833 sunt
1423 1805 1553 1833 sancta
1577 1805 1613 1833 et
1637 1798 1741 1841 iusta,
1761 1799 1847 1844 quia

523 1870 710 1900 concessa,
737 1865 776 1892 ut
803 1858 875 1892 dixi
902 1858 949 1892 de
975 1857 1242 1892 commestione
1267 1856 1483 1891 animalium
1509 1856 1779 1901 predictorum;
1811 1864 1847 1892 et

523 1922 674 1951 econtra
700 1915 866 1950 similiter
894 1914 1018 1959 aliqua
1046 1915 1082 1949 in
1112 1915 1192 1959 lege
1216 1915 1362 1949 fuerunt
1391 1920 1521 1949 sancta
1546 1920 1581 1949 et
1607 1914 1713 1958 iusta,
1741 1914 1847 1949 sicud

524 1974 755 2008 circumcisio
774 1979 809 2007 et
829 1972 1028 2007 cerimonie
1047 1972 1199 2015 infinite,
1217 1979 1252 2007 et
1272 1973 1308 2007 in
1336 1984 1432 2007 nova
1455 1972 1536 2016 lege
1561 1980 1644 2006 sunt
1672 1972 1785 2017 impia
1812 1979 1846 2007 et
1862 1991 1902 2021 30

524 2029 660 2073 iniqua,
680 2028 766 2073 quia
784 2028 978 2072 prohibita.

246 2094 379 2120 Answer:
570 2088 656 2121 RIC.
685 2087 728 2120 In
755 2085 874 2130 primo
902 2092 964 2120 tuo
990 2085 1135 2120 obiectu
1164 2091 1260 2120 recte
1290 2085 1482 2120 concludis
1513 2085 1612 2130 quod
1639 2084 1848 2120 carenciam

247 2162 271 2190 ,1-
291 2152 352 2177 The
366 2149 487 2177 receiver
523 2144 614 2179 lucri
633 2144 702 2178 iste
719 2142 934 2178 donatarius
954 2143 1064 2178 debet
1083 2142 1151 2177 sibi
1172 2155 1234 2178 seu
1252 2142 1479 2187 necligencie
1498 2154 1561 2177 sue
1579 2143 1774 2186 ascribere,
1795 2149 1849 2177 set

246 2185 482 2250 {fflffledfffi‘ttffis
522 2214 595 2237 non
614 2202 724 2236 aliam
740 2201 948 2235 carenciam
966 2200 1035 2235 nisi
1057 2212 1168 2245 quam
1186 2212 1231 2235 ex
1247 2201 1327 2244 lege
1343 2201 1436 2235 iuste
1450 2200 1597 2235 incurrit
1612 2212 1620 2236 :
1649 2200 1710 2234 illa
1723 2207 1849 2235 autem
1891 2236 1898 2245 x

246 2251 498 2318 ὲξςῑὲξᾶῗξὲζὲἒῗ
522 2272 596 2295 non
623 2266 678 2294 est
713 2260 883 2294 absoluta
917 2259 1079 2293 exclusio
1106 2270 1128 2293 a
1158 2270 1196 2293 re
1227 2258 1295 2292 sibi
1331 2259 1469 2293 donata
1502 2258 1580 2294 sine
1612 2258 1848 2303 possessione
1864 2274 1901 2305 35

522 2324 677 2363 accepta
707 2317 759 2360 (ut
791 2316 976 2361 diximus),
1007 2322 1061 2351 set
1090 2322 1145 2350 est
1173 2316 1335 2351 exclusio
1365 2316 1541 2361 cuiusque
1573 2317 1725 2351 remedii
1758 2317 1848 2362 legis
1863 2327 1975 2358 supra,
1992 2326 2025 2357 p.

522 2376 642 2418 illius3
682 2382 717 2410 et
746 2375 834 2409 illud
861 2385 935 2408 non
966 2381 1022 2409 est
1058 2373 1126 2409 sibi
1157 2374 1361 2419 dampnum
1389 2375 1535 2419 proprie
1565 2374 1618 2419 (ut
1652 2375 1850 2419 prudenter
1862 2370 1936 2401 459·

523 2432 714 2477 affirmas),
733 2433 907 2477 quoniam
926 2439 1076 2477 propter
1102 2443 1207 2466 suam
1234 2432 1500 2477 necligenciam
1523 2433 1728 2468 remedium
1754 2433 1849 2468 illius

248 2513 270 2529 2.
292 2503 354 2529 The
368 2502 470 2529 casein
524 2492 614 2536 legis
633 2502 707 2525 non
727 2491 795 2525 sibi
815 2491 979 2525 debetur.
1032 2492 1075 2524 In
1101 2490 1265 2525 secundo
1283 2502 1370 2524 vero
1397 2491 1543 2525 obiectu
1567 2497 1630 2525 tuo
1656 2491 1848 2536 deciperis,

247 2537 512 2596 ξζξᾟζᾶἐξζώθδ
525 2550 711 2594 quoniam,
738 2548 843 2583 sicud
871 2548 906 2582 in
938 2547 1204 2592 philosophicis
1235 2548 1395 2582 didicisti
1422 2549 1520 2593 quod
1546 2549 1692 2592 asseris,
1720 2548 1772 2583 sic
1800 2548 1848 2583 ibi
1861 2561 1904 2593 40

248 2604 407 2664 migiffejgfft
525 2607 643 2651 legisti
658 2607 756 2651 quod
775 2612 860 2640 sunt
879 2605 1002 2650 aliqua
1020 2605 1068 2640 ad
1087 2617 1156 2650 que
1174 2616 1363 2650 nunquam
1379 2606 1490 2651 recipi
1509 2607 1619 2641 debet
1634 2607 1848 2651 compulsio,

411 2656 417 2668 1

526 2677 595 2699 nec
613 2665 735 2709 aliquo
755 2675 842 2698 casu
861 2664 937 2698 fieri
956 2670 1110 2708 possunt
1130 2663 1236 2705 iusta,
1252 2663 1337 2708 quia
1356 2670 1441 2698 sunt
1460 2664 1622 2699 involuta
1641 2676 1722 2699 cum
1740 2666 1848 2709 malo,

528 2723 630 2758 sicud
649 2722 902 2764 homicidium,
922 2721 1068 2765 furtum,
1088 2721 1324 2755 mendacium
1341 2733 1348 2763 3
1374 2721 1461 2756 talia
1479 2733 1565 2756 vero
1588 2722 1697 2757 statui
1724 2733 1746 2756 a
1769 2723 1848 2767 lege

527 2780 623 2816 iusta
640 2791 714 2815 non
733 2785 887 2825 possunt
907 2791 912 2814 :
941 2790 1010 2824 que
1026 2790 1110 2824 vero
1129 2779 1223 2814 bene
1243 2779 1316 2814 fieri
1336 2786 1487 2824 possunt
1505 2786 1540 2815 et
1559 2781 1665 2825 male,
1679 2780 1847 2826 quamvis
