2095 3278
45 215 131 244 CAP.
145 201 196 260 L]
581 214 645 245 DE
679 213 918 246 PAUPERIE
952 213 1263 245 SALVATORIS.

149 319 245 360 15A]
261 316 429 351 sumendi
463 316 509 352 de
541 328 580 352 re
614 317 650 351 in
684 328 790 351 usum
825 317 894 352 sibi
930 328 1115 360 concessa,
1150 317 1268 351 eciam
1306 315 1335 351 si
1373 314 1584 350 concedens

259 373 438 408 noluerit:
469 374 591 408 Adam
609 386 707 417 vero,
727 375 809 409 Deo
834 374 992 417 nolente,
1010 386 1054 408 ex
1079 385 1151 418 quo
1170 375 1274 408 Deus
1300 384 1409 418 super
1434 383 1584 406 ornnem

261 437 466 465 creaturam
483 432 594 466 habet
612 431 868 466 auctoritatem
886 431 1150 476 plenissimam,
1169 432 1307 466 nullam
1325 430 1518 465 utilitatem
1538 429 1584 463 de

259 488 383 532 aliqua
415 495 591 532 creatura,
620 489 743 533 immo,
774 499 893 533 neque
928 489 974 523 de
1007 501 1046 524 se
1081 489 1174 533 ipso,
1202 490 1339 523 habere
1372 487 1491 532 potuit
1522 492 1586 520 aut

229 549 246 581 5
262 546 431 580 debebat.
473 546 585 581 Sicuti
598 546 746 591 insuper
758 547 958 581 creacionis
969 553 1073 581 actus
1085 546 1423 591 incomparabiliter
1438 554 1587 578 ornnem
1604 549 1631 571 2-

260 609 383 637 actum
401 610 564 638 creature
580 604 734 647 excedit,
753 603 805 638 sic
826 604 1011 639 Creatoris
1035 615 1145 648 super
1163 610 1369 638 creaturam
1387 601 1586 637 auctoritas
1601 610 1632 631 a·

46 680 226 713 quamam-
260 672 409 695 omnem
441 661 697 696 auctoritatem
731 668 895 696 creature
930 673 1039 706 super
1072 673 1330 707 quamcunque
1363 672 1440 695 rem
1471 659 1507 693 in
1536 659 1588 692 in-

47 725 107 755 que
125 722 182 786 Ml}
260 718 403 753 finitum
420 719 592 763 precellit,
612 719 787 763 quoniam
805 730 878 753 non
896 719 1014 763 magis
1033 726 1137 753 actus
1156 725 1280 753 actum
1299 729 1411 763 quam
1431 715 1587 751 auctori-

46 767 145 798 quam
187 780 193 787 .

211 844 250 865 10
263 845 384 867 rerum
408 845 430 867 a
457 834 539 868 Deo
565 835 662 878 quod
688 834 749 868 illa
775 834 1109 879 incomparabiliter
1135 834 1171 868 in
1200 835 1283 868 Deo
1308 833 1486 867 maiorem
1505 842 1589 865 auc-

263 891 448 926 toritatem
467 897 502 925 et
522 890 576 925 ius
594 892 750 936 amplius
768 903 878 936 super
895 903 1152 937 quamcunque
1170 903 1247 926 rem
1265 890 1395 935 arguit,
1414 901 1525 935 quam
1543 888 1591 923 sit

263 960 374 993 super
389 960 467 983 rem
484 949 645 993 aliquam
662 949 862 983 auctoritas
880 955 1056 984 creature.
1108 949 1169 984 Sic
1196 949 1242 983 de
1268 948 1440 993 potencia
1456 947 1588 991 guber·
1603 953 1627 975 c·

262 1005 428 1040 nacionis
447 1006 571 1041 divine
590 1018 699 1051 super
710 1018 767 1041 res
780 1008 875 1041 clare
894 1007 1087 1042 deducitur
1103 1006 1215 1051 (iuxta
1233 1007 1386 1051 probata
1405 1002 1588 1049 superius)

264 1064 364 1108 quod
377 1063 497 1108 ipsum
516 1064 552 1098 in
571 1064 753 1099 infinitum
767 1065 910 1100 excedit
926 1065 1139 1099 naturaliter
1157 1063 1303 1108 agentis
1322 1062 1535 1108 potenciam
1553 1061 1589 1095 in

212 1127 249 1158 15
264 1122 436 1165 regendo.
490 1122 581 1156 Cum
601 1122 711 1166 igitur
728 1122 926 1157 auctoritas
946 1134 1009 1157 seu
1028 1122 1083 1156 ius
1100 1122 1183 1156 Ade
1203 1133 1311 1166 super
1328 1133 1385 1155 res
1404 1120 1441 1154 in
1459 1120 1537 1155 eius
1556 1126 1590 1154 et

265 1190 414 1213 suorum
432 1190 686 1214 successorum
704 1191 811 1214 usum
827 1187 969 1214 creatas
987 1179 1245 1224 comparabilis
1270 1178 1315 1213 sit
1339 1178 1440 1213 finite
1464 1178 1511 1212 ad
1535 1177 1590 1212 ius

266 1237 340 1271 sive
367 1237 621 1272 auctoritatem
647 1249 754 1272 usum
780 1249 863 1272 cum
887 1238 1034 1272 modico
1060 1238 1136 1272 iure
1161 1237 1344 1280 habentis,
1372 1248 1455 1271 curn
1480 1247 1590 1270 omne

265 1293 407 1328 finitum
438 1295 683 1339 comparabile
713 1295 760 1330 sit
791 1295 994 1340 cuicunque
1025 1295 1150 1338 finito;
1188 1294 1278 1330 satis
1310 1297 1476 1339 patenter
1504 1305 1590 1328 con-

265 1352 428 1396 sequitur
450 1351 548 1396 quod
570 1352 688 1396 magis
707 1359 762 1387 est
781 1359 963 1387 remotum
983 1353 1186 1387 dominium
1204 1353 1286 1386 Ade
1310 1363 1421 1396 super
1437 1351 1546 1385 rebus
1569 1362 1592 1384 a

214 1419 253 1440 20
266 1420 352 1443 vero
372 1409 535 1443 dominio
553 1410 650 1454 quod
669 1410 734 1444 soli
756 1411 838 1444 Deo
861 1411 1040 1453 convenit,
1061 1421 1172 1455 quam
1191 1409 1245 1444 ius
1264 1409 1348 1444 talis
1367 1408 1526 1443 hominis
1546 1407 1591 1443 sit

265 1473 447 1501 remotum
470 1468 517 1501 ab
539 1468 621 1501 Ade
648 1468 836 1502 dominio:
865 1468 918 1502 sic
945 1468 1044 1512 quod
1069 1468 1272 1502 humanum
1298 1466 1502 1501 dominium
1528 1477 1592 1501 ne-

219 1527 249 1555 B
265 1536 451 1569 quaquam
469 1537 596 1560 verum
618 1525 633 1543 *
655 1532 717 1560 aut
743 1537 828 1560 vere
855 1525 1059 1560 dominium
1086 1525 1157 1559 dici
1185 1530 1327 1569 potest3
1359 1531 1415 1559 set
1440 1523 1591 1569 quilibet

264 1582 437 1617 dominus
471 1583 685 1627 temporalis
719 1583 872 1618 istarum
906 1595 1027 1618 rerum
1060 1585 1294 1627 comparatus
1330 1583 1412 1616 Deo
1446 1589 1480 1616 et
1514 1581 1592 1616 eius

49 1645 224 1677 commoda·
266 1640 431 1674 dominio
464 1641 650 1675 usurarius
684 1647 719 1675 et
753 1641 872 1685 magis
902 1641 1049 1685 proprie
1083 1639 1397 1682 commoditarius,
1425 1638 1511 1684 quia
1544 1639 1593 1673 ad

48 1690 159 1720 tarius
177 1697 214 1719 Μ’
268 1699 505 1733 commodum
528 1699 606 1733 eius
633 1710 690 1733 res
714 1698 784 1733 sibi
806 1705 891 1733 sunt
914 1699 1009 1742 date,
1029 1699 1087 1733 vel
1105 1698 1225 1732 verius
1247 1699 1294 1732 ad
1317 1697 1468 1731 modum
1493 1697 1592 1742 (curn

267 1757 494 1790 commodum
534 1769 556 1790 a
594 1758 700 1790 modo
734 1756 963 1800 descendat),
997 1757 1177 1791 veraciter
1210 1756 1280 1790 dici
1315 1761 1437 1800 potest
1456 1767 1463 1798 ;
1508 1756 1593 1790 licet

267 1820 435 1858 potentes
470 1814 626 1858 tyranni,
661 1826 789 1848 verum
824 1815 948 1849 Deum
988 1822 1023 1849 et
1062 1814 1354 1858 omnipotentem
1389 1813 1594 1848 Dominum

267 1872 487 1915 ignorantes,
506 1884 545 1906 se
565 1884 670 1906 veros
693 1878 728 1906 et
753 1884 839 1907 vere
864 1872 1034 1906 dominos
1053 1871 1283 1906 mendaciter
1298 1871 1451 1906 fecerint
1468 1872 1593 1916 appel-

267 1929 343 1973 lari,
363 1941 519 1974 quorum
538 1929 633 1964 votis
652 1929 737 1974 quia
755 1936 947 1975 poetarum
970 1937 1005 1964 et
1024 1930 1211 1964 rethorum
1230 1929 1374 1963 vanitas
1394 1928 1593 1971 inservivit,

215 1998 255 2027 30
267 1987 548 2031 grammaticam
578 1994 613 2022 et
644 1988 864 2022 rethoricam
900 1987 1111 2022 huiusmodi
1151 1986 1382 2022 dominorum
1416 1987 1593 2021 falsorum

267 2044 553 2087 intencionibus,
579 2045 840 2088 voluntatibus,
867 2045 990 2089 gestis,
1017 2046 1172 2088 actibus,
1192 2051 1227 2079 et
1252 2044 1424 2089 operibus
1451 2045 1594 2079 confor-

265 2103 413 2145 mando,
428 2114 515 2137 usus
534 2103 741 2137 communis
760 2103 927 2146 obtinuit,
947 2110 981 2137 et
1000 2103 1119 2137 eciam
1137 2102 1236 2147 apud
1254 2102 1380 2136 fideles
1399 2102 1539 2146 optinet
1558 2102 1595 2136 in

267 2160 429 2204 presenti
455 2159 665 2194 huiusmodi
691 2166 860 2204 potentes
883 2160 919 2194 in
947 2162 1079 2203 seculo,
1100 2160 1176 2195 sive
1200 2160 1272 2194 sint
1294 2159 1392 2202 boni,
1418 2159 1495 2193 sive
1522 2159 1596 2194 sint

268 2217 367 2259 mali,
384 2218 551 2251 dominos
567 2218 744 2252 vocitare:
768 2225 822 2252 set
840 2219 939 2262 apud
957 2230 1025 2252 nos
1044 2218 1105 2263 qui
1124 2229 1244 2251 rerum
1262 2217 1404 2251 radices
1418 2217 1595 2251 debemus

216 2285 254 2315 35
270 2275 452 2320 inquirere
481 2275 602 2309 minus
633 2275 845 2319 pensandus
875 2283 929 2310 est
954 2287 1132 2310 vanorum
1162 2287 1250 2309 usus
1278 2275 1315 2309 in
1336 2274 1458 2309 verbis
1484 2286 1596 2319 quarn

270 2345 411 2367 sensus.
462 2333 617 2367 Constat
636 2344 723 2377 ergo
742 2345 868 2368 secure
886 2334 984 2378 quod
1003 2345 1131 2368 verum
1158 2345 1221 2368 seu
1248 2333 1451 2378 perfectum
1474 2344 1595 2367 rerum

269 2390 474 2425 dominium
492 2402 564 2425 non
581 2391 752 2425 habebat.

320 2505 551 2538 IOHANNES.
579 2505 753 2538 Patenter
777 2504 875 2538 hanc
902 2504 1115 2548 negativam
1134 2515 1267 2539 cerno:
1294 2504 1367 2538 iam
1389 2502 1595 2537 dominium
1612 2509 1660 2542 ΙΙ,

273 2561 362 2596 illud
381 2562 480 2606 quod
498 2562 621 2595 Adam
639 2561 769 2596 habuit
788 2561 901 2595 michi
920 2562 1100 2596 describe.

273 2677 339 2711 fuit
367 2677 563 2711 racionalis
592 2683 757 2711 creature
792 2677 944 2711 mortale
975 2677 1031 2710 ius
1062 2676 1139 2711 sive
1171 2677 1372 2711 auctoritas
1408 2676 1595 2720 originalis

273 2735 489 2779 possidendi
531 2735 747 2769 naturaliter
779 2746 837 2768 res
872 2734 941 2768 sibi
976 2741 1106 2768 natura
1140 2734 1326 2769 subiectas
1361 2733 1597 2768 conformiter

273 2792 425 2836 racioni,
444 2799 480 2827 et
506 2792 559 2826 eis
586 2793 693 2836 plene
722 2792 848 2826 utendi
875 2791 950 2826 sive
973 2804 1034 2827 eas
1057 2792 1254 2827 tractandi.
1304 2793 1360 2826 Tu
1379 2792 1500 2836 profer
1519 2791 1607 2836 quid

260 782 375 810 tatem
387 776 583 810 auctoritas
596 776 790 811 antecellit.
826 776 967 811 Pariter
978 783 1099 821 potest
1114 776 1245 811 deduci
1259 788 1302 811 ex
1317 774 1588 810 sustentacione
1603 772 1630 803 b.

1779 209 1864 256 335

1610 2563 1789 2596 Description
1808 2564 1841 2591 of

218 2632 260 2662 40
320 2621 550 2654 RICARDUS.
576 2619 732 2654 Videtur
757 2619 808 2654 ita
832 2630 942 2664 posse
969 2618 1138 2661 describi,
1158 2619 1258 2664 quod
1283 2620 1366 2653 Ade
1392 2618 1597 2653 dominium
1610 2598 1830 2664 ffiffissgrgmal
