2008 3305
159 181 242 225 230

832 177 898 211 DE
931 176 1148 211 DOMINIO
1179 175 1354 210 Diero
1575 162 1686 225 [CAP.
1708 176 1765 209 iv.

437 305 554 344 quem
574 305 653 332 non
673 293 868 343 dignificat
886 300 927 332 ut
948 294 993 332 sit
1009 293 1092 331 talis
1106 307 1116 341 ς
1137 305 1227 331 cum
1246 306 1336 342 ergo
1353 293 1505 343 spiritus
1525 298 1673 331 creatus
1689 305 1768 330 non
1783 297 1877 344 [790

437 371 566 414 potest
586 376 669 402 esse
698 376 792 413 pure
821 365 983 401 materia
1002 364 1125 413 prima
1144 364 1203 401 vel
1233 364 1383 413 passiva
1412 364 1452 400 in
1481 363 1545 401 tali
1565 363 1766 412 dignifica-

438 436 561 481 cione‚
584 434 603 454 '¹‘
625 435 795 485 sequitur
825 441 1002 484 oportere
1032 435 1139 485 quod
1167 435 1207 471 in
1235 435 1527 484 dignificacione
1547 434 1815 474 huiusmodin

437 507 485 544 sit
506 506 638 552 activa,
659 512 696 543 et
715 518 785 555 per
804 517 1049 555 consequens
1070 518 1109 543 se
1127 506 1251 555 ipsam
1271 504 1500 555 dignificans
1520 512 1770 554 promeretur.

493 577 752 615 Confirmatur
790 589 839 614 ex
877 576 953 614 hoc
982 576 1088 626 quod
1121 576 1288 626 quelibet
1320 582 1492 614 creatura
1523 576 1634 613 beata
1668 575 1771 625 prius
1784 581 1802 614 5

439 648 657 685 naturaliter
675 647 753 685 vult
772 647 979 685 beatificari
995 659 1113 697 quam
1133 646 1330 685 actualiter
1345 653 1402 684 est
1421 648 1532 684 beata
1546 658 1555 692 ;
1586 652 1623 683 et
1643 645 1771 683 omnis

439 719 525 756 talis
543 719 731 764 volencia,
753 730 844 756 cum
865 721 911 755 sit
938 718 1039 756 actio
1059 718 1109 756 ad
1129 717 1407 755 beatitudinem
1427 717 1554 766 previe
1580 716 1770 765 requisita,

440 789 555 827 efficit
589 789 813 838 dignitatem
843 788 892 826 ad
922 788 1038 825 talem
1068 787 1368 833 beatitudinem;
1411 799 1503 836 ergo
1533 786 1773 824 beatificacio

441 867 611 898 creature
641 860 826 910 preexigit
854 859 1051 908 propriam
1081 858 1392 907 dignificanciam
1419 858 1468 895 ad
1488 857 1664 895 eandem.
1721 856 1773 894 Et

442 937 683 980 assumptum
712 936 818 980 patet
847 942 894 967 ex
929 929 1061 978 regula
1089 929 1304 967 Aristotelis
1334 928 1381 966 de
1415 928 1609 978 prioritate
1643 927 1773 977 quoad
1789 938 1830 960 10

440 1001 780 1051 consequenciam.
837 1000 961 1038 Multe
981 1000 1085 1037 enim
1105 1006 1276 1038 creature
1291 999 1423 1036 volunt
1442 1011 1526 1036 esse
1545 1000 1669 1045 beate,
1684 1010 1774 1036 cum

441 1072 640 1110 beatitudo
659 1083 738 1108 non
759 1071 806 1108 sit
834 1070 908 1108 tale
929 1071 1115 1120 liquidum
1134 1076 1176 1107 ut
1203 1070 1344 1107 intrudi
1363 1070 1501 1119 poterit
1529 1069 1568 1106 in
1587 1069 1748 1106 invitum
1764 1082 1775 1116 ;

443 1143 536 1180 illud
566 1154 658 1191 ergo
687 1141 816 1191 previe
845 1141 1071 1190 requisitum
1100 1141 1149 1178 ad
1179 1141 1536 1189 dignifacacionem‚
1559 1152 1648 1178 curn
1673 1141 1717 1177 sit
1737 1141 1776 1178 in

445 1220 635 1263 potestate
663 1212 782 1250 libera
808 1218 979 1249 creature
1007 1212 1283 1257 beatfficabilis,
1307 1218 1483 1261 patenter
1506 1212 1645 1249 edocet
1671 1211 1776 1261 quod

443 1284 549 1321 nulla
569 1290 745 1321 creatura
757 1288 885 1332 potest
903 1282 1073 1331 recipere
1089 1282 1364 1319 beatitudinem
1380 1282 1452 1319 nisi
1472 1282 1574 1331 prius
1595 1294 1636 1320 se
1651 1282 1775 1331 ipsam
1792 1296 1830 1329 15

445 1354 641 1403 dignificet
678 1353 728 1391 ad
766 1353 942 1391 eandem.
998 1353 1048 1390 Et
1080 1352 1173 1390 illud
1210 1353 1358 1390 videtur
1395 1353 1512 1390 michi
1545 1352 1776 1401 Apostolum

447 1426 598 1471 sentire,
623 1438 640 1462 2
665 1424 713 1462 ad
733 1424 864 1462 Thim.
885 1424 919 1460 ii.
941 1433 1042 1472 3—5:
1072 1424 1236 1470 Lubora,
1257 1424 1389 1473 inquit,
1411 1424 1509 1461 sicut
1535 1423 1647 1461 bonus
1675 1425 1778 1460 miles

447 1495 701 1535 CbristiIesu.
759 1494 877 1533 lVemo
896 1496 1064 1531 militans
1083 1494 1163 1531 Deo
1183 1496 1352 1543 implicat
1373 1507 1409 1531 se
1428 1495 1583 1543 negociis
1601 1495 1779 1532 seculari-

447 1568 524 1615 bus,
546 1572 588 1604 ut
604 1568 640 1604 ei
644 1567 794 1616 placeat
810 1567 875 1603 cui
890 1579 926 1603 se
940 1566 1124 1615 probavit.
1180 1565 1287 1604 Nam
1302 1567 1372 1615 qui
1385 1570 1501 1603 certat
1517 1568 1557 1603 in
1578 1578 1692 1615 agone
1706 1578 1779 1602 non

445 1638 681 1676 coronabitur
692 1638 772 1674 nisi
780 1638 950 1686 legittime
969 1638 1173 1674 certaverit.
1203 1637 1282 1675 Ista
1302 1637 1586 1686 consequencia
1601 1636 1777 1686 apostoli,
1793 1651 1835 1673 20

450 1722 523 1760 que
553 1708 745 1747 consimili
773 1708 971 1745 evideneia
1001 1707 1248 1757 intelligenda
1267 1714 1324 1745 est
1354 1708 1402 1746 de
1431 1708 1604 1758 quolibet
1624 1708 1779 1754 viatore,

446 1793 526 1818 non
540 1780 678 1818 valeret
697 1780 737 1816 in
756 1779 882 1829 aliquo
903 1779 933 1816 si
953 1779 1072 1817 homo
1092 1785 1222 1828 posset
1244 1779 1326 1817 sine
1340 1779 1545 1816 certamine
1566 1778 1623 1815 vel
1644 1779 1780 1817 merito

447 1852 636 1890 coronari.
693 1851 743 1888 Et
761 1857 867 1901 patet
886 1851 946 1888 lex
962 1850 1081 1900 Regis
1101 1851 1297 1900 magnifici
1313 1851 1541 1900 supradicta.
1598 1849 1725 1896 Unde,
1749 1850 1780 1887 si

447 1923 552 1960 nulla
585 1928 759 1960 creatura
791 1922 929 1959 mereri
965 1919 984 1940 '¹‘
1016 1922 1168 1971 poterit,
1201 1934 1291 1959 cum
1328 1921 1437 1959 Deus
1476 1921 1523 1959 sit
1552 1921 1711 1971 pronior
1739 1926 1780 1957 ut
1793 1931 1879 1961 8οΑ

447 1994 609 2044 premiet
639 2005 757 2042 quam
784 1999 826 2030 ut
855 1992 991 2030 inferat
1019 1992 1166 2029 malum
1195 2005 1307 2041 pene,
1329 2004 1408 2030 non
1438 1992 1549 2029 video
1579 1992 1779 2042 quomodo
1795 2010 1833 2042 25

448 2065 577 2114 aliqua
597 2071 771 2102 creatura
790 2064 929 2113 poterit
950 2063 1148 2101 demereri.
1203 2062 1320 2100 Unde
1341 2063 1554 2112 apostolus,
1579 2075 1595 2100 1
1620 2063 1670 2100 ad
1689 2063 1779 2101 Cor.

448 2136 495 2173 iii.
519 2138 553 2182 8,
581 2135 838 2184 Unusquisque
847 2135 1045 2184 propriam
1074 2135 1264 2171 mercedem
1285 2135 1436 2183 accipiet
1460 2134 1655 2171 secundum
1674 2146 1782 2171 suum

448 2207 618 2244 laborem.
676 2206 726 2243 Et
745 2206 805 2244 isti
826 2206 1019 2243 sentencie
1038 2217 1200 2254 persepe
1230 2205 1362 2243 alludit
1382 2205 1604 2254 apostolus;
1633 2204 1737 2242 unde
1762 2217 1777 2241 1

450 2278 540 2315 Cor.
562 2278 611 2314 ix.
635 2289 695 2323 24,
721 2285 782 2324 25,
805 2276 969 2314 Nescitis
988 2277 1086 2325 quod
1101 2276 1162 2313 hii
1184 2277 1253 2324 qui
1272 2277 1311 2312 in
1330 2276 1450 2312 stadio
1478 2279 1640 2312 currunt
1664 2287 1784 2312 omnes

449 2350 591 2398 quidem
612 2352 773 2385 currunt
789 2349 854 2385 sed
869 2361 965 2384 unus
984 2348 1156 2384 bravium
1176 2348 1343 2395 accipit?
1380 2345 1446 2384 Sic
1464 2347 1611 2392 currite,
1628 2349 1670 2382 ut
1686 2358 1780 2383 com·
1795 2357 1838 2388 50

441 2420 690 2469 prebendatis.
711 2418 769 2456 Et
778 2419 985 2467 hiiquidem
997 2422 1040 2454 ut
1048 2418 1317 2466 corruptibilem
1331 2429 1500 2454 coronam
1513 2418 1709 2466 accipiant,
1719 2429 1783 2454 vos

450 2495 568 2527 autem
586 2491 847 2538 incorruptam.
894 2489 965 2526 Cui
978 2488 1096 2537 figure
1110 2488 1241 2525 alludit
1254 2488 1375 2525 eciam
1392 2500 1410 2524 2
1427 2488 1474 2524 ad
1490 2487 1620 2524 Thim.
1634 2487 1679 2524 iv.
1696 2495 1730 2535 7,
1747 2489 1781 2532 8,

449 2561 599 2598 Bonum
619 2565 796 2597 certamen
815 2561 964 2605 certavi,
985 2571 1136 2596 cursum
1155 2559 1379 2604 consumavi,
1399 2559 1516 2607 fidem
1536 2559 1709 2594 servavi:
1743 2558 1784 2594 de

450 2633 589 2681 reliquo
602 2632 719 2668 miclzi
727 2632 882 2679 reposita
896 2635 948 2667 est
959 2642 1091 2667 corona
1108 2630 1248 2666 iusticie
1261 2642 1370 2678 quam
1392 2629 1517 2665 reddet
1529 2628 1643 2665 michi
1654 2629 1693 2664 in
1715 2628 1783 2664 illa

622 2727 659 2743 12.
682 2719 730 2742 ut:
752 2717 832 2742 codd.
849 2718 883 2741 et.
1240 2715 1280 2740 26.
1302 2715 1382 2740 Con:
1404 2714 1485 2741 codd.
1503 2714 1611 2740 leimo.

825 2787 871 2809 10.
897 2778 995 2809 Arist.
1015 2779 1130 2818 Categ.
1152 2786 1188 2807 12
1208 2788 1238 2818 p.
1263 2786 1309 2816 ¹4·
