2008 3305
214 246 302 275 CAP.
319 230 433 289 xr11.]
687 241 834 273 LIBER
865 239 1064 272 PRIMUS.
1736 243 1753 270 Δῐ
1762 238 1816 281 05

96 364 194 406 34D]
211 358 325 396 situm
345 356 616 406 incepcionem
637 355 748 392 huius
768 367 1001 400 mensurare,
1025 353 1236 391 secundum
1262 352 1419 403 aliquod
1448 353 1543 390 illius

209 428 353 466 ordinis
374 427 588 476 specialiter
608 431 856 463 mensuraret.

265 498 375 543 Item,
398 495 633 545 impossibile
654 501 709 532 est
730 507 814 532 esse
836 495 1012 532 ordinem
1032 494 1236 544 prioritatis
1260 501 1296 531 et
1320 494 1538 543 posteriori·
1554 497 1654 535 3-‚T12e
1668 499 1749 524 order
1761 499 1794 524 of

1553 537 1671 569 priority
1683 533 1738 557 and
1755 541 1817 564 pos-

208 568 296 605 tatis
317 567 396 604 sine
416 567 541 615 primo
561 565 657 602 illius
674 565 817 602 ordinis
834 570 1079 602 mensurante
1092 577 1102 610 ‚·
1133 565 1200 601 sed
1217 571 1273 601 est
1290 565 1381 602 dare
1397 564 1538 613 gradus
1551 564 1817 630 {efiir‘}¹t¹{‚³{,i¹§{³¹¹i¹e³

176 643 194 674 5
209 638 448 687 prioritatum
468 635 739 684 temporalium
753 647 762 680 3
794 647 888 683 ergo
909 641 945 671 et
967 635 1134 683 primum
1154 641 1190 672 et
1217 635 1421 671 minimum
1442 635 1538 671 illius
1551 632 1713 691 2515?ng
1727 633 1789 659 that

207 707 350 746 ordinis
371 718 449 755 quo
470 706 544 743 alia
570 711 851 742 mensurantur.
908 705 1157 742 Antecedens
1183 711 1287 754 patet
1315 705 1362 742 de
1387 705 1538 744 univer.-

208 778 317 814 sitate
345 789 492 813 summe
520 775 731 824 multiplici,
754 776 861 812 cuius
889 775 993 824 prior
1020 781 1076 812 est
1102 775 1269 824 primum
1295 775 1538 824 principium,

205 852 243 884 et
266 847 450 896 probatur
471 846 683 895 specialiter
711 845 758 882 de
787 845 877 882 dato
902 845 1039 882 ordine
1068 845 1329 894 supponendo
1354 857 1426 882 nos
1454 845 1540 882 laxe

204 917 313 966 loqui
334 916 380 953 de
405 923 591 965 tempore.
649 916 752 953 Nam
778 915 883 952 aliter
908 916 1079 965 sequitur
1099 915 1203 964 quod
1230 915 1357 953 omnis
1381 915 1540 953 effectus

155 987 396 1024 10infinitum
435 987 510 1025 cito
545 986 604 1024 vel
641 986 831 1022 infinitum
866 997 952 1023 sero
995 986 1076 1031 erit,
1112 993 1149 1022 et
1187 998 1256 1035 per
1295 998 1540 1035 consequens

205 1057 331 1094 nullus
351 1063 478 1106 potest
502 1069 585 1094 esse
613 1056 772 1094 celerior
791 1057 831 1093 in
859 1056 987 1106 aliqua
1015 1056 1184 1093 manerie
1210 1057 1395 1105 operandi
1410 1069 1419 1102 ;
1450 1057 1540 1105 quia

206 1128 255 1165 da
281 1127 386 1176 quod
413 1140 434 1165 B
462 1127 608 1164 instans
635 1127 821 1175 temporis
846 1139 916 1164 nec
938 1127 1131 1164 infinitum
1156 1127 1233 1164 cito
1254 1139 1326 1164 nec
1346 1127 1539 1164 infinitum

109 1203 193 1233 35A
207 1209 291 1234 sero
312 1198 405 1234 erit:
446 1204 591 1243 contra,
622 1203 701 1234 tam
732 1196 839 1234 Deus
874 1209 992 1246 quarn
1020 1197 1141 1235 homo
1172 1195 1190 1216 '¹‘

206 1268 356 1305 finitum
386 1268 462 1305 cito
489 1268 558 1304 erit
586 1273 624 1305 et
653 1280 769 1305 omne
799 1267 903 1316 quod
933 1266 1040 1304 Deus
1067 1267 1171 1314 sciet,
1200 1268 1280 1314 scit,
1309 1279 1400 1316 ergo
1430 1267 1538 1305 Deus

1223 1197 1316 1234 sciet
1345 1197 1451 1246 quod
1481 1197 1538 1233 in-

154 1348 192 1380 15
207 1338 298 1384 scit3
328 1344 365 1375 et
385 1350 453 1387 per
473 1350 716 1387 consequens
743 1338 796 1375 sic
824 1345 881 1375 est
906 1338 1012 1387 quod
1037 1338 1112 1375 hoc
1140 1338 1330 1376 infinitum
1356 1338 1431 1376 cito
1458 1338 1537 1375 erit.

204 1408 452 1445 Antecedens
475 1414 580 1458 patet
609 1420 656 1445 eo
684 1408 789 1457 quod
815 1409 1204 1457 proporcionabiliter
1223 1414 1265 1445 ut
1292 1409 1439 1446 instans
1469 1408 1539 1446 erit

205 1479 276 1516 sibi
309 1479 478 1527 propius,
509 1479 579 1516 erit
613 1479 664 1516 ita
695 1479 801 1528 quod
835 1478 927 1516 illud
961 1479 1031 1516 erit
1065 1479 1204 1526 cicius;
1249 1479 1316 1516 sed
1348 1479 1537 1516 infinitum

204 1549 467 1598 propinquum
498 1549 567 1586 erit
601 1549 674 1586 sibi
708 1549 865 1598 aliquod
899 1549 1072 1597 instans3
1117 1562 1210 1598 ergo
1244 1551 1314 1587 erit
1347 1550 1399 1587 ita
1432 1550 1537 1599 quod

204 1620 484 1669 quantumlibet
513 1620 588 1657 cito
613 1620 681 1657 erit
709 1620 802 1657 illud
816 1632 826 1666 ;
859 1626 895 1657 et
924 1632 1014 1657 cum
1044 1621 1148 1669 quod
1178 1621 1248 1658 erit
1276 1627 1346 1668 est,
1369 1622 1538 1670 sequitur

153 1707 194 1728 20
206 1690 309 1739 quod
328 1702 460 1727 verum
486 1696 543 1727 est
570 1690 852 1739 quantumlibet
878 1690 1048 1728 celeriter
1076 1691 1167 1729 illud
1195 1703 1292 1729 esse.
1350 1691 1435 1729 Nec
1462 1691 1536 1729 hoc

204 1761 297 1798 verti
326 1760 440 1798 debet
468 1760 507 1797 in
537 1761 708 1807 dubium,
739 1773 829 1799 cum
863 1773 980 1798 omne
1014 1762 1283 1810 generandum
1315 1762 1536 1799 immediate

203 1836 294 1880 post
323 1830 493 1868 dandum
522 1837 674 1880 tempus
704 1832 760 1868 vel
789 1831 937 1868 instans
966 1832 1152 1881 temporis
1182 1832 1428 1881 producetur.
1485 1832 1536 1869 Et

203 1913 272 1950 per
310 1901 413 1938 idem
455 1902 625 1950 sequitur
663 1902 769 1951 quod
811 1902 1003 1939 infinitum
1044 1902 1149 1940 tarde
1187 1903 1245 1941 vel
1288 1915 1373 1941 sero
1418 1915 1536 1941 omne

204 1971 424 2019 generabile
465 1972 546 2018 erit,
586 1972 677 2021 quia
709 1972 1093 2022 proporeionabiliter
1130 1979 1172 2010 ut
1214 1973 1339 2010 maius
1384 1979 1536 2023 tempus

153 2050 190 2082 25
206 2041 417 2078 secundum
463 2053 502 2079 se
547 2048 671 2079 totum
716 2042 915 2080 intercidet
953 2050 1159 2092 antequam
1205 2042 1296 2080 illud
1340 2044 1420 2088 erit,
1466 2044 1536 2081 erit

204 2111 349 2148 tardius
382 2111 441 2148 vel
479 2112 565 2161 plus
604 2124 712 2158 sero;
757 2113 826 2150 sed
864 2125 1098 2162 quocunque
1133 2114 1225 2152 dato
1261 2114 1365 2163 quod
1405 2114 1444 2151 in
1477 2114 1535 2150 in-

204 2181 316 2219 stanti
344 2183 525 2231 temporis
555 2183 698 2232 incipit,
720 2183 911 2220 infinitum
940 2195 1126 2232 magnum
1155 2190 1308 2233 tempus
1338 2184 1536 2222 intercidet

203 2258 411 2302 antequam
440 2253 566 2301 ipsum
595 2254 664 2290 erit
678 2266 690 2300 3
731 2266 823 2302 ergo
852 2254 1075 2292 conclusio:
1111 2266 1203 2292 narn
1232 2254 1351 2301 Deus,
1383 2255 1447 2304 qui
1477 2262 1535 2292 est

203 2334 273 2371 per
308 2335 453 2360 annum
492 2330 581 2361 ante
620 2323 767 2361 instans
801 2323 1033 2371 huiusmodi,
1066 2325 1137 2363 scit
1170 2326 1277 2375 quod
1312 2331 1413 2363 certe
1448 2337 1534 2362 sero

151 2407 193 2438 30
205 2393 275 2430 erit
302 2394 455 2431 racione
486 2394 583 2431 illius
613 2395 798 2444 temporis
832 2395 1042 2445 intercepti.
1113 2396 1213 2434 Cum
1246 2408 1341 2446 ergo
1377 2396 1534 2446 duplum

204 2471 355 2513 tempus
384 2465 654 2514 quadruplum,
685 2472 723 2502 et
758 2465 810 2502 sic
845 2466 884 2502 in
918 2466 1119 2513 infinitum,
1150 2469 1332 2517 precedit,
1363 2468 1535 2518 sequitur

204 2535 310 2584 quod
356 2536 546 2573 infinitum
583 2548 681 2582 sero,
717 2543 755 2574 et
799 2549 869 2586 per
913 2550 1158 2588 consequens
1207 2551 1409 2588 nunquam
1453 2540 1532 2577 erit.

205 2604 381 2642 Medium
406 2618 499 2655 ergo
526 2619 595 2656 per
615 2607 719 2656 quod
739 2613 843 2644 tenet
867 2608 938 2645 ista
959 2609 1144 2646 deduccio
1171 2615 1244 2646 stat
1266 2610 1305 2646 in
1331 2610 1405 2647 isto
1427 2610 1534 2659 quod

204 2676 548 2724 proporcionaliter
576 2683 617 2713 ut
645 2677 768 2714 maius
802 2684 954 2727 tempus
985 2680 1196 2716 secundum
1231 2691 1272 2717 se
1306 2686 1431 2717 totum
1465 2680 1534 2717 erit

153 2761 193 2793 35
207 2752 415 2795 antequam
441 2746 572 2784 datum
602 2748 679 2793 erit,
703 2748 758 2785 sic
788 2748 915 2798 ipsum
943 2748 1075 2787 datum
1103 2750 1172 2787 erit
1200 2750 1344 2788 tardius
1364 2750 1421 2788 vel
1448 2750 1533 2800 plus

263 2857 286 2881 9.
305 2848 440 2881 sequitur
454 2848 476 2874 B
487 2848 538 2876 C²z
558 2843 619 2875 ,ςσρν
632 2850 657 2876 A
670 2850 715 2877 Cl.
854 2860 893 2884 35.
915 2852 955 2878 sic
968 2852 1063 2884 ipsum
1075 2852 1181 2878 datum
1194 2853 1253 2879 erit
1267 2853 1305 2879 B:
1326 2861 1379 2879 om.
1394 2853 1419 2878 A
1430 2852 1462 2879 C.
