2008 3305
222 225 306 254 CAP.
330 209 377 268 1.]
703 219 851 252 LIBER
884 218 1107 251 TERTIUS.
1743 216 1824 258 203

105 336 204 378 7013]
218 337 379 375 minium
416 348 487 386 pro
518 336 592 373 vite
631 335 904 373 conservancia
941 335 1125 384 graciosa.
1185 333 1246 371 Sic
1276 333 1380 371 enim
1418 343 1545 370 servus

219 407 431 445 secundum
450 406 661 443 Ysidorum
681 419 703 443 a
722 416 826 443 servo
851 405 999 450 dicitur,
1021 405 1110 454 quia
1130 410 1217 453 post
1237 403 1327 440 belli
1347 403 1545 440 victoriam

219 484 307 516 sunt
338 477 390 515 sic
420 477 511 514 olim
541 476 854 514 condicionaliter
882 476 1070 513 reservati.
1129 475 1255 520 Tunc,
1281 473 1400 511 Paulo
1430 473 1545 511 dante

217 548 333 585 Petro
355 560 379 585 A
399 547 546 584 donum
575 559 646 583 usu
673 546 981 595 consumptibile,
1004 557 1082 582 non
1112 545 1250 583 exinde
1278 544 1430 581 abdicat
1457 556 1480 580 a
1506 556 1546 581 se

187 629 204 661 5
219 618 285 656 sed
305 618 440 667 pocius
460 623 658 654 conservat
679 616 893 654 dominium
913 615 1024 653 huius
1045 615 1147 661 doni,
1169 625 1216 652 eo
1237 614 1341 664 quod
1361 613 1547 664 quidquid

217 688 488 737 temporalium
519 687 723 736 acquiritur
752 687 811 724 isti
833 686 945 724 Petro
972 687 1125 723 racione
1150 686 1358 735 specificati
1385 684 1546 722 dominii

217 758 425 808 adquiritur
455 758 577 795 eciam
603 757 674 806 ipsi
699 757 830 794 Paulo.
887 757 938 794 Et
966 756 1097 794 dicens
1118 756 1223 806 quod
1252 755 1388 792 Petrus
1416 766 1546 792 servus

217 841 297 866 non
317 834 443 878 potest
463 840 551 865 cum
572 828 681 865 dictis
702 828 856 876 paribus
876 840 959 865 esse
981 828 1159 865 dominus
1181 827 1238 864 vel
1259 825 1401 876 aliquid
1421 827 1545 874 possi-

218 900 319 945 dere,
339 899 531 947 restringit
547 899 834 947 possessionem
850 905 886 936 et
901 898 1115 935 dominium
1136 897 1234 934 ultra
1249 896 1544 945 amplitudinem

167 985 205 1008 10
217 969 450 1007 racionalem
480 968 789 1017 Scripturarum3
822 981 889 1018 per
919 968 1022 1005 idem
1052 968 1228 1016 obligans
1257 979 1298 1004 se
1330 967 1380 1003 ad
1410 978 1545 1004 conse-

217 1046 377 1088 quenter
404 1039 610 1076 dicendum
632 1039 737 1088 quod
764 1051 881 1076 nemo
902 1045 959 1076 est
985 1039 1164 1075 dominus
1191 1044 1316 1087 preter
1337 1036 1478 1083 Deum,
1499 1049 1547 1074 eo

218 1110 323 1159 quod
346 1109 454 1146 Deus
483 1109 597 1147 habet
619 1109 831 1158 pleniorem
861 1110 1058 1146 racionem
1083 1109 1243 1146 dominii
1273 1110 1548 1157 cuiuscumque

217 1180 323 1230 quod
342 1181 515 1229 possidet
531 1186 714 1226 creatura,
733 1192 850 1230 quam
871 1180 1010 1217 Paulus
1023 1180 1063 1216 in
1078 1192 1170 1217 casu
1186 1180 1325 1217 habeat
1337 1179 1394 1217 vel
1406 1179 1548 1217 habere

217 1251 355 1300 poterit
376 1263 489 1299 super
510 1251 677 1288 Petrum.

176 1330 205 1360 c
271 1321 321 1359 Et
340 1328 442 1370 patet
462 1321 701 1371 philosophis
727 1333 807 1358 non
827 1321 969 1358 cecatis
990 1321 1029 1358 in
1048 1321 1263 1370 particulari
1286 1319 1303 1340 '¹‘
1326 1320 1546 1358 considera·
1558 1325 1581 1351 b-
1597 1325 1694 1352 buton
1706 1325 1754 1352 the

1559 1365 1689 1392 contrary
1702 1358 1805 1386 admits

217 1393 329 1430 cione
358 1392 496 1429 terreni
526 1392 686 1429 dominii
721 1392 826 1441 quod
855 1392 1167 1430 communicacio
1197 1404 1277 1429 non
1308 1393 1420 1430 obest
1454 1403 1545 1428 vero
1558 1393 1785 1459 ffilicgygmunica-

217 1462 401 1508 dominio,
418 1475 488 1500 nec
507 1463 721 1512 proprietas
743 1464 867 1511 ipsum
882 1475 950 1511 per
966 1475 1006 1500 se
1022 1463 1283 1512 consequitur,
1299 1463 1393 1511 quin
1413 1462 1547 1511 pocius
1559 1470 1806 1537 aegffiffissr‘i'ffirgy

216 1533 344 1571 omnis
363 1534 574 1582 proprietas
604 1532 725 1570 fuerat
748 1533 902 1571 racione
926 1535 1074 1582 peccati
1094 1533 1151 1570 vel
1178 1534 1469 1571 dominancium
1489 1532 1546 1569 vel
1559 1538 1651 1598 313?
1664 1538 1703 1571 by
1715 1547 1814 1565 reason

215 1604 635 1641 incommunicancium
654 1603 881 1641 introducta.
922 1603 1023 1641 Vide
1044 1616 1138 1653 ergo
1158 1605 1352 1642 racionem
1373 1603 1545 1649 dominii,

166 1690 206 1713 20
217 1681 255 1712 et
274 1674 420 1712 videbis
440 1674 546 1723 quod
566 1674 750 1712 habitudo
770 1686 847 1724 qua
862 1675 948 1723 quis
968 1675 1161 1723 preficitur
1182 1675 1358 1712 servienti
1373 1686 1547 1713 commu-

215 1746 342 1783 nicata
373 1746 419 1782 sit
452 1745 613 1794 gracior‚
647 1745 736 1795 quia
773 1745 821 1782 de
855 1752 961 1782 tanto
994 1746 1163 1783 stabilior
1201 1752 1238 1783 et
1276 1745 1547 1783 communitati

215 1817 353 1862 utilior,
387 1822 429 1853 ut
461 1823 548 1865 post
586 1828 656 1865 per
694 1815 767 1852 Dei
806 1816 977 1864 graciam
1012 1817 1246 1854 ostendetur.
1303 1816 1350 1853 In
1391 1817 1545 1864 signum

215 1888 344 1937 itaque
364 1886 670 1936 imperfeccionis
683 1886 858 1935 opposite
880 1886 1004 1923 solum
1018 1888 1263 1925 contenditur
1283 1888 1384 1925 circa
1404 1899 1546 1937 appro-

216 1958 456 2007 priacionem
487 1958 680 1994 bonorum
714 1957 875 2003 fortune,
911 1969 987 2007 que
1018 1958 1116 1995 inter
1147 1958 1318 2007 quinque
1354 1959 1548 1995 bonorum

167 2040 205 2073 25
219 2040 360 2077 genera
388 2027 536 2064 minimi
570 2033 658 2064 sunt
688 2027 850 2064 valoris:
894 2027 1147 2077 Salvatorque
1182 2036 1313 2066 noster
1346 2040 1437 2066 cum
1469 2028 1547 2066 suis

217 2099 400 2148 apostolis
420 2099 541 2135 noluit
564 2110 647 2135 esse
676 2098 923 2147 proprietarie
951 2098 1167 2145 dominans,
1190 2099 1257 2137 sed
1283 2100 1547 2137 communica-

250 2187 274 2203 2.
300 2178 456 2209 Ysz'dorum
469 2184 476 2203 2
498 2177 580 2203 Ysz'd'
596 2177 628 2208 B,
653 2177 779 2203 Vsz‘od'A
788 2177 821 2204 C.
858 2180 925 2210 post
936 2178 962 2203 A
972 2178 995 2203 B
1008 2187 1095 2211 marg.
1113 2179 1151 2205 C:
1166 2180 1238 2211 plus
1251 2179 1274 2204 B
1288 2184 1357 2206 text.
1440 2189 1479 2205 10.
1498 2188 1546 2204 ra-

216 2211 442 2277 ξιιέἕέῗίὗνῖἓὲζ
463 2211 669 2245 racz'onabz'lem
684 2211 715 2237 B.
822 2221 860 2244 17.
881 2212 1023 2237 dominio:
1044 2213 1124 2238 codd.
1138 2212 1202 2238 dno.
1308 2223 1348 2245 23.
1367 2214 1490 2245 opposite
1504 2213 1544 2239 B:

262 2308 289 2329 2.
314 2299 393 2330 Isid.
407 2299 539 2340 Hispal.
559 2298 703 2339 Etymol.
721 2299 763 2329 ix.
776 2307 815 2338 4:
842 2298 932 2330 Servi
946 2301 1057 2330 'autem
1073 2299 1272 2330 vocabulum
1288 2299 1364 2330 inde
1379 2303 1546 2331 traxerunt

216 2350 305 2392 quod
321 2351 355 2381 hi
371 2351 427 2392 qui
443 2351 510 2381 iure
526 2351 606 2382 belli
624 2355 754 2391 possent
772 2350 877 2382 occidi
894 2362 913 2381 a
926 2350 1103 2382 victoribus
1120 2352 1401 2387 conservabantur,
1415 2357 1446 2383 et
1463 2351 1544 2382 servi

216 2402 347 2440 fiebant,
379 2413 398 2432 a
424 2403 582 2433 servando
613 2401 766 2442 (scilicet)
799 2402 889 2432 servi
919 2402 1098 2443 appellati:
1130 2403 1256 2443 Migne,
1280 2404 1331 2433 82.
1360 2412 1398 2443 35
1406 2412 1433 2434 2.
1480 2403 1545 2434 But

216 2453 272 2485 the
294 2453 401 2484 words
425 2463 478 2484 are
501 2453 730 2494 substantially
746 2464 765 2484 a
783 2453 919 2485 citation
937 2453 1021 2485 from
1037 2454 1069 2485 S.
1091 2455 1265 2495 Augustin,
1287 2455 1328 2486 de
1350 2455 1448 2486 Civit.
1469 2454 1540 2493 Dei,

217 2505 281 2535 xix.
304 2513 351 2543 15,
370 2504 457 2546 Opp.
478 2511 505 2545 7.
524 2514 585 2545 559
601 2513 635 2543 G,
653 2504 716 2545 560
731 2513 764 2535 A.

265 2556 314 2588 18.
338 2556 388 2587 Cf.
406 2556 446 2587 de
461 2557 522 2587 civ.
541 2557 641 2588 Dom.
659 2558 680 2588 i.
701 2566 739 2597 14
753 2567 809 2598 pp.
826 2557 866 2596 98
884 2566 949 2598 seq.

264 2617 314 2640 20.
339 2608 520 2647 Habz'tudo,
538 2610 597 2640 διο.
645 2609 711 2639 For
726 2609 780 2639 the
796 2608 963 2640 definition
982 2619 1011 2639 v.
1029 2620 1135 2650 supra,
1154 2608 1211 2641 lib.
1230 2609 1252 2641 i.
1274 2619 1286 2640 1
1307 2621 1338 2651 p.
1358 2620 1388 2650 4.

265 2669 314 2689 21.
342 2660 490 2697 Gracior,
506 2684 512 2689 .
528 2685 533 2690 .
550 2683 556 2690 .
571 2660 729 2697 stabilior,
744 2685 750 2690 .
765 2684 770 2689 .
785 2685 791 2690 .
804 2660 931 2691 utilior.
970 2660 1136 2701 Compare
1148 2661 1201 2692 the
1215 2666 1387 2702 argument
1401 2672 1441 2692 on
1455 2660 1546 2692 these

219 2711 308 2741 three
324 2710 435 2749 heads,
455 2712 507 2742 De
524 2711 584 2742 civ.
604 2711 704 2742 Dom.
724 2712 744 2743 i.
766 2720 804 2751 14
821 2722 850 2751 pi
870 2713 922 2751 98,
940 2712 1004 2742 and
1021 2722 1073 2743 see
1090 2717 1147 2744 too
1168 2713 1366 2754 FitzRalph‚
1380 2713 1420 2744 de
1441 2713 1543 2754 Paup.

221 2761 308 2793 Salv.
325 2761 370 2792 iii¹
394 2762 432 2791 26
450 2772 514 2802 seq.

269 2822 317 2853 24.
343 2812 393 2844 Cf.
412 2813 451 2844 de
468 2814 527 2845 civ.
547 2815 645 2845 Dom.
664 2815 683 2844 i.
702 2813 732 2852 6,
754 2823 789 2854 13
808 2825 861 2855 pp.
884 2824 935 2855 44,
953 2823 1003 2855 90.
