2008 3305
211 232 268 269 44

202 1333 306 1367 Proofs·
318 1342 324 1361 :

890 225 954 256 DE
986 225 1205 258 DoMrNIO
1238 225 1414 257 Drero
1618 214 1723 274 [CAP.
1743 229 1816 257 vn.

489 341 776 391 supposicione‚
793 347 829 378 et
846 347 977 379 tamen
997 341 1124 380 omnis
1143 341 1302 379 effectus
1324 346 1452 390 potest
1467 341 1821 389 contingentissime
1835 346 1926 388 [140

488 424 568 449 non
589 411 704 449 fuisse
716 424 726 458 ,·
756 411 912 449 ulterius
933 412 1057 449 eciam
1077 411 1151 449 dici
1170 417 1298 460 potest
1318 411 1434 461 quod,
1449 410 1639 460 producto
1659 411 1820 456 mundo,

487 482 700 531 quamlibet
715 489 863 531 partem
883 482 1028 528 mundi,
1048 482 1143 519 sicut
1163 493 1433 531 quemcunque
1455 481 1646 527 effectum,
1662 493 1818 519 necesse

487 560 543 591 est
577 566 648 602 pro
682 565 752 591 suo
786 559 962 602 tempore
994 552 1242 601 conproduci,
1273 552 1370 589 sicut
1400 564 1480 589 non
1515 557 1587 589 stat
1618 551 1817 588 hominem

487 623 698 673 perfectum
720 623 810 668 fieri,
827 623 899 659 nisi
920 623 1225 660 concomitanter
1240 621 1289 659 ad
1308 623 1388 659 eius
1410 621 1718 670 complecionem
1737 629 1815 659 tam
1830 633 1848 665 5

487 706 627 743 corpus
657 706 773 743 quam
802 693 930 730 anima
960 693 1217 742 producatur:
1257 693 1322 738 sic,
1343 692 1514 741 inquam,
1536 693 1567 730 si
1591 692 1698 730 Deus
1717 693 1817 738 velit,

486 777 567 802 non
587 771 712 813 potest
730 763 919 801 mundum
944 763 1156 812 producere
1181 763 1253 800 nisi
1280 763 1387 799 illum
1414 762 1637 812 produxerit
1663 775 1711 800 ex
1738 763 1818 801 istis

484 835 656 885 partibus
685 847 730 872 ac
761 834 1023 872 accidentibus
1051 834 1292 883 integratum,
1324 833 1467 870 nedum
1498 833 1547 871 ad
1576 834 1722 882 species
1750 833 1818 871 sed

484 906 534 943 ad
553 905 746 942 individua
773 904 1056 942 descendendo.
1112 904 1162 941 Et
1189 916 1280 942 curn
1305 916 1385 942 non
1412 910 1539 953 potest
1567 903 1738 942 defectus
1768 916 1817 941 ex

483 975 871 1026 superhabundancia
890 975 946 1012 vel
967 982 1127 1024 peccato
1148 975 1187 1011 in
1208 986 1324 1023 opere
1344 974 1468 1023 primo
1488 974 1707 1020 consistere,
1725 986 1815 1012 cum
1831 986 1870 1008 10

482 1054 575 1085 tunc
602 1046 708 1084 Deus
733 1046 1006 1096 inpossibiliter
1032 1046 1237 1089 oberraret,
1266 1045 1435 1094 sequitur
1464 1044 1570 1093 quod
1598 1044 1706 1082 Deus
1734 1057 1817 1082 non

481 1123 610 1167 potest
629 1117 911 1155 universitatem
932 1116 1057 1163 aliam,
1074 1115 1092 1136 '¹‘
1107 1116 1289 1152 maiorem
1308 1115 1368 1152 vel
1387 1115 1587 1161 minorem,
1601 1115 1815 1164 producere
1828 1124 1860 1153 D

483 1200 572 1226 cum
592 1188 673 1225 aliis
698 1188 869 1237 partibus
890 1187 949 1224 vel
970 1186 1230 1224 accidentibus
1257 1197 1375 1235 quarn
1402 1194 1458 1223 est
1482 1185 1638 1235 aliquod
1663 1185 1815 1224 illorum

486 1271 561 1309 que
586 1259 658 1296 isto
680 1266 853 1307 tempore
873 1257 1147 1307 producuntur.
1828 1266 1867 1299 15

539 1329 657 1375 Quod
672 1329 797 1378 primo
812 1328 1058 1366 confirmatur
1074 1327 1121 1365 de
1142 1333 1328 1375 tempore,
1344 1339 1423 1376 quo
1443 1338 1522 1364 non
1543 1332 1669 1375 potest
1688 1327 1814 1364 maius

430 1420 435 1425 ·
485 1399 542 1438 vel
568 1399 670 1437 aliud
694 1411 777 1436 esse
803 1399 958 1444 factum,
984 1404 1026 1435 ut
1051 1397 1112 1435 hic
1141 1397 1368 1446 supponitur
1396 1409 1443 1434 ex
1472 1397 1561 1434 alibi
1590 1397 1813 1435 declaratis:

430 1503 436 1509 .
485 1470 659 1508 secundo
679 1482 727 1507 ex
747 1469 820 1507 hoc
841 1468 947 1519 quod
966 1480 1046 1506 non
1060 1474 1185 1517 potest
1201 1480 1283 1505 esse
1299 1467 1401 1504 aliud
1416 1467 1624 1516 analogum
1641 1474 1813 1505 creatum

429 1575 434 1582 ,
484 1540 591 1590 quod
619 1546 676 1578 est
699 1540 866 1589 primum
889 1546 1058 1577 creatum
1081 1538 1313 1588 principium
1339 1538 1451 1576 huius
1474 1538 1619 1577 mundi.
1668 1538 1811 1576 Tercio

480 1611 731 1650 confirmatur
766 1623 813 1649 ex
851 1610 925 1648 hoc
964 1610 1070 1660 quod
1108 1622 1189 1647 non
1228 1616 1356 1659 potest
1394 1609 1508 1647 fuisse
1547 1610 1650 1647 aliud
1688 1621 1810 1659 genus
1826 1625 1865 1649 20

479 1681 709 1727 substancie,
741 1687 777 1718 et
806 1694 874 1730 per
903 1692 1146 1729 consequens
1179 1692 1251 1718 nec
1283 1693 1405 1729 genus
1439 1680 1542 1718 aliud
1575 1680 1808 1718 accidentis:

479 1753 569 1790 satis
599 1765 768 1802 namque
792 1752 939 1788 videtur
966 1751 1015 1788 ad
1043 1763 1128 1788 esse
1158 1750 1380 1788 huiusmodi
1409 1751 1561 1800 generis
1590 1751 1810 1789 substancie

480 1824 586 1873 quod
620 1824 666 1860 sit
700 1827 877 1860 creatura
910 1822 1131 1859 huiusmodi
1165 1822 1213 1859 de
1251 1829 1359 1871 parte
1398 1828 1535 1871 potens
1568 1822 1741 1867 existere,
1772 1828 1809 1859 et

425 1926 431 1932 .
481 1894 662 1932 differens
676 1906 800 1943 genus
814 1893 1032 1931 substancie
1046 1904 1125 1930 non
1139 1899 1266 1942 potest
1278 1892 1386 1929 Deus
1398 1892 1621 1941 producere.
1657 1891 1808 1937 Quarto

478 1965 727 2003 confirmatur
756 1976 803 2001 ex
833 1963 906 2001 hoc
936 1963 1043 2012 quod
1072 1963 1208 2000 eadem
1237 1963 1383 2012 species
1409 1962 1541 2000 fenicis
1569 1962 1626 1999 vel
1656 1962 1806 2000 alterius
1822 1975 1860 2008 25

476 2035 689 2085 imperfecti
705 2035 800 2071 redit
815 2041 903 2083 post
926 2035 983 2071 sui
1006 2033 1250 2079 desicionem,
1273 2045 1361 2070 cum
1382 2033 1490 2070 aliter
1509 2033 1807 2071 individuaretur

476 2119 499 2144 a
518 2112 689 2155 tempore
710 2105 768 2142 vel
789 2105 973 2149 subiecto,
988 2103 1093 2153 quod
1113 2110 1171 2141 est
1188 2110 1320 2141 contra
1340 2103 1537 2141 racionem
1557 2104 1803 2142 universalis:

475 2189 579 2225 ergo,
600 2188 668 2225 per
689 2176 818 2213 locum
840 2188 862 2212 a
884 2174 1085 2212 sufficienti
1108 2174 1364 2219 similitudine,
1387 2174 1418 2210 si
1447 2174 1554 2211 Deus
1583 2174 1806 2212 anichilaret

474 2252 600 2284 totum
620 2246 710 2283 illud
729 2258 852 2294 genus
873 2245 1091 2282 substancie
1116 2252 1152 2281 et
1172 2244 1308 2281 iterum
1328 2250 1514 2281 recrearet
1533 2256 1804 2294 quamcunque

474 2317 747 2362 substanciam,
768 2315 863 2353 foret
884 2315 1034 2352 realiter
1054 2315 1191 2352 eadem
1215 2315 1396 2352 definicio
1422 2315 1640 2352 substancie
1670 2321 1705 2352 et
1735 2328 1803 2364 per
1817 2331 1858 2361 30

471 2399 713 2437 consequens
729 2387 830 2423 idem
847 2398 968 2434 genus
982 2398 991 2432 3
1020 2392 1055 2422 et
1072 2385 1174 2422 idem
1191 2385 1336 2422 videtur
1352 2385 1398 2422 de
1416 2385 1585 2434 quolibet
1601 2385 1803 2423 universali

474 2457 692 2496 substancie
730 2457 788 2493 vel
826 2456 1035 2493 accidentis
1073 2468 1148 2505 que
1190 2462 1322 2492 causat
1360 2455 1650 2504 quomodolibet
1687 2456 1801 2493 istum

422 2558 429 2565 .
476 2528 676 2566 mundum.
753 2527 900 2573 Quinto
948 2527 1196 2565 confirmatur
1242 2538 1289 2563 ex
1338 2526 1568 2563 sufficiencia
1615 2539 1801 2575 generum

472 2606 664 2637 creature:
696 2610 787 2635 narn
808 2597 913 2634 Deus
934 2609 1013 2634 non
1035 2603 1159 2645 potest
1179 2597 1384 2646 quicquam
1404 2596 1560 2633 adextra
1586 2597 1799 2645 producere

471 2669 575 2720 quod
606 2681 677 2706 nec
708 2669 754 2706 sit
784 2668 1004 2705 substancia
1033 2667 1091 2703 vel
1120 2667 1311 2713 accidens,
1334 2679 1405 2703 nec
1435 2668 1694 2704 substanciam
1725 2668 1796 2705 nisi
1811 2679 1850 2711 35

471 2740 530 2778 vel
568 2751 795 2788 corpoream
834 2738 891 2775 vel
934 2738 1215 2787 incorpoream,
1254 2750 1326 2775 nec
1365 2750 1589 2786 corpoream
1628 2738 1699 2775 nisi
1738 2738 1796 2775 vel

676 2842 700 2866 6'.
721 2842 730 2870 ΙΙ
744 2840 784 2866 sic
799 2840 820 2865 B
836 2839 854 2867 s.
869 2841 916 2866 218
930 2849 954 2866 c.
1105 2849 1145 2872 23.
1167 2839 1288 2872 depart‘e
1302 2840 1327 2865 A
1337 2839 1360 2866 C
1373 2846 1378 2865 ζ
1400 2840 1512 2872 deiper
1523 2849 1552 2866 se
1566 2840 1599 2866 B.
