2008 3305
199 251 284 278 CAP.
308 236 385 294 1x.]
684 246 831 278 LIBER
861 246 1057 279 PRIMUS.
1757 235 1807 275 61

80 367 179 408 20B]
197 363 414 401 necessario
454 361 698 407 intellectum,
731 368 767 399 et
806 373 889 399 esse
927 362 1228 411 presupponitur
1264 360 1313 397 ad
1351 360 1528 410 intelligi·
1542 365 1794 427 {jsffhienssjffissffle

193 433 390 479 bilitatem‚
413 433 509 470 sicut
533 432 749 470 subiectum
770 432 819 470 ad
842 432 1077 481 passionem,
1104 431 1276 481 sequitur
1292 431 1397 480 quod
1413 443 1530 468 omne
1780 419 1786 432 ’

195 510 365 542 creatum
393 503 508 540 habet
545 514 628 540 esse
662 502 896 552 intelligibile
926 502 1101 540 absolute
1131 502 1390 539 necessarium
1425 501 1532 550 quod

194 581 250 612 est
270 586 353 611 esse
374 573 609 622 intelligibile
630 572 688 609 vel
708 585 793 610 esse
814 572 1050 610 intellectum
1071 573 1221 610 adintra
1241 572 1280 609 in
1301 572 1387 609 Deo
1409 570 1532 621 (iuxta

162 644 286 684 5illud
316 643 399 681 Ioh.
430 643 454 681 i.
487 656 548 691 34,
587 642 695 689 Quod
703 643 858 692 sactum
887 647 940 680 esl
963 644 1002 679 z'n
1031 644 1108 691 ipso
1137 644 1215 679 vila
1243 641 1364 693 erat):
1403 649 1440 680 et
1472 654 1531 679 res

195 714 406 752 secundum
433 726 514 752 esse
544 713 792 762 intelligibile,
815 713 922 763 quod
948 719 1004 750 est
1025 713 1239 751 secundum
1264 713 1444 750 ultimum
1465 725 1532 750 sue

193 784 506 834 intelligibilitatis
536 784 750 821 eternaliter
780 783 1027 829 intellectum,
1058 790 1116 821 est
1148 784 1246 833 ydea
1275 790 1445 821 creature
1474 783 1535 821 vel

194 856 295 893 racio
334 855 585 904 exemplaris3
630 861 667 891 et
701 854 838 892 eadem
872 866 932 891 res
964 854 1178 892 secundum
1210 854 1464 891 existenciam
1495 855 1533 891 in

194 937 333 975 genere
373 932 429 962 est
467 924 636 962 effectus.
694 925 745 962 Et
784 924 879 961 solvi
919 924 1008 962 alibi
1047 925 1224 973 argucias
1272 932 1428 962 vocatas
1466 938 1532 962 ex-

142 1007 181 1028 10
195 996 422 1046 positorium
443 995 710 1044 sillogismum.

1545 1031 1600 1056 and

248 1066 309 1102 Ex
331 1066 403 1103 isto
425 1065 546 1103 eciam
567 1065 725 1102 ulterius
755 1065 866 1102 elicui
900 1065 1006 1115 quod
1036 1066 1065 1103 si
1092 1078 1161 1103 ens
1189 1066 1374 1115 signabile
1401 1073 1530 1115 potest
1543 1073 1570 1123 g.
1584 1064 1622 1123 ‘J‘
1626 1064 1779 1095 ‘'lep‘’fen·

194 1149 290 1182 esse,
321 1143 412 1173 tunc
440 1135 660 1185 intelligitur
689 1148 712 1172 a
741 1135 840 1181 Deo,
871 1136 960 1185 quia
990 1137 1040 1173 ab
1071 1148 1119 1173 eo
1148 1143 1273 1185 potest
1301 1137 1463 1186 intelligi
1499 1100 1714 1175 31ῖηιῖἒῑῗῑῖζῗίῖΞ
1727 1098 1795 1156 ἵζε

194 1207 330 1256 poterit
369 1206 554 1255 produci:
595 1213 631 1243 et
660 1218 749 1244 cum
781 1218 860 1244 non
890 1213 1016 1255 potest
1051 1207 1220 1256 incipere
1255 1208 1314 1245 vel
1356 1208 1531 1245 desinere

195 1278 409 1327 quidquam
446 1277 667 1326 intelligere,
709 1277 882 1326 sequitur
921 1277 1027 1327 quod
1070 1278 1100 1315 si
1140 1279 1299 1328 aliquod
1345 1279 1532 1328 signabile

154 1354 181 1383 O
195 1354 320 1397 potest
341 1360 363 1384 a
382 1347 468 1385 Deo
488 1348 645 1397 intelligi
665 1348 723 1384 vel
752 1348 927 1397 produci,
948 1348 1172 1395 eternaliter,
1196 1348 1214 1368 ‘¹‘
1236 1361 1328 1398 ymo
1357 1350 1532 1388 absolute

196 1419 424 1463 necessario,
446 1418 666 1466 intelligitur
695 1419 744 1455 ab
774 1418 933 1464 eodem,-
975 1425 1011 1455 et
1039 1431 1106 1468 per
1136 1431 1391 1469 consequens,
1413 1421 1444 1458 si
1473 1433 1532 1458 res

195 1495 322 1538 potest
346 1500 428 1525 esse
456 1488 533 1526 sive
563 1489 738 1538 existere,
761 1494 852 1526 tunc
877 1495 935 1526 est
959 1489 1180 1527 necessario
1210 1490 1381 1539 quodam
1401 1491 1532 1529 modo·

194 1560 245 1597 Et
276 1564 379 1608 patet
409 1558 609 1609 quomodo
643 1559 733 1596 talia
764 1560 998 1608 expositorie
1031 1560 1173 1597 debent
1203 1560 1344 1607 inferri,
1382 1561 1531 1609 Homo,

195 1630 373 1675 chimera,
394 1629 684 1677 inintelligibile,
705 1629 764 1666 vel
792 1629 894 1667 aliud
923 1629 1109 1679 signabile
1136 1631 1357 1680 intelligitur
1383 1644 1405 1668 a
1432 1631 1532 1670 Deo.

143 1712 182 1734 20
195 1700 323 1738 Debet
353 1700 457 1738 enim
490 1700 544 1737 sic
577 1700 709 1749 argui:
741 1700 832 1738 Hoc
867 1701 1089 1749 intelligitur
1119 1713 1141 1738 a
1174 1701 1273 1747 Deo,
1301 1708 1338 1739 et
1369 1702 1445 1740 hoc
1474 1710 1532 1740 est

196 1771 325 1817 homo,
343 1770 524 1817 chimera,
541 1771 832 1819 inintelligibile,
843 1771 901 1809 vel
918 1772 1021 1809 aliud
1042 1772 1333 1821 assignandum,
1351 1785 1443 1822 ergo
1460 1780 1531 1811 etc.

195 1842 312 1879 Unde
333 1841 469 1879 falsum
490 1847 547 1878 est
573 1841 679 1892 quod
700 1841 808 1878 Deus
829 1842 1016 1891 intelligat
1036 1843 1205 1892 aliquam
1226 1849 1437 1881 creaturam
1458 1856 1532 1895 que

195 1924 275 1950 non
295 1918 363 1958 est,
384 1912 474 1962 quia
494 1918 586 1949 tunc
613 1911 716 1949 idem
743 1912 856 1949 simul
878 1919 935 1950 est
956 1919 992 1950 et
1016 1925 1097 1950 non
1123 1920 1180 1951 est
1196 1927 1205 1960 ;
1235 1926 1340 1963 ymo,
1359 1915 1531 1953 admisso

196 1982 302 2031 quod
328 1982 445 2019 multe
476 1988 648 2019 creature
674 1988 839 2031 possunt
864 1995 959 2028 esse,
983 1995 1058 2033 que
1088 1995 1169 2021 non
1197 1990 1296 2032 sunt,
1320 1985 1446 2023 adhuc
1476 1992 1533 2024 est

144 2059 182 2091 25
197 2053 344 2090 fallacia
378 2053 598 2100 accidentis,
627 2054 681 2091 sic
722 2054 948 2103 arguendo:
1010 2054 1136 2092 ‘Deus
1165 2062 1292 2105 potest
1322 2056 1532 2105 intelligere

198 2128 206 2145 ‘
223 2125 336 2161 istam
357 2124 630 2170 substanciam,
653 2130 689 2161 et
710 2124 763 2162 sic
786 2124 833 2162 de
855 2136 1087 2175 quacunque
1103 2127 1379 2164 nominacione
1399 2140 1531 2177 super-

198 2194 386 2232 ‘addente
416 2195 643 2241 essenciam,
677 2201 713 2232 et
743 2195 820 2232 iam
849 2207 929 2233 non
962 2196 1136 2246 intelligit
1166 2198 1277 2235 istam
1307 2205 1532 2245 creaturam,

200 2269 208 2284 ‘
225 2277 318 2314 ergo
339 2271 468 2314 potest
488 2265 697 2314 intelligere
725 2265 883 2315 aliquod
911 2278 981 2304 ens
1009 2267 1113 2316 quod
1137 2268 1213 2305 iam
1234 2280 1314 2305 non
1336 2269 1531 2318 intelligit.'

198 2335 302 2372 Nam
332 2347 450 2373 omne
483 2348 552 2373 ens
582 2335 689 2385 quod
718 2342 843 2385 potest
873 2348 968 2383 esse,
997 2337 1084 2375 data
1115 2345 1297 2385 creatura,
1327 2339 1433 2377 Deus
1463 2354 1529 2378 ne-

145 2424 186 2455 30
200 2407 363 2444 cessario
394 2406 568 2444 absolute
604 2406 792 2455 intelligit,
827 2407 917 2456 quia
947 2419 1031 2445 esse
1066 2408 1303 2459 intelligibile
1341 2410 1400 2447 vel
1439 2411 1529 2449 illud

200 2476 306 2526 quod
335 2482 463 2525 potest
489 2488 574 2514 esse
600 2477 798 2525 exemplar
817 2477 875 2514 vel
903 2477 1001 2526 ydea
1028 2479 1115 2517 date
1141 2486 1323 2518 creature.
1383 2481 1459 2518 Sed
1482 2494 1528 2519 ex

198 2547 273 2585 hoc
293 2559 373 2584 non
394 2547 561 2596 sequitur
581 2547 687 2596 quod
707 2546 815 2584 Deus
836 2547 1010 2597 intelligit
1031 2549 1143 2586 istam
1163 2556 1378 2588 creaturam
1394 2565 1403 2598 ;
1434 2552 1529 2590 sicut

232 2641 257 2664 9.
277 2634 394 2657 vocatas
407 2632 430 2657 B
442 2638 448 2657 z
469 2634 587 2658 notatas
600 2632 625 2657 A
635 2631 668 2658 C.
750 2642 788 2665 13.
805 2633 919 2664 poterit
930 2642 983 2660 om.
999 2634 1031 2660 B.
1120 2644 1150 2668 19
1163 2635 1189 2661 &
1202 2645 1243 2662 21.
1257 2636 1474 2670 inz'ntellzssgibz'le
1488 2638 1511 2663 Β
1523 2645 1528 2663 z

199 2665 383 2698 intelligibile
395 2665 421 2690 A
431 2665 463 2691 C.
568 2675 609 2693 21.
631 2667 639 2695 ΙΙ
651 2665 700 2691 vel
710 2665 733 2691 B
746 2666 765 2692 f.
779 2675 826 2691 221
837 2675 861 2692 B.

244 2741 273 2772 5.
301 2733 398 2771 Quod
412 2733 547 2773 factum
575 2736 629 2772 est,
656 2733 716 2764 &c.
773 2732 855 2764 This
883 2733 1025 2765 division
1059 2734 1097 2765 of
1117 2735 1172 2767 the
1199 2739 1267 2768 text
1290 2737 1317 2768 is
1348 2738 1448 2769 found
1480 2739 1530 2769 for

199 2784 344 2814 instance
367 2784 400 2813 in
423 2783 454 2815 S.
471 2784 647 2824 Augustin,
665 2784 703 2814 In
719 2783 792 2814 Ioh.
810 2784 936 2825 Evang.
954 2784 986 2815 ii.
1007 2784 1055 2823 16,
1079 2787 1166 2827 Opp.
1185 2796 1203 2826 3
1222 2788 1272 2828 (2)
1293 2796 1352 2829 295
1371 2789 1482 2831 G-296
1500 2797 1530 2821 Β.

200 2834 354 2875 Wyeliffe
370 2834 429 2865 has
445 2835 470 2865 it
487 2834 671 2873 elsewhere,
690 2845 715 2866 e.
729 2845 760 2875 g.
779 2836 831 2866 De
848 2836 909 2867 civ.
928 2836 1029 2868 Dom.
1047 2837 1068 2867 i.
1086 2847 1129 2877 44
1146 2848 1178 2878 p.
1197 2845 1270 2879 397.
