2095 3278
215 216 299 271 366
867 225 1074 258 RICARDI
1107 226 1407 259 ARMACHANI
1872 216 1974 274 [Lm.
1992 230 2041 259 11.

545 330 631 365 RIC.
659 330 746 365 Non
762 331 946 376 sequitur;
974 330 1151 376 quoniam
1168 331 1258 366 alias
1275 331 1403 366 fuisset
1421 331 1535 365 homo
1549 330 1586 365 in
1606 342 1672 366 sua
1685 331 1826 376 origine
1840 331 1937 373 [2213

495 387 715 422 necessariis
727 388 936 432 destitutus,
949 395 1011 423 aut
1027 389 1159 423 saltem
1171 388 1208 423 in
1221 388 1442 424 necessariis
1453 389 1654 424 diminutus
1667 390 1825 434 amplius

495 444 707 483 volatilibus
732 445 801 480 celi
827 452 863 481 et
888 446 1030 488 bestiis,
1057 447 1157 491 quod
1181 446 1295 490 glorie
1320 446 1414 481 tanti
1445 446 1501 481 sui
1530 446 1692 481 Artificis
1719 447 1824 481 dero-

495 508 599 545 garet
618 514 626 546 ;
652 509 687 537 et
710 503 974 538 nichilominus
997 504 1269 548 perfeccionem
1292 503 1454 539 hominis
1478 504 1516 538 in
1542 516 1609 539 sua
1632 504 1826 540 creacione

496 560 611 594 habes
637 561 806 605 superius
826 561 1072 596 affirmatam:
1109 561 1200 596 satis
1224 573 1311 606 ergo
1332 568 1388 597 est
1412 562 1559 596 firmum
1584 562 1683 607 quod
1701 562 1824 597 Adam
1838 570 1857 602 5

497 617 596 652 istud
626 617 833 653 dominium
859 630 1031 663 respuere
1062 630 1139 653 non
1172 624 1316 664 poterat
1343 630 1390 654 ne
1418 619 1577 662 daretur,
1606 630 1676 654 nec
1709 620 1826 655 semel

496 682 691 720 acceptum
709 675 831 721 ipsum
850 676 1023 711 abdicare
1041 682 1196 720 poterat,
1215 677 1340 721 gracia
1357 677 1406 712 ad
1424 687 1537 722 quam
1560 677 1771 712 necessario
1788 677 1826 712 in

496 733 647 769 homine
665 734 810 769 mortali
829 734 993 780 sequitur
1009 741 1237 770 remanente.

345 849 478 882 XXIII.
545 847 778 882 IOHANNES.
802 847 923 882 Video
936 847 1034 882 istud
1053 846 1229 892 originale
1249 847 1455 882 dominium
1472 858 1546 882 non
1564 858 1676 893 posse
1692 848 1741 883 ab
1758 848 1825 883 ali-

217 907 346 941 original
360 908 483 942 lordship
496 915 568 949 quo
586 904 752 939 abdicari
767 916 775 940 ε
804 911 859 940 set
874 905 934 940 dic
952 905 1107 950 nunquit
1124 911 1246 950 potest
1265 905 1302 940 in
1319 905 1444 950 aliquo
1461 905 1577 940 minui
1596 912 1659 940 aut
1677 905 1823 950 augeri3
1841 913 1881 935 10

216 941 387 1001 gffiffiitsffid
399 975 428 1001 in
496 968 542 1006 et,
561 969 599 997 ut
618 962 737 1007 magis
755 970 880 1008 aperte
899 963 1112 1007 intelligam,
1132 963 1162 997 si
1184 974 1257 1008 quo
1274 963 1386 998 modo
1404 963 1493 998 illud
1512 963 1690 1008 originale
1707 964 1825 998 domi-

215 1008 432 1068 }{ssfftfgffiffact'
495 1019 599 1054 nium
624 1020 703 1055 sive
727 1020 799 1055 ista
825 1020 1026 1055 auctoritas
1056 1021 1172 1066 possit
1197 1020 1518 1064 imminui,*ecce,
1545 1033 1589 1055 ex
1615 1032 1688 1066 quo
1713 1022 1867 1056 homoG

495 1084 618 1122 potest
634 1077 909 1113 racionabiliter
919 1090 997 1113 rem
1011 1085 1169 1113 tractare
1183 1078 1400 1113 auctoritate
1418 1079 1587 1123 originali
1601 1080 1740 1124 absque
1753 1079 1825 1114 hoc
1837 1087 1900 1108 ecce
1913 1087 1978 1108 0111-
1997 1085 2029 1109 B·

495 1135 595 1180 quod
613 1135 667 1169 sic
684 1146 765 1170 rem
783 1136 883 1170 illam
904 1142 1062 1171 tractare
1080 1135 1330 1171 necessarium
1350 1136 1396 1171 sit
1413 1137 1546 1179 eidem,
1563 1136 1708 1171 videtur
1725 1136 1826 1182 quod

494 1204 560 1238 per
569 1199 698 1227 votum
711 1194 830 1238 possit
843 1193 1044 1229 auctoritas
1058 1193 1119 1228 illa
1130 1193 1311 1238 restringi.
1336 1194 1450 1229 Verbi
1464 1193 1601 1239 gracia,
1613 1194 1725 1229 homo
1737 1194 1825 1229 ieiu-
1841 1204 1879 1236 15

494 1262 582 1286 nare
600 1257 749 1296 propter
767 1252 891 1286 Deum
908 1258 1043 1296 potest,
1061 1257 1097 1286 et
1114 1251 1166 1286 ita
1181 1251 1253 1286 cibi
1271 1262 1380 1286 usum
1403 1252 1636 1296 restringere,
1655 1251 1826 1297 quamvis

494 1307 590 1343 iuste
619 1309 703 1343 cibo
730 1309 783 1343 uti
806 1309 938 1354 poterit
964 1309 1156 1354 ampliori;
1192 1309 1246 1344 sic
1272 1315 1394 1354 potest
1417 1310 1582 1345 vestibus
1608 1309 1735 1354 paucis
1761 1309 1825 1353 uti,

495 1366 579 1401 licet
598 1366 694 1401 iuste
710 1367 877 1411 pluribus
895 1367 947 1401 uti
965 1366 1106 1412 possit;
1132 1373 1169 1402 et
1186 1373 1308 1411 potest
1326 1367 1537 1402 castitatem
1562 1378 1720 1411 servare,
1740 1367 1825 1402 licet

495 1423 548 1459 uti
578 1424 693 1469 possit
720 1436 853 1460 uxore:
880 1425 1027 1459 videtur
1052 1424 1227 1469 consequi
1255 1424 1356 1470 quod
1385 1424 1504 1470 possit
1531 1436 1576 1460 ex
1603 1430 1689 1460 voto
1719 1436 1825 1459 suam

495 1481 753 1517 auctoritatem
771 1481 998 1527 originalem,
1017 1493 1088 1527 que
1105 1482 1155 1517 ad
1175 1481 1386 1517 huiusmodi
1408 1494 1516 1517 usum
1542 1481 1630 1526 (non
1654 1480 1823 1527 dubium)
1840 1491 1882 1513 20

495 1551 536 1575 se
552 1539 728 1583 extendit,
741 1541 791 1574 ad
808 1551 917 1575 usum
934 1539 1184 1575 necessarium
1201 1546 1238 1575 et
1256 1539 1375 1575 eciam
1392 1551 1514 1575 rerum
1533 1540 1826 1575 necessariarum

495 1604 646 1643 propter
664 1598 736 1633 Dei
753 1609 919 1633 amorem
937 1597 1171 1642 restringere.

544 1657 775 1691 RICARDUS.
803 1657 856 1691 Ut
874 1662 939 1691 tua
956 1655 1145 1691 conclusio
1163 1660 1387 1700 sequeretur,
1403 1654 1569 1699 deberes,
1588 1660 1628 1690 ut
1645 1655 1757 1690 michi
1772 1654 1827 1690 vi-

499 1713 617 1757 detur,
631 1712 780 1748 adicere
795 1713 894 1758 quod
906 1724 1062 1758 semper,
1077 1724 1162 1747 curn
1176 1712 1257 1758 quis
1269 1724 1377 1748 usum
1390 1724 1512 1748 rerum
1526 1714 1688 1757 haberet,
1701 1719 1827 1758 posset

498 1771 656 1815 gradum
674 1769 906 1806 necessitatis
925 1771 1099 1806 distincte
1117 1781 1320 1814 agnoscere
1337 1782 1346 1812 ;
1381 1770 1481 1816 quod
1498 1782 1609 1805 nemo
1631 1771 1764 1815 poterit
1789 1770 1825 1805 in
1841 1780 1880 1813 25

498 1829 573 1863 hac
590 1828 677 1871 vita,
696 1840 782 1863 cum
800 1829 969 1873 voluptas
987 1834 1023 1863 et
1042 1827 1237 1872 cupiditas,
1256 1828 1423 1870 velimus,
1442 1827 1613 1871 nolimus,
1632 1827 1827 1873 sepissime

499 1886 537 1920 in
555 1886 661 1921 nobis
680 1885 916 1921 necessitatis
938 1885 1051 1931 pallio
1067 1885 1283 1921 vestiantur.
1334 1885 1534 1930 Quomodo
1555 1885 1655 1920 enim
1676 1886 1757 1931 quis
1781 1897 1827 1920 ex

497 1950 584 1979 voto
603 1955 642 1979 se
660 1944 709 1978 ad
726 1943 764 1978 id
781 1943 900 1988 possit
922 1943 1127 1988 astringere
1145 1943 1244 1988 quod
1267 1954 1341 1978 non
1358 1949 1479 1988 potest
1498 1942 1671 1978 distincte
1691 1954 1825 1987 agnos-

495 2013 591 2045 cere,
608 2012 684 2036 non
703 2000 860 2038 videtur.

546 2060 638 2096 IOH.
665 2059 806 2094 Saltem
832 2058 936 2104 sequi
961 2057 1106 2093 videtur
1130 2058 1229 2103 quod
1255 2069 1300 2093 ex
1317 2064 1402 2093 voto
1428 2063 1550 2103 potest
1574 2069 1614 2093 se
1638 2058 1752 2093 homo
1776 2057 1824 2092 ad
1839 2066 1881 2098 30

496 2116 749 2152 necessarium
776 2122 811 2151 et
835 2127 957 2151 rerum
983 2116 1276 2151 necessariarum
1306 2127 1425 2159 usum,
1450 2116 1640 2151 dumtaxat
1666 2127 1734 2151 suo
1760 2127 1826 2150 seu

496 2174 648 2210 alterius
674 2185 785 2219 quern
807 2173 1036 2219 superiorem
1060 2173 1097 2207 in
1119 2173 1191 2208 hoc
1213 2172 1367 2208 forsitan
1386 2173 1464 2208 vult
1491 2173 1629 2209 habere
1654 2172 1826 2216 iudicem,

496 2243 603 2267 suam
620 2231 837 2276 originalem
854 2231 1111 2266 auctoritatem
1129 2231 1355 2275 restringere.

543 2291 631 2325 R1c.
658 2291 795 2324 Fateor
822 2289 872 2324 ita
898 2300 992 2332 esse,
1017 2289 1221 2323 secundum
1246 2288 1399 2323 modum
1425 2287 1634 2333 exponendi
1660 2288 1698 2323 in
1725 2293 1825 2323 sexto
1838 2286 2041 2318 mod-tamen

494 2347 589 2382 libro
607 2347 723 2390 istius,
735 2347 823 2381 dum
842 2353 967 2382 tamen
986 2346 1024 2380 id
1042 2346 1105 2381 fiat
1118 2346 1155 2381 in
1173 2357 1317 2390 genere,
1331 2357 1406 2380 non
1419 2346 1467 2380 ad
1481 2352 1686 2380 creatarum
1703 2357 1826 2380 rerum
1837 2335 1906 2371 exp·
1921 2337 1951 2361 Β·

495 2417 604 2440 usum
624 2404 661 2439 in
680 2404 814 2449 specie,
832 2415 878 2439 ne
902 2404 995 2439 forte
1013 2403 1083 2439 illis
1108 2404 1218 2438 rebus
1239 2403 1456 2438 absentibus
1479 2408 1517 2438 et
1542 2404 1652 2438 rebus
1678 2414 1723 2438 ex
1739 2409 1825 2438 voto

495 2462 679 2497 abdicatis
712 2461 946 2507 presentibus
973 2472 1111 2496 nomen
1138 2461 1280 2496 solvere
1309 2467 1511 2505 urgeretur,
1538 2467 1601 2495 aut
1628 2460 1683 2495 sui
1710 2460 1825 2505 ipsius

495 2520 573 2555 fieri
599 2519 796 2554 homicida.
848 2519 951 2554 Sicut
976 2519 1088 2561 enirn,
1108 2519 1207 2554 iuxta
1233 2519 1457 2554 decretalem
1483 2517 1623 2553 domini
1650 2519 1684 2553 N
1691 2517 1823 2553 icholai
1837 2518 1860 2569 6¹
1874 2520 1970 2569 Deer.
1985 2531 2016 2551 v.

499 2579 571 2620 III,
588 2577 704 2612 Exiit
727 2578 796 2622 qui
815 2578 986 2620 seminat,
1005 2576 1129 2611 leclla
1145 2579 1308 2621 prorsus
1320 2579 1446 2621 potest
1465 2587 1539 2610 esse
1555 2576 1740 2620 professio
1756 2587 1826 2620 que
1837 2568 1888 2595 tlt·
1905 2572 1961 2595 ΧΗ·
1976 2572 2005 2603 3·

494 2647 520 2670 a
537 2647 573 2670 se
590 2646 701 2669 usum
718 2635 966 2670 necessamcm
983 2634 1270 2670 sustentacz'onz's
1285 2633 1451 2668 excludit
1469 2632 1587 2678 (cuius
1605 2632 1693 2667 dicti
1712 2644 1825 2668 causa
1837 2643 1880 2674 40

494 2693 650 2735 videtur,
669 2698 769 2737 puta,
787 2692 887 2737 quod
904 2703 1014 2726 nemo
1029 2692 1139 2727 debet
1157 2703 1196 2727 se
1214 2697 1346 2736 sponte
1361 2690 1570 2726 necessaria
1588 2689 1659 2725 sibi
1678 2690 1824 2725 subtra-

495 2751 621 2786 hendo
638 2750 805 2785 occidere
823 2755 887 2784 aut
905 2761 945 2784 se
963 2749 1129 2784 districte
1147 2749 1221 2784 vite
1239 2749 1481 2792 committere,
1501 2748 1594 2783 sicut
1614 2747 1662 2782 ibi
1681 2748 1826 2782 videtur

496 2814 583 2843 ante
611 2806 778 2853 innuere)
794 2819 802 2852 ;
839 2807 891 2842 sic
922 2807 1042 2842 nullus
1073 2807 1166 2842 iuste
1197 2812 1318 2852 potest
1351 2806 1505 2842 alicuius
1539 2805 1627 2842 certi
1656 2805 1727 2840 cibi
1761 2811 1825 2840 aut
