2008 3305
189 191 273 219 210

188 668 212 684 2.
233 658 239 670 ‘
248 658 307 684 Gift
316 659 322 668 ’
334 667 400 691 may

188 701 267 717 mean
285 692 443 724 materially

187 725 235 751 the
246 725 327 758 thing
339 726 431 758 given,

186 938 242 964 and
256 938 283 964 in
297 938 353 964 this
366 947 445 965 sense

186 972 206 997 it
220 973 304 997 refers
318 978 347 998 to
360 973 407 998 the

185 1005 253 1037 gifts
266 1005 357 1031 which

185 1039 279 1064 follow
292 1039 339 1064 the
353 1039 392 1064 in-

186 1072 318 1104 dwelling
331 1073 362 1098 of
373 1073 420 1099 the

186 1105 361 1139 holySpirit.

871 188 935 219 DE
970 187 1188 220 DOMINIO
1222 187 1395 219 DIVINo
1608 175 1715 233 [CAR
1741 188 1788 216 IL

469 302 693 340 Cavendum
729 308 858 340 tamen
893 308 963 348 est,
997 302 1209 339 secundum
1238 302 1512 351 Augustinum‚
1542 313 1591 338 ne
1620 300 1795 338 credatur
1813 301 1905 343 [720

467 385 673 422 personam
702 374 806 422 prius
830 385 912 410 esse
941 373 1002 410 cui
1031 373 1140 410 dacio
1172 373 1218 410 sit
1243 373 1416 418 adiecta;
1447 371 1514 409 sed
1541 371 1637 408 sieut
1660 369 1795 407 artifex

468 443 533 480 dat
552 455 634 480 esse
656 443 789 480 domui
810 450 846 480 et
866 455 1057 491 generans
1085 442 1151 480 dat
1179 455 1262 480 esse
1285 442 1514 491 producibili
1541 440 1718 486 naturali,
1740 440 1794 477 sic

466 525 551 551 esse
564 513 765 562 personale
779 520 835 551 est
849 513 979 551 datum
989 513 1141 562 utrique
1150 525 1312 562 persone
1328 513 1514 562 producte
1528 510 1794 556 diversimode,

466 590 508 620 ut
527 589 584 621 est
605 583 759 620 dictum.
1808 591 1826 624 5

520 653 572 690 Et
601 653 639 689 in
670 654 809 691 talibus
844 653 1208 702 equivoeacionibus
1240 653 1417 690 laborant
1448 652 1607 701 plurimi,
1641 658 1682 688 ut
1715 658 1796 688 tam

467 724 615 761 donum
635 735 752 772 quam
780 723 995 760 dominium
1017 728 1140 772 potest
1161 723 1283 772 accipi
1303 723 1545 760 materialiter
1571 735 1640 772 pro
1664 722 1728 759 illo
1748 722 1795 759 de

457 806 544 842 quo
574 793 615 830 fit
643 794 808 830 donacio
838 794 915 830 sive
945 794 1191 840 dominaci0;
1227 794 1324 831 sicut
1357 793 1516 842 Spiritus
1551 799 1706 830 sanctus
1739 798 1795 830 est

466 864 649 901 omnibus
682 864 784 901 idem
818 863 977 910 donum,
1007 870 1043 901 et
1073 876 1132 901 res
1160 876 1340 913 possessa
1369 871 1427 901 est
1455 869 1534 900 tam
1564 863 1651 900 Deo
1678 874 1795 912 quam

466 934 652 984 quotlibet
683 934 864 971 creaturis
899 935 1002 971 idem
1037 934 1232 971 materiale
1271 934 1496 971 dominium.
1570 933 1796 970 Formaliter
1811 947 1851 969 10

465 1012 592 1042 autem
606 1004 816 1054 loquendo,
831 1010 935 1054 patet
951 1005 1058 1054 quod
1072 1012 1126 1042 est
1140 1005 1229 1042 dare
1246 1005 1453 1050 caritatem,
1470 1004 1791 1050 dominacionem,

463 1082 501 1113 et
529 1082 654 1113 cetera
684 1075 722 1111 in
752 1080 926 1112 creatura
959 1075 1142 1121 subiecta,
1166 1074 1184 1094 *
1218 1088 1293 1124 qua
1317 1076 1558 1124 appropriate
1588 1074 1840 1112 formaliterD

463 1146 610 1196 singule
635 1152 818 1191 creature,
841 1158 916 1194 que
937 1145 1028 1182 illud
1049 1146 1197 1183 donum
1224 1146 1421 1195 recipiunt,
1442 1145 1722 1182 informantur:
1753 1151 1795 1181 ut

462 1218 611 1263 caritas,
646 1229 720 1266 que
754 1223 811 1254 est
841 1217 1042 1254 hominem
1074 1229 1156 1254 esse
1190 1228 1333 1262 carum,
1366 1215 1597 1260 dominacio,
1627 1227 1703 1263 que
1737 1221 1794 1251 est

463 1294 678 1325 creaturam
699 1299 782 1324 esse
804 1287 1113 1333 dominum‚—et
1137 1287 1188 1324 sic
1210 1286 1257 1323 de
1278 1286 1359 1324 aliis
1386 1286 1498 1323 donis
1524 1291 1793 1335 supernatura·
1812 1288 1847 1320 ¹5

462 1359 572 1403 libus,
594 1369 668 1406 que
698 1357 747 1394 ad
771 1357 1102 1394 inhabitacionem
1134 1356 1293 1406 Spiritus
1320 1357 1439 1394 sancti
1469 1362 1793 1402 consecuntur,—

461 1436 646 1466 vocantur
674 1441 761 1465 vere
788 1428 983 1477 pluraliter
1010 1428 1114 1464 dona
1143 1427 1228 1465 Dei.
1290 1427 1338 1464 Et
1367 1427 1460 1464 illud
1489 1428 1587 1464 bene
1617 1433 1793 1464 notatum

461 1499 609 1548 apperit
629 1499 769 1536 multas
792 1498 983 1547 Scripture
1005 1498 1219 1535 sentencias
1234 1510 1244 1544 3
1274 1504 1310 1535 et
1331 1498 1568 1535 concordant
1589 1497 1793 1535 doctorum

462 1570 563 1607 dicta
583 1582 658 1619 que
677 1569 855 1606 videntur
874 1569 1065 1617 aliquibus
1089 1580 1317 1617 repugnare.
1366 1567 1470 1605 Nam
1492 1580 1513 1614 4
1533 1568 1629 1618 Reg.
1647 1568 1681 1605 ii.
1697 1581 1719 1616 9
1743 1569 1794 1605 ait

462 1640 645 1677 Helizeus
676 1639 802 1686 Helie,
829 1639 984 1676 Obsecro
1013 1639 1143 1687 ulfiat
1160 1640 1315 1687 spiritus
1341 1642 1426 1675 tuus
1450 1639 1589 1687 duplex
1610 1640 1649 1675 z'n
1670 1651 1732 1684 me,
1754 1638 1793 1675 id
1809 1650 1849 1671 20

461 1717 529 1756 est,
550 1717 592 1747 ut
613 1711 677 1747 fiat
701 1710 848 1748 donum
868 1709 1060 1758 spirituale
1082 1721 1104 1746 a
1126 1708 1268 1757 Spiritu
1290 1715 1423 1746 sancto
1448 1709 1564 1746 michi
1584 1708 1794 1746 formaliter

461 1781 695 1827 inexistens;
726 1780 765 1817 id
786 1787 853 1826 θεῖ,
867 1786 946 1816 tam
967 1779 1015 1816 ad
1036 1779 1347 1828 prophetandum
1367 1791 1484 1828 quam
1506 1779 1555 1816 ad
1574 1778 1794 1816 faciendum

462 1851 664 1888 miracula:
707 1850 776 1897 vel,
806 1856 848 1887 ut
879 1850 960 1887 aliis
989 1849 1126 1898 placet,
1157 1849 1206 1885 ad
1236 1849 1514 1898 duplicandum
1543 1850 1727 1886 miracula
1755 1850 1794 1886 in

461 1922 612 1966 effectu,
635 1921 740 1970 quod
768 1928 805 1958 et
833 1920 977 1958 factum
1006 1926 1063 1957 est
1094 1932 1184 1957 cum
1216 1919 1397 1956 Helizeus
1428 1919 1595 1956 sedecim
1611 1919 1794 1957 miracula

461 1992 603 2030 fecerat
624 1998 661 2028 et
690 1992 785 2029 alius
813 1991 939 2028 solum
969 1996 1069 2028 octo.
1127 1989 1177 2026 Et
1207 1990 1259 2027 sic
1289 1990 1506 2038 intelligitur
1535 1989 1629 2026 illud
1649 1989 1792 2027 dictum
1809 1999 1847 2031 25

462 2062 547 2109 Dei,
566 2061 684 2099 Num.
702 2062 750 2098 xi.
772 2071 830 2109 17,
846 2061 1034 2110 Aufiram
1055 2061 1096 2096 de
1107 2061 1243 2109 spiritu
1258 2065 1330 2106 tuo,
1351 2064 1385 2097 et
1395 2060 1486 2097 dabo
1500 2061 1561 2097 εἰς.
1592 2060 1792 2110 Auferam,

461 2133 630 2182 inquam,
663 2132 702 2169 id
735 2138 802 2177 est,
837 2132 956 2168 feram
990 2131 1048 2167 vel
1078 2131 1230 2179 capiam
1265 2130 1368 2167 dona
1403 2131 1621 2179 spiritualia,
1657 2131 1795 2179 quibus

463 2203 703 2251 septuaginta
737 2202 880 2239 iudices
912 2201 1178 2247 informentur,
1214 2201 1254 2237 de
1293 2200 1443 2249 sz'rz'lu
1482 2207 1616 2238 sancto
1654 2201 1720 2250 qui
1759 2207 1795 2237 te

463 2273 660 2318 inhabitat,
681 2277 715 2310 el
740 2273 830 2309 dabo
849 2273 926 2308 ez's:
955 2284 1036 2308 non
1065 2271 1173 2320 quod
1202 2271 1359 2320 aliquod
1388 2270 1535 2308 donum
1564 2271 1795 2308 diminutum

462 2343 520 2380 vel
541 2343 748 2392 spoliatum
770 2343 893 2380 fuerat
914 2342 961 2378 de
983 2341 1133 2390 Moyse,
1157 2341 1225 2378 sed
1255 2341 1361 2390 quod
1381 2340 1611 2389 principium
1635 2340 1793 2389 Spiritus
1809 2351 1850 2382 30

463 2413 595 2458 sancti,
612 2414 650 2450 id
667 2419 734 2459 est,
752 2413 863 2450 Pater
880 2419 915 2448 et
936 2412 1064 2458 Filius,
1086 2412 1151 2449 dat
1172 2424 1239 2461 per
1259 2411 1388 2457 illum;
1411 2418 1447 2448 et
1467 2411 1519 2449 sic
1539 2412 1795 2449 communiter

462 2489 542 2521 tota
563 2483 743 2529 Trinitas,
765 2489 806 2520 ut
829 2482 937 2519 latrix
958 2482 1017 2519 vel
1038 2481 1161 2518 datrix
1183 2481 1364 2527 muneris,
1386 2488 1442 2518 est
1469 2481 1614 2531 illapsa.
1671 2481 1721 2519 Et
1741 2481 1794 2519 sic

497 2595 521 2624 4..
538 2585 690 2617 personale
704 2585 726 2610 B
738 2585 761 2611 C
773 2591 779 2610 t
794 2584 947 2623 personali
958 2584 991 2610 A.
1071 2618 1077 2622 Ι
1104 2618 1109 2623 “
1135 2585 1157 2609 8.
1179 2584 1255 2609 sicut
1269 2583 1291 2608 B
1302 2584 1369 2623 :usic
1381 2583 1406 2608 A
1416 2583 1448 2609 C.
1589 2593 1628 2610 12.
1646 2592 1705 2616 qua
1718 2583 1743 2609 A
1753 2583 1792 2610 C:

463 2627 534 2652 qula
549 2619 580 2644 B.
676 2627 713 2650 15.
735 2619 884 2643 dommum
903 2617 977 2643 AC:
996 2617 1106 2654 doptznz
1121 2617 1153 2643 B.
1249 2626 1288 2649 19.
1307 2626 1336 2642 zz.
1350 2624 1355 2642 :
1379 2618 1420 2655 11}³
1434 2617 1468 2655 Β,
1480 2617 1532 2642 XI
1542 2617 1608 2644 AC.
1704 2626 1744 2643 22.
1765 2617 1798 2642 ul

463 2652 563 2711 egi-(fi)
577 2652 602 2677 A
612 2651 650 2678 C:
670 2660 723 2677 om.
740 2651 770 2677 B.
871 2661 911 2684 23.
934 2651 988 2676 Pro
1002 2659 1092 2683 priore
1105 2650 1253 2677 miracula
1269 2651 1290 2676 B
1304 2650 1456 2676 mirabzlza
1470 2650 1564 2677 habet.
1673 2660 1713 2683 29.
1735 2652 1743 2680 ΙΙ
1755 2651 1796 2676 eis

514 2705 520 2712 .
534 2694 581 2717 244
597 2693 624 2711 D.

632 2776 659 2799 1.
685 2769 821 2809 August.
841 2767 873 2798 in
891 2766 961 2799 Ioh.
981 2778 1095 2808 evang.
1114 2771 1152 2798 tr.
1170 2767 1232 2798 xix.
1254 2775 1301 2806 13,
1321 2768 1406 2809 Opp.
1426 2776 1444 2807 3
1464 2767 1513 2808 (2)
1531 2775 1593 2807 443
1608 2775 1639 2799 E.
