2008 3305
227 204 315 233 CAP.
337 188 415 249 1v.']
688 202 833 234 LIBER
864 201 1090 236 TERTIUS.

112 321 210 362 7913]
224 318 423 367 supposita
451 322 581 354 tamen
610 317 693 367 lege
713 317 861 355 domini
890 318 1075 367 graciosa.
1136 317 1197 355 Sic
1227 316 1276 355 ad
1305 316 1465 355 modum
1495 316 1551 355 lo-

223 389 366 439 quendi
386 388 552 438 apostoli
571 395 628 426 est
640 389 688 426 de
709 388 796 426 Deo
808 389 872 438 qui
894 400 1049 426 cursum
1064 389 1136 426 vite
1156 388 1343 437 presentis
1364 389 1553 426 statuebat

221 471 292 509 pro
322 459 456 506 stadio,
485 471 732 508 carnemque,
763 459 964 505 mundum,
996 465 1032 496 et
1060 458 1269 508 dyabolum
1301 458 1474 508 permisit
1503 458 1553 495 ad

221 530 388 568 hominis
420 530 652 568 exercicium
690 530 925 567 meritorium
963 530 1154 575 insultare,
1184 530 1435 578 braviumque
1473 530 1554 567 cui-

189 612 386 650 5cumque
424 600 605 650 possibile
644 601 772 637 statuit
810 600 965 637 finalem
1003 600 1201 637 victoriam
1240 599 1350 637 huius
1397 600 1566 649 triplicis>

220 671 376 717 inimici,
397 678 437 709 et
453 682 739 721 quemcumque
759 670 825 720 qui
842 670 988 708 dictum
1002 670 1176 708 bravium
1193 682 1426 720 quocunque
1445 670 1551 707 iuva-

220 748 352 779 mento
381 741 439 779 vel
467 741 617 779 cautela
646 741 849 790 contigerit
885 741 1076 779 concessit
1109 741 1285 789 graciose
1317 752 1450 778 secum
1480 752 1551 790 pro

219 818 405 861 perpetuo
432 824 684 861 conregnare.
752 811 885 858 Quare
915 823 1009 861 ergo
1038 823 1117 849 non
1147 811 1363 849 diceremus
1392 811 1551 849 militem

219 881 363 920 Christi
395 882 580 932 legittime
615 882 669 920 sic
701 888 914 919 certantem
943 882 1081 920 mereri
1110 894 1297 920 coronam
1327 894 1350 920 a
1380 882 1552 920 Domino

168 966 207 989 10
220 953 521 1002 repromissam?
578 952 695 990 Unde
728 953 840 990 istam
873 964 1049 1002 pugnam
1082 953 1319 1001 spiritualem
1349 965 1439 990 cum
1472 953 1552 990 istis

220 1023 362 1061 docent
408 1024 521 1061 nobis
578 1023 692 1060 licere
748 1022 961 1072 pugnando
1019 1023 1263 1072 spiritualiter
1318 1035 1552 1073 quacunque

1240 1092 1258 1112 *
1291 1105 1381 1131 cum
1419 1093 1474 1131 eis
1512 1093 1552 1130 in

178 1093 368 1131 ccautela
399 1094 553 1131 vincere
587 1093 778 1138 inimicos,
817 1105 889 1131 nec
920 1093 1208 1130 communicare

217 1164 347 1214 aliquo
371 1165 476 1213 quod
502 1164 614 1202 nobis
635 1165 884 1202 occasionem
909 1164 1089 1202 tribueret
1113 1164 1162 1202 ad
1190 1163 1445 1214 peccandum.
1502 1164 1553 1201 Et

217 1234 306 1273 hinc
327 1235 452 1273 carnis
471 1235 659 1281 illecebre,
674 1235 805 1273 seculo
826 1234 1101 1282 conformacio‚
1119 1241 1157 1272 et
1177 1235 1443 1284 artesmagice
1463 1247 1552 1284 pro-

165 1314 204 1346 15
218 1304 403 1343 hibentur.
461 1305 576 1343 Unde
597 1305 805 1355 apostolus,
822 1318 840 1342 2
865 1304 954 1342 Cor.
978 1304 1025 1341 vi.
1051 1317 1109 1351 14,
1132 1304 1260 1342 N'olz'te
1279 1306 1406 1354 iugum
1428 1306 1554 1342 ducere

217 1388 299 1413 cum
318 1375 540 1425 zbzfidelz'bus‚
562 1382 633 1414 etc.
647 1388 657 1422 ς
687 1376 818 1414 omnia
847 1376 951 1413 enim
972 1376 1011 1413 in
1040 1376 1164 1426 figura
1193 1376 1358 1427 antiquis
1382 1377 1552 1426 patribus

215 1447 505 1496 contingebant.

1750 202 1834 245 229

269 1516 341 1555 Est
357 1529 452 1566 ergo
465 1516 526 1554 lex
539 1516 614 1554 Dei
632 1517 864 1556 invariabilis
885 1517 990 1567 quod
1010 1529 1128 1555 nemo
1146 1517 1323 1556 beatifice
1342 1518 1550 1567 premietur
1563 1528 1587 1552 3·
1604 1518 1698 1545 Man’s
1711 1520 1819 1546 reward

1563 1553 1702 1578 therefore
1715 1553 1823 1580 follows

216 1587 288 1625 nisi
316 1588 420 1637 prius
445 1587 571 1625 debite
598 1594 801 1626 mereatur.
858 1588 969 1626 Patet
997 1589 1123 1638 primo
1152 1600 1199 1626 ex
1228 1587 1305 1626 hoc
1334 1587 1441 1637 quod
1464 1599 1548 1637 pre-
1561 1595 1637 1635 ¹1qu
1650 1586 1694 1613 his
1706 1587 1797 1614 merit.

164 1676 206 1698 20
217 1657 351 1705 mium,
372 1665 414 1696 ut
441 1658 674 1705 huiusmodi,
697 1658 834 1697 dicitur
857 1658 1009 1696 relative
1039 1659 1088 1696 ad
1118 1659 1308 1696 meritum.
1367 1658 1549 1696 Secundo

217 1740 286 1778 per
304 1728 377 1766 hoc
396 1728 501 1779 quod
520 1728 718 1766 beatitudo
738 1735 795 1766 est
815 1729 1001 1767 terminus
1030 1741 1098 1778 per
1119 1741 1159 1766 se
1180 1735 1310 1767 motus
1331 1729 1454 1766 meriti
1474 1729 1550 1766 dis-

217 1799 319 1849 paris
334 1799 496 1836 racionis
514 1812 524 1846 ;
555 1799 624 1837 sed
645 1799 882 1849 impossibile
899 1806 956 1837 est
972 1812 1040 1849 per
1056 1812 1095 1837 se
1111 1800 1319 1837 terminum
1339 1806 1467 1838 motus
1487 1812 1550 1837 ac—

216 1869 316 1919 quiri
340 1870 524 1916 subiecto,
547 1870 619 1908 nisi
639 1870 768 1919 ipsum
796 1871 902 1920 prius
922 1870 1308 1920 proporcionabiliter
1328 1877 1548 1916 moveatur;

217 1952 323 1989 ergo,
343 1952 391 1978 eo
418 1940 503 1989 ipso
530 1953 609 1990 quo
636 1940 721 1990 quis
750 1941 997 1988 beatificatur,
1019 1947 1172 1990 oportet
1195 1941 1302 1990 quod
1328 1941 1434 1991 prius
1459 1953 1549 1991 pro-

164 2022 203 2054 25
217 2010 525 2059 porcionabiliter
545 2016 746 2048 mereatur.
803 2010 895 2048 Non
919 2011 1023 2049 enim
1043 2017 1101 2049 est
1121 2011 1304 2061 possibile
1330 2011 1551 2049 albedinem

216 2080 275 2118 vel
294 2080 407 2118 aliam
428 2080 650 2131 qualitatem
670 2081 794 2119 inesse
825 2082 1006 2129 subiecto,
1029 2082 1101 2119 nisi
1130 2083 1234 2131 prius
1255 2082 1551 2131 quodammodo

216 2157 434 2197 moveatur;
464 2163 555 2189 nam
582 2163 667 2189 esse
692 2151 822 2189 album
848 2152 1101 2202 presupponit
1131 2152 1266 2191 saltem
1291 2153 1439 2201 origine
1469 2152 1550 2189 fieri

216 2221 348 2259 album
365 2233 373 2259 :
404 2228 441 2260 et
459 2222 510 2259 ita
525 2221 572 2259 de
589 2222 725 2260 ceteris
741 2222 1129 2260 denominacionibus
1149 2223 1450 2261 accidentalibus
1465 2222 1549 2272 qui—

217 2292 455 2341 buscunque.
529 2292 671 2330 Tercio
700 2292 848 2330 videtur
878 2293 981 2331 idem
1010 2305 1057 2330 ex
1087 2293 1160 2331 hoc
1190 2293 1297 2344 quod
1327 2293 1435 2331 Deus
1468 2305 1550 2330 non

160 2374 205 2405 30
217 2368 342 2412 potest
365 2363 584 2400 beatificare
615 2369 827 2401 creaturam
862 2375 973 2401 suam
1008 2363 1080 2400 nisi
1114 2363 1199 2402 talis
1232 2364 1451 2402 beatudinis
1485 2363 1551 2401 fiat

215 2433 343 2482 digna,
363 2445 452 2471 cum
472 2433 824 2472 contradiccionem
845 2434 988 2472 claudit
1007 2434 1066 2472 vel
1084 2434 1245 2472 invitum
1265 2434 1472 2472 beatificari
1492 2433 1552 2471 vel

217 2503 356 2549 Deum,
388 2504 497 2541 cuius
528 2504 655 2542 omnis
685 2504 821 2542 volicio
852 2504 950 2554 sapit
984 2504 1184 2551 iusticiam,
1216 2505 1358 2543 habere
1387 2505 1547 2543 beatum

250 2618 274 2644 6.
296 2617 463 2644 iuvamento
477 2617 551 2644 AC:
572 2618 739 2645 iuramento
754 2619 785 2645 Β,
895 2629 918 2652 7.
931 2621 988 2652 pro
1002 2619 1042 2645 B:
1062 2627 1117 2645 om.
1131 2618 1157 2644 A
1168 2618 1202 2645 C.
1308 2628 1349 2644 21.
1365 2620 1459 2650 perse
1472 2618 1495 2644 B
1507 2618 1546 2645 C:

215 2660 270 2677 orn.
287 2652 321 2676 A.
487 2661 527 2677 22.
543 2654 601 2684 per
611 2661 639 2678 se
654 2653 675 2678 B
688 2659 694 2678 z
713 2661 765 2678 om.
777 2652 843 2679 AC.
1016 2662 1056 2685 23.
1074 2652 1214 2679 subiecto:
1233 2651 1305 2677 subm
1320 2653 1361 2678 B:
1378 2652 1472 2678 subito
1484 2652 1509 2677 A
1519 2651 1550 2679 C.

215 2686 256 2710 28.
266 2684 379 2710 *album
391 2685 430 2711 A2
442 2684 482 2716 (in
495 2684 597 2718 marg.)
611 2685 651 2712 B:
672 2686 709 2712 Al
723 2687 841 2712 asinum
855 2686 951 2719 (asim),
972 2687 1029 2712 azm
1043 2686 1092 2720 C.;
1214 2694 1254 2717 30.
1273 2687 1282 2715 ΙΙ
1295 2686 1355 2712 nisi
1368 2685 1389 2711 Β
1403 2686 1422 2711 s.
1439 2694 1486 2718 247
1498 2693 1527 2711 υ.

350 2796 379 2820 2.
407 2796 419 2817 1
442 2787 520 2820 Cor.
533 2787 576 2820 ix.
597 2796 648 2828 25·
1043 2788 1093 2821 16.
1121 2798 1134 2821 1
1155 2789 1230 2821 Cor.
1251 2800 1280 2821 x,
1298 2788 1330 2829 6,
1351 2798 1400 2820 11.

1561 1639 1588 1656 a.
1610 1639 1628 1656 1.

1613 1685 1640 1712 ii.

1615 2298 1653 2328 iii.
