2008 3305
160 204 245 233 CAP.
268 190 351 249 nr]
653 201 797 232 LrssER
829 202 1024 234 ruimus.

73 317 395 366 5G]p1·erogative
418 316 531 353 divini
558 316 717 353 dominii
747 317 869 365 tangit
897 318 1149 366 Augustinus,
1173 318 1335 366 epistola
1361 319 1492 368 quinta

155 387 204 424 ad
234 386 518 432 Marcellinum,
550 388 621 424 sub
651 387 722 424 hiis
752 388 902 424 verbis:
942 388 1154 424 Falluntur
1182 393 1300 425 aufem
1330 391 1400 437 qui
1424 402 1491 426 ex-

155 459 323 494 istimant
346 457 408 493 hec
430 456 552 493 Deum
580 457 701 493 iubere
728 471 840 494 causa
861 471 923 494 sue
945 460 1167 494 necessitatis
1187 460 1244 495 vel
1261 460 1460 507 voluptatis
1473 473 1491 502 ,-

153 532 187 563 et
212 528 338 563 merito
366 531 555 563 moventur
575 540 643 563 cur
662 527 767 564 Deus
795 529 867 564 ista
894 530 1103 574 mutaverit,
1125 530 1239 577 quasi
1261 530 1493 565 delatacione

122 611 139 641 5
155 597 327 634 mutabili
341 598 451 634 aliud
467 598 592 634 iubens
611 599 685 634 sibi
710 599 844 648 efferri
866 600 928 635 illo
950 600 1066 648 prius
1095 604 1257 648 tempore,
1279 601 1388 636 aliud
1414 601 1491 636 isto.

153 667 243 705 lVon
270 673 388 705 autem
415 669 468 704 ita
494 673 569 704 est:
602 669 720 705 niclzil
742 668 847 705 Dens
875 670 973 705 iubet
996 670 1095 717 quod
1109 670 1184 706 sibi
1197 671 1332 718 prosit,
1353 671 1418 706 sed
1434 671 1497 706 illi

106 757 137 785 D
153 740 217 774 cni
232 739 335 775 iubet.
392 738 479 775 Ideo
500 751 609 775 verus
629 743 681 775 est
698 740 867 776 dominus
887 741 957 788 qui
973 752 1076 776 servo
1096 752 1167 775 non
1183 740 1331 787 indiget,
1344 741 1364 759 ->÷
1378 744 1411 776 et
1424 753 1493 788 quo

152 822 279 846 servus
317 810 465 858 mdzgret.
540 809 590 845 Et
637 810 774 846 eadem
813 810 1008 847 sentencia
1050 815 1155 859 patet
1198 817 1336 847 octavo
1377 822 1493 859 super

154 879 340 916 Genesim
381 880 430 916 ad
473 879 647 926 litteram,
692 880 770 917 xix.
845 880 924 917 Ista
967 887 1096 917 autem
1140 880 1276 917 veritas
1320 881 1491 917 crebrius

101 950 330 995 10inseritur
357 951 395 986 in
427 950 632 1000 Scriptura,
661 960 701 988 ut
731 950 886 988 Psalmo
913 964 972 989 xv.
1004 964 1037 996 2,
1062 950 1173 988 Dixi
1189 950 1363 996 Domino,
1385 951 1491 987 Deus

152 1034 249 1057 meus
268 1034 303 1057 es
317 1025 368 1067 tu,
383 1022 556 1070 quoniam
577 1022 750 1058 bonorum
771 1034 930 1058 meorum
953 1034 1023 1058 non
1044 1034 1134 1071 eges.
1191 1022 1293 1059 Ecce
1315 1022 1419 1059 racio
1443 1022 1491 1059 ad

151 1092 416 1129 confitendum
437 1093 543 1128 illum
564 1092 767 1129 dominum
787 1104 871 1130 esse
897 1092 1037 1138 Deum,
1059 1105 1106 1130 eo
1134 1093 1240 1142 quod
1269 1093 1490 1130 dominatur

152 1164 232 1200 sine
249 1163 305 1200 sui
322 1163 543 1212 indigencia
560 1164 747 1209 servitori;
774 1163 893 1201 homo
911 1172 1039 1201 autem
1060 1166 1233 1201 noscitur
1248 1164 1420 1213 indigere
1441 1166 1490 1202 ad

150 1233 369 1271 relevamen
390 1246 457 1270 sue
480 1234 628 1271 miserie
644 1234 836 1279 servitore,
852 1234 909 1271 vel
926 1234 1059 1271 saltem
1077 1234 1126 1271 ad
1143 1235 1198 1271 sui
1215 1234 1488 1281 ministerium,

98 1329 135 1360 15
151 1305 257 1353 quod
277 1316 479 1353 supremus
499 1304 683 1342 dominus
700 1305 816 1353 exigit
833 1305 1122 1354 perficiendum,
1140 1305 1237 1342 sicut
1257 1312 1294 1342 et
1315 1307 1488 1354 angelus.

150 1375 266 1412 Unde
289 1375 319 1412 si
340 1374 459 1412 homo
480 1375 698 1412 accumulet
725 1375 1021 1414 habundancius
1049 1377 1249 1413 servitores
1278 1388 1394 1425 quam
1419 1377 1488 1413 iste

149 1458 264 1484 cause
284 1447 494 1496 requirunt,
515 1447 596 1484 sine
617 1447 735 1484 dubio
761 1454 896 1496 peccat
924 1447 1116 1497 superflue
1144 1447 1406 1493 dominando;
1446 1455 1488 1485 ut

149 1524 251 1567 patet
268 1517 314 1555 de
336 1518 508 1567 superbis
530 1518 601 1555 sibi
622 1518 914 1567 providentibus
936 1531 1121 1567 magnam
1141 1518 1338 1564 familiam,
1355 1529 1488 1567 sump-

149 1596 283 1626 tuosos
310 1595 527 1638 apparatus,
549 1595 586 1626 et
614 1601 798 1626 onerosas
828 1590 993 1636 divicias,
1022 1596 1063 1626 ut
1092 1597 1303 1639 appareant
1331 1589 1488 1638 gloriosi

98 1690 137 1711 20
151 1672 241 1697 ceca
275 1660 463 1710 superbia,
496 1671 570 1709 que
600 1672 687 1698 vere
721 1659 813 1698 facit
846 1661 968 1699 taliter
997 1661 1160 1698 inaniter
1189 1661 1401 1710 aspirantes
1430 1661 1485 1710 ig-

150 1731 299 1768 nobiles
311 1743 321 1777 ‚·
367 1742 455 1768 cum
490 1737 662 1768 creatura
696 1731 743 1768 sit
777 1743 824 1769 eo
858 1732 1065 1770 dominans
1099 1732 1304 1782 perfectius
1334 1740 1370 1769 et
1402 1732 1489 1770 Deo

149 1801 318 1847 similius,
341 1813 418 1851 quo
444 1801 561 1838 finem
588 1802 864 1851 perfecciorem
891 1810 955 1840 aut
981 1815 1078 1852 eque
1103 1803 1315 1853 perfectum
1340 1805 1490 1853 attingit

149 1885 239 1911 cum
259 1873 506 1922 paucioribus
533 1873 668 1910 mediis
697 1886 768 1923 pro
795 1874 851 1911 sui
874 1874 1094 1924 indigencia
1122 1875 1326 1912 relevanda
1341 1887 1350 1921 ;
1389 1883 1430 1913 ut
1460 1875 1489 1912 si

149 1945 269 1982 homo
299 1951 431 1994 posset
460 1956 611 1982 currere
642 1951 720 1981 tam
749 1945 930 1983 virtuose
948 1945 1049 1982 viam
1081 1946 1271 1995 presentis
1300 1948 1373 1984 vite
1408 1947 1489 1984 sine

95 2047 133 2078 25
150 2017 398 2066 possessione
430 2022 655 2061 castrorum,
676 2016 829 2061 familie,
852 2016 911 2054 vel
941 2017 1217 2066 cuiuscumque
1242 2018 1488 2068 proprietatis

149 2088 280 2133 civilis,
306 2087 364 2124 ille
395 2087 598 2136 perfectius
629 2093 665 2124 et
694 2088 860 2125 nobilius
891 2088 1153 2125 dominaretur
1181 2089 1337 2127 civiliter
1364 2089 1488 2126 domi-

149 2166 278 2197 nante.
335 2158 430 2197 Ideo
462 2158 576 2196 talem
606 2159 767 2196 modum
798 2158 958 2196 dominii
988 2158 1162 2197 Christus
1192 2159 1263 2197 sibi
1292 2159 1417 2209 elegit,
1448 2167 1488 2197 ut

147 2237 233 2281 post
254 2229 508 2267 declarabitur
528 2229 615 2267 loco
636 2241 719 2267 suo.

201 2301 239 2338 A
278 2301 532 2338 fundamento
571 2301 696 2338 eciam
733 2301 1016 2340 racionabiliter
1046 2304 1238 2343 extollitur
1271 2304 1485 2342 dominium
1499 2317 1521 2343 b.
1540 2326 1571 2343 as
1585 2317 1720 2351 touching
1733 2318 1768 2344 its

93 2400 134 2431 30
149 2371 330 2409 divinum.
389 2371 493 2409 Nam
523 2371 631 2410 Deus
661 2385 741 2411 non
771 2373 888 2411 habet
917 2375 975 2412 ius
1004 2376 1077 2413 sibi
1106 2377 1354 2424 accidentale,
1379 2381 1485 2427 quod

57 2463 133 2505 6A]
148 2443 385 2482 demerendo
417 2443 435 2463 '¹‘
470 2450 610 2493 posset,
651 2450 775 2481 stante
813 2445 1050 2494 dominabib,
1090 2448 1248 2497 perdere
1288 2449 1486 2498 perdendo

147 2515 373 2562 dominium,
405 2515 502 2552 sicut
532 2515 718 2564 contingit
747 2515 795 2553 de
825 2517 993 2566 qualibet
1023 2526 1195 2558 creatura
1224 2533 1292 2570 per
1318 2521 1407 2559 iuris
1437 2522 1483 2559 de

181 2635 203 2657 7.
239 2634 306 2651 ervo
321 2626 386 2657 BC,
404 2635 467 2652 cum
480 2624 657 2658 Augustino:
674 2634 756 2651 servo
768 2634 818 2651 sno
831 2626 865 2652 Α.
953 2636 989 2652 10.
1012 2634 1072 2653 xv:
1090 2628 1173 2654 codd.
1190 2633 1243 2662 19⁴².
1326 2639 1365 2662 14.
1386 2631 1485 2656 minis-

145 2659 257 2685 terium
269 2660 326 2686 AC
339 2667 347 2685 .·
365 2661 531 2686 misterium
546 2660 577 2685 B.
664 2661 703 2685 18.
725 2662 905 2691 stcnzptuosos
917 2660 943 2686 A
953 2660 993 2687 C:
1013 2665 1179 2696 sumptuos9
1194 2663 1227 2689 B.

194 2766 219 2787 1.
246 2757 386 2797 August.
404 2757 497 2798 epist.
516 2757 666 2788 cxxxviii.
685 2756 715 2792 6,
729 2757 818 2798 Opp.
839 2767 865 2788 2.
884 2766 944 2797 412
965 2765 984 2788 C
1004 2765 1039 2789 D.

191 2812 219 2842 8.
245 2810 407 2842 Eiusd.de
425 2810 507 2842 Gen.
527 2809 568 2840 ad
585 2809 727 2840 litteram
745 2809 800 2840 lib.
816 2810 881 2840 viii.
898 2809 946 2848 26,
964 2812 978 2847 ξ
995 2811 1047 2851 48,
1067 2812 1153 2853 Opp.
1173 2821 1190 2852 3
1210 2813 1258 2854 (1)
1286 2823 1346 2854 240
1364 2822 1440 2845 c—E.

872 2887 892 2913 C

1498 2351 1677 2383 foundation,

1500 2439 1619 2465 because
1632 2439 1652 2465 it
1664 2445 1766 2466 cannot

1500 2473 1533 2498 be
1548 2474 1698 2506 destroyed

1499 2507 1593 2532 unless
1606 2507 1641 2532 its
1655 2507 1748 2538 object

1498 2549 1577 2566 come
1592 2546 1620 2567 to
1634 2549 1670 2566 an
1683 2541 1748 2571 end,
