2008 3305
126 183 210 238 308

793 188 997 221 RICARm
1030 188 1334 220 ARMACHANI
1796 174 1897 228 [Lm.
1921 187 1950 215 1.

406 293 634 338 contingeret
659 304 771 339 quarn
802 293 965 338 singulos
992 305 1118 328 eorum
1145 304 1228 327 cum
1253 292 1447 338 pauciores
1471 290 1614 325 fuerant
1648 300 1734 324 con·
1749 292 1826 335 [9A

405 352 561 396 tigisset.

453 411 539 444 RIC.
570 409 747 444 Potencia
781 409 829 443 ad
868 409 1026 443 abusum
1061 414 1096 442 et
1131 407 1398 442 insaciabilitas
1432 405 1647 451 cupiditatis
1674 416 1736 439 ne-

406 478 593 513 quaquam
620 467 668 501 ad
695 466 901 500 dominium
936 466 1130 511 pertinent,
1166 472 1220 500 set
1255 464 1431 499 tirannidi
1465 469 1735 505 annectuntur3

407 524 568 569 alioquin
592 525 697 559 Deus
723 524 932 558 necessario
958 535 1002 558 ac
1028 535 1173 568 semper
1197 523 1268 557 hiis
1295 534 1434 565 carens,
1455 521 1516 567 qui
1536 533 1606 556 nec
1628 521 1769 561 rebus5

407 589 529 628 potest
555 581 657 616 abuti
683 593 752 616 1166
779 581 979 626 cupiditate
1008 581 1289 626 reprehensibili
1315 579 1503 623 maculari,
1531 578 1737 614 dominium

406 652 481 674 non
515 641 692 674 haberet:
738 639 774 673 in
808 640 908 673 nullo
942 650 1028 684 ergo
1064 639 1269 673 dominium
1310 637 1525 682 cuiusquam
1566 642 1736 681 respectu

409 709 528 731 rerum
556 697 829 732 dominatarum
854 696 1050 739 minuitur;
1078 696 1146 731 etsi
1173 696 1295 730 minus
1322 695 1368 730 de
1386 695 1477 740 ipsis
1496 695 1607 729 modo
1626 705 1736 739 quarn

407 762 494 790 ante
524 755 560 789 in
590 756 748 790 abusum
777 761 840 789 aut
870 755 918 789 ad
950 755 1180 800 pascendam
1211 753 1466 788 insaciabilem
1496 752 1737 798 cupiditatem
1749 752 1912 794 cupidita-

406 820 562 858 possunt
587 813 755 858 accipere
781 812 858 847 sive
884 824 1082 855 assumere,
1102 812 1172 846 nisi
1196 812 1314 846 eciam
1338 811 1459 845 minus
1484 811 1530 845 de
1554 809 1607 845 eis
1625 809 1736 844 modo
1750 801 1813 827 tem
1831 806 1895 827 om·
1913 803 1944 826 B·

407 883 518 916 quam
544 870 645 916 prius
671 872 720 905 ad
746 882 851 904 suam
872 870 1068 905 utilitatem
1086 876 1238 914 possent
1258 875 1479 904 convertere.
1532 870 1619 903 Non
1638 867 1737 902 enirn

405 930 517 964 habet
545 935 607 963 aut
635 929 743 963 dehet
770 928 965 963 affluencia
990 939 1054 962 seu
1080 927 1306 962 sufficiencia
1327 938 1447 962 rerum
1470 925 1737 971 pertinencium

407 987 456 1021 ad
482 998 591 1021 usum
625 986 785 1021 hominis
819 986 1018 1030 cupiditate
1053 985 1259 1020 insaciabili
1292 984 1508 1027 mensurari,
1543 995 1627 1018 cum
1660 994 1736 1019 non

406 1044 533 1090 possit,
552 1055 621 1079 nec
647 1055 768 1078 rerum
794 1044 911 1078 abusu
938 1055 1009 1088 quo
1035 1054 1182 1087 semper
1206 1048 1392 1087 peccatur,
1411 1049 1466 1077 set
1487 1041 1614 1086 pocius
1640 1053 1738 1076 com-

407 1102 586 1136 moditate
625 1113 689 1137 seu
728 1101 938 1145 indigencia
970 1101 1128 1135 naturali
1159 1102 1216 1135 vel
1243 1100 1364 1135 verius
1399 1099 1593 1145 personali.
1645 1100 1739 1134 Cum
1756 1108 1794 1140 15

407 1160 517 1205 igitur
565 1159 816 1204 unusquisque
865 1159 1099 1193 dominorum
1147 1158 1302 1193 istorum
1344 1165 1427 1203 post
1470 1157 1735 1192 admissionem

408 1217 608 1260 Guillelmi‚
643 1218 767 1262 quoad
804 1216 928 1251 omnia
970 1216 1239 1251 sustentacioni
1281 1228 1347 1252 sue
1389 1215 1635 1260 congruencia
1676 1227 1739 1250 seu

408 1274 606 1310 commoda
647 1275 724 1309 sive
766 1274 869 1309 utilia
911 1275 957 1309 de
999 1275 1108 1309 rebus
1150 1274 1300 1318 prefatis
1342 1273 1576 1308 affluenciam
1622 1273 1740 1318 possit
1752 1276 1827 1314 post
1843 1282 1922 1302 com-

408 1333 581 1378 recipere,
614 1333 706 1368 516111
733 1340 830 1375 ante,
849 1332 1028 1377 equaliter
1053 1332 1106 1367 eis
1132 1332 1239 1366 utiles
1266 1338 1350 1367 sunt
1382 1343 1439 1366 res
1470 1332 1529 1366 ille
1559 1332 1671 1366 modo
1704 1337 1739 1366 et
1754 1316 1847 1390 ZZZ
1857 1323 1960 1390 213ᾶὲῖῖ

407 1397 516 1433 ante;
546 1390 715 1435 quamvis
744 1390 866 1424 minor
892 1390 1019 1434 porcio
1046 1401 1167 1424 rerum
1195 1390 1350 1434 illarum,
1382 1389 1413 1424 si
1442 1401 1505 1424 eas
1535 1400 1665 1424 omnes
1698 1400 1742 1423 ex

406 1448 621 1493 cupiditate,
639 1448 691 1483 eis
710 1447 964 1482 innaturaliter
980 1448 1180 1491 abutendo,
1196 1447 1414 1490 dividerent,
1434 1447 1597 1492 singulos
1616 1458 1742 1482 eorum

409 1506 662 1550 contingeret:
694 1512 816 1551 preter
840 1506 912 1540 hoc
938 1506 1037 1550 quod
1060 1517 1118 1540 res
1142 1505 1263 1539 taliter
1281 1505 1481 1540 dividendo
1498 1511 1617 1539 totum
1635 1516 1742 1539 suum

410 1575 605 1599 commune
632 1563 836 1598 dominium
862 1574 937 1597 non
963 1564 1083 1597 solum
1105 1562 1296 1608 inprovide
1315 1563 1548 1607 dissiparent,
1568 1562 1743 1608 quoniam

410 1622 523 1657 nichil
553 1622 600 1656 de
633 1622 743 1656 rebus
779 1621 847 1656 illis
881 1632 1078 1655 commune
1112 1621 1202 1666 ipsis
1228 1620 1390 1655 dominis
1423 1626 1652 1662 remaneret3
1688 1626 1742 1654 set

411 1680 568 1725 posteris
586 1680 662 1714 suis
681 1686 849 1724 apertam
864 1679 1036 1714 inferrent
1052 1679 1234 1721 iniuriam,
1250 1679 1279 1713 si
1297 1690 1355 1713 res
1374 1679 1433 1713 ille
1451 1679 1504 1713 eis
1518 1679 1575 1713 vel
1589 1678 1744 1723 posteris
1760 1684 1797 1716 25

412 1738 488 1773 suis
530 1750 553 1773 a
596 1739 678 1773 Deo
720 1738 777 1772 vel
819 1738 865 1771 ab
907 1737 1057 1772 homine
1092 1737 1168 1772 iure
1202 1736 1425 1771 hereditario
1460 1737 1545 1771 date
1577 1736 1744 1771 fuissent.

416 1797 572 1831 Constat
607 1795 717 1840 igitur
751 1795 948 1831 manifeste
983 1795 1020 1829 in
1056 1806 1144 1829 casu
1181 1795 1363 1840 premisso
1398 1795 1498 1839 quod
1539 1794 1745 1829 dominium

415 1851 451 1886 in
477 1851 577 1885 nullo
605 1850 838 1885 dominorum
871 1850 1057 1892 minuitur,
1093 1850 1291 1885 Guillelmo
1324 1850 1373 1884 ad
1408 1850 1506 1884 idem
1540 1849 1745 1884 dominium

414 1920 499 1943 cum
524 1909 576 1944 eis
603 1908 848 1943 communiter
873 1908 1116 1953 optinendum
1142 1908 1318 1942 admisso.
1370 1908 1431 1942 Sic
1448 1914 1598 1943 econtra
1622 1914 1745 1952 potest

414 1967 548 2001 deduci
564 1979 570 2001 :
623 1966 662 2002 Si
680 1972 789 2001 aucto
809 1966 844 2000 in
862 1966 933 2000 hoc
952 1977 1040 2001 casu
1058 1966 1290 2000 dominorum
1314 1977 1467 2000 numero
1486 1965 1690 2000 dominium
1708 1965 1745 1999 in
1759 1969 1834 1995 ante
1851 1964 1883 1995 π’
1898 1972 1926 1994 Μ

416 2024 569 2069 singulis
587 2024 782 2066 minuatur,
802 2030 951 2058 econtra
975 2024 1106 2058 eodem
1128 2023 1363 2058 dominorum
1380 2035 1533 2059 numero
1552 2023 1746 2058 imminuto
1758 2008 1900 2082 mlftcet
1892 2018 1939 2038 ΠΙ·

416 2079 621 2114 dominium
663 2079 699 2115 in
743 2078 895 2123 singulis
931 2085 1147 2123 augeretur3
1191 2084 1226 2113 et
1260 2078 1291 2113 si
1324 2079 1477 2113 tandem
1511 2089 1639 2113 omnes
1672 2089 1746 2113 uno
1758 2061 1860 2136 {50¹3-
1874 2101 1902 2125 M
1909 2103 1963 2125 m

416 2143 631 2172 remanente
657 2137 871 2180 defluerent,
891 2136 951 2172 1116
977 2137 1077 2171 501115
1100 2137 1253 2171 haberet
1273 2136 1477 2171 dominium
1495 2137 1746 2181 centuplatum

418 2196 513 2241 (esto
532 2196 632 2241 quod
657 2195 826 2240 primitus
853 2201 1000 2230 centum
1028 2194 1172 2239 erant):
1200 2194 1299 2239 quod
1316 2194 1509 2230 veritatem
1529 2205 1603 2229 non
1622 2195 1746 2237 habet,

417 2253 592 2299 quoniam
620 2252 825 2287 dominium
857 2264 962 2287 suum
996 2264 1070 2287 non
1107 2264 1145 2287 se
1178 2253 1389 2287 extenderet
1416 2253 1464 2287 ad
1497 2253 1600 2297 plura
1634 2264 1745 2298 quam
1759 2252 1936 2294 quandoss.

417 2311 528 2357 prius,
541 2317 577 2346 et
595 2311 644 2345 ita
662 2321 736 2345 non
753 2310 937 2345 extensius
957 2317 1162 2355 augeretur,
1175 2321 1244 2344 1166
1263 2309 1349 2345 111115
1367 2310 1543 2353 forcioris,
1557 2310 1747 2355 uberioris,
1759 2296 1911 2328 extendat
1922 2303 1954 2328 B·

417 2376 481 2406 aut
511 2368 665 2405 utilioris
700 2368 926 2411 efficeretur3
967 2375 1003 2403 61
1034 2369 1085 2403 ita
1112 2380 1181 2403 nec
1216 2368 1396 2403 intensius
1426 2374 1641 2412 augeretur:
1676 2369 1747 2403 nisi

417 2428 511 2464 forte
544 2425 679 2460 dixeris
714 2426 812 2470 quod
846 2425 881 2459 in
915 2425 986 2460 hoc
1021 2426 1091 2460 illis
1133 2426 1316 2460 defunctis
1359 2425 1563 2462 dominium
1596 2425 1747 2461 solitarii

418 2484 644 2520 remanentis
662 2483 810 2527 uberius
830 2495 893 2518 seu
913 2483 1037 2519 utilius
1061 2484 1238 2526 redditur,
1258 2484 1342 2529 quia
1361 2484 1472 2517 modo
1491 2490 1611 2529 potest
1629 2489 1747 2518 totum
1760 2493 1840 2525 quza
1858 2491 1906 2515 M:

420 2542 657 2579 commodum
698 2552 819 2578 rerum
863 2541 1007 2576 illarum
1050 2541 1284 2586 singulariter
1324 2541 1499 2586 optinere,
1534 2541 1634 2586 prius
1672 2552 1747 2576 non
1760 2527 1892 2568 qu⁰d¹³·

419 2606 563 2645 poterat
588 2599 658 2634 nisi
685 2606 826 2644 partem
852 2599 1013 2634 habere:
1049 2600 1110 2634 ubi
1138 2599 1204 2633 tibi
1238 2599 1372 2644 poterit
1401 2599 1616 2644 responderi
1650 2598 1939 2646 quodpoteratss·

420 2669 486 2703 per
512 2658 582 2691 hoc
609 2656 687 2691 eius
722 2656 859 2691 utilitas
890 2658 1097 2691 nullatenus
1132 2663 1403 2701 augmentatur,
1440 2657 1614 2701 quoniam
1647 2641 1932 2702 priusp⁰te⁷²tM·

419 2722 564 2752 tantum
589 2715 826 2749 commodum
853 2715 981 2749 habuit
1006 2715 1098 2749 sicut
1132 2715 1254 2757 modo,
1291 2726 1334 2749 ex
1367 2726 1439 2759 quo
1472 2726 1538 2759 pro
1564 2721 1649 2750 voto
1683 2726 1749 2749 suo

420 2771 633 2808 racionabili
664 2771 836 2817 quicquid
869 2772 913 2806 de
943 2772 1010 2806 illis
1042 2772 1151 2806 rebus
1177 2772 1313 2809 habere
1339 2771 1464 2816 voluit,
1492 2771 1610 2819 potuit
1636 2771 1751 2816 gratis
