2008 3305
210 205 296 234 cAP.
314 190 390 249 vr]
702 203 844 234 LIBER
878 203 1074 235 PRIMUS.

99 321 195 363 12D]
209 317 424 354 subiectum
440 315 718 365 methaphisice
742 323 800 355 est
829 329 897 354 ens
927 322 1099 354 creatum
1124 315 1344 365 analogum,
1373 322 1411 353 et
1439 322 1545 353 extra

208 386 300 423 illud
334 386 552 423 considerat
589 386 736 435 primus
773 386 1028 436 philosophus
1066 385 1114 423 de
1152 386 1341 434 principio
1376 386 1546 422 increato

209 462 245 494 et
278 456 414 494 ceteris
447 456 599 493 entibus
632 463 740 494 extra
777 468 911 505 genus,
940 462 982 493 ut
1021 455 1203 493 naturalis
1242 455 1460 492 considerat
1499 455 1547 492 de

119 537 198 567 13A
210 532 354 571 natura,
376 525 423 562 de
447 531 565 573 motu,
586 526 686 572 loco,
709 524 727 546 '¹‘
750 533 787 564 et
806 539 939 564 vacuo.
996 525 1071 563 Pro
1092 525 1263 563 secundo
1284 525 1419 562 dicitur
1443 525 1548 574 quod

179 596 363 645 5spiritus
393 596 508 633 creati
546 603 604 634 est
642 596 923 634 naturalissime
953 596 1164 644 intelligere
1194 602 1232 633 et
1262 607 1391 632 amare
1420 595 1549 632 Deum

211 679 337 712 suum,
358 666 426 704 sed
445 666 548 704 varie
569 667 608 703 in
629 667 751 716 patria
769 674 806 705 et
834 667 874 703 in
894 667 964 704 via.
1023 666 1127 703 Nam
1155 666 1194 702 in
1214 666 1275 702 via
1300 666 1550 714 intelligimus

211 736 340 774 Deum
360 748 449 773 cum
471 737 650 774 creaturis
667 749 762 786 quas
782 737 957 775 distincte
978 736 1230 785 concipimus,
1244 742 1282 773 et
1302 748 1369 785 per
1389 736 1462 773 hoc
1479 737 1551 773 sub

211 807 381 857 quodam
414 807 614 844 involucro
641 807 865 845 Creatorem
895 807 991 844 sicut
1020 807 1283 844 substanciam
1317 807 1551 844 materialem

211 877 451 926 concipimus
481 878 553 914 sub
592 878 718 926 specie
748 878 980 915 accidentis:
1021 884 1058 914 et
1088 879 1200 915 istam
1229 878 1412 914 noticiam
1441 883 1554 915 vocat

161 962 201 984 10
213 947 410 998 apostolus
430 947 701 997 enigmaticam
723 948 976 997 specularem.
1034 947 1081 984 In
1098 948 1221 996 patria
1237 954 1367 985 autern
1384 954 1550 994 econtra,

213 1030 302 1056 cum
332 1017 494 1055 Creator
518 1018 630 1067 plene
659 1017 770 1056 fuerit
799 1018 958 1067 illapsus
985 1018 1131 1067 spiritui
1161 1024 1198 1055 et
1228 1018 1433 1067 absorptus
1463 1029 1554 1055 cura

212 1089 336 1126 tocius
365 1089 516 1137 generis
541 1095 715 1126 creature
744 1089 966 1127 immediate
997 1101 1065 1138 per
1088 1089 1227 1138 ipsum,
1256 1088 1337 1126 sine
1364 1088 1554 1125 velamine

214 1159 355 1209 speciei
370 1159 427 1196 vel
443 1159 637 1196 simulacri
650 1159 853 1196 mediantis
869 1159 996 1208 ipsum
1012 1159 1257 1205 intuebimur,
1273 1159 1385 1196 nobis
1404 1170 1554 1195 summe

215 1236 252 1267 et
281 1229 584 1278 inseparabiliter
612 1229 820 1278 diligendo,
841 1241 1050 1267 noscemus
1080 1229 1187 1279 quod
1217 1241 1354 1267 omnes
1381 1229 1555 1267 raciones

164 1310 201 1342 15
215 1299 454 1349 exemplares
479 1306 516 1337 et
546 1300 651 1349 quod
681 1312 818 1337 omnes
848 1307 1020 1337 creature
1050 1300 1089 1336 in
1119 1301 1275 1349 proprio
1305 1312 1446 1349 genere
1475 1312 1556 1337 non

216 1377 304 1408 sunt
341 1369 482 1419 aliquid
520 1370 651 1419 quoad
689 1369 828 1416 Deum,
860 1370 996 1420 pocius
1035 1382 1153 1420 quam
1192 1376 1320 1408 motus
1358 1370 1417 1407 vel
1453 1370 1557 1408 aliud

215 1441 394 1479 accidens
431 1447 488 1478 est
533 1440 676 1490 aliquid
714 1440 844 1489 quoad
889 1453 1001 1478 suum
1046 1441 1273 1485 subiectum,
1311 1448 1353 1478 ut
1391 1441 1558 1490 loquitur

215 1510 424 1560 apostolus,
450 1523 465 1547 Ι
496 1510 584 1548 Cor.
605 1510 654 1547 iii.
679 1519 712 1558 7,
733 1510 860 1560 Neque
885 1512 954 1560 qui
972 1513 1125 1560 plantat
1147 1524 1256 1560 neque
1286 1513 1356 1560 qui
1374 1513 1480 1560 rzgat
1507 1515 1561 1548 est

217 1582 375 1630 aliquod,
403 1586 456 1618 set
480 1583 548 1629 qui
571 1583 828 1618 incrementum
856 1582 931 1626 dat,
952 1581 1068 1618 Deus.
1137 1581 1251 1619 Tunc
1281 1583 1385 1619 enim
1411 1595 1558 1631 cogno-

166 1668 207 1690 20
218 1664 368 1690 scemus
389 1651 588 1701 quomodo
610 1650 784 1689 Christus
805 1651 1019 1689 secundum
1039 1652 1215 1689 raciones
1236 1653 1476 1702 exemplares
1502 1659 1559 1690 est

218 1724 340 1760 omm'a
370 1724 410 1759 z'n
438 1722 604 1759 omnibus
632 1721 800 1771 illapsus,
825 1728 866 1759 ut
887 1722 977 1759 dicit
1004 1723 1218 1772 apostolus,
1246 1736 1261 1759 1
1293 1723 1384 1760 Cor.
1407 1736 1465 1760 xv.
1498 1725 1558 1760 28.

218 1793 308 1843 Ipse
328 1799 457 1830 autern
477 1798 533 1829 est
553 1791 850 1830 fundamentum
870 1793 1091 1838 essenciale,
1114 1793 1220 1842 quod
1241 1794 1455 1830 secundum
1476 1806 1560 1830 esse

218 1863 330 1900 vitale
354 1862 504 1900 adintra
533 1868 590 1900 est
616 1863 758 1908 omnia,
780 1863 884 1900 iuxta
910 1863 1000 1900 illud
1022 1863 1107 1901 Ioh.
1127 1863 1150 1899 i.
1174 1877 1207 1911 3,
1232 1876 1267 1909 4,
1293 1862 1402 1909 Quod
1403 1864 1561 1914 factum

219 1935 328 1972 estin
348 1936 424 1983 z'p50
444 1935 522 1970 vita
546 1938 628 1970 erat
640 1947 659 1977 ,·
689 1940 727 1971 et
757 1935 886 1972 omnis
913 1942 1086 1972 creatura
1112 1936 1151 1971 in
1180 1947 1220 1972 se
1241 1935 1299 1972 vel
1327 1947 1398 1972 suo
1419 1947 1561 1984 genere

170 2025 208 2058 25
221 2005 375 2055 proprie
391 2004 516 2050 nichil,
533 2004 640 2042 iuxta
659 2004 751 2042 illud
766 2004 853 2043 Gal.
868 2005 912 2042 vi.
927 2018 962 2053 3,
983 2005 1033 2043 Sz'
1049 2007 1132 2054 quis
1152 2019 1188 2042 se
1207 2006 1403 2043 existimat
1419 2006 1567 2054 aliquid

221 2089 303 2122 esse,
323 2088 403 2112 cum
423 2075 543 2112 nz'clzz'l
557 2076 614 2121 sil,
637 2076 711 2123 zpse
730 2088 766 2112 se
785 2076 933 2114 seducit.
999 2075 1200 2121 Quotlibet
1228 2084 1316 2114 sunt
1345 2077 1436 2114 talia
1462 2077 1564 2113 dicta

225 2145 419 2195 Scripture
449 2158 524 2194 que
551 2152 693 2183 sonant
717 2146 824 2195 quod
854 2146 957 2183 nulla
983 2154 1158 2184 creatura
1188 2147 1303 2184 habet
1338 2147 1377 2183 in
1404 2147 1564 2196 proprio

180 2220 212 2249 B
228 2215 245 2235 '¹‘
263 2227 405 2265 genere
430 2216 502 2252 nisi
525 2216 805 2264 incompletum
830 2223 866 2253 et
893 2217 1127 2266 equivocum
1157 2217 1380 2266 dependens
1401 2230 1485 2254 esse
1507 2229 1565 2253 re-

228 2293 361 2336 spectu
377 2286 502 2324 divine
518 2287 691 2324 essencie
709 2299 826 2336 quam
843 2299 1041 2336 speramus
1058 2288 1233 2325 beatifice
1247 2288 1396 2325 intueri.
1435 2287 1563 2332 Unde,

176 2375 217 2405 30
230 2358 325 2396 sicut
353 2357 530 2394 accidens
556 2369 636 2394 non
656 2356 770 2394 habet
789 2369 872 2394 esse
896 2358 969 2394 nisi
998 2358 1182 2404 inherere,
1203 2365 1240 2395 et
1261 2360 1314 2395 sic
1335 2358 1565 2407 equivocum

231 2428 361 2478 quoad
380 2427 652 2473 substanciam,
666 2427 718 2464 sic
740 2427 843 2465 nulla
858 2435 1032 2466 creatura
1053 2428 1167 2466 habet
1181 2441 1264 2466 esse
1282 2429 1353 2466 nisi
1367 2429 1563 2474 adherere,

231 2498 338 2549 quod
358 2510 441 2536 esse
461 2499 585 2547 primo
605 2497 691 2547 plus
712 2498 910 2547 discrepat,
928 2499 1014 2536 licet
1035 2499 1109 2537 hoc
1130 2512 1208 2536 non
1231 2500 1439 2537 sufficimus
1460 2511 1564 2535 nunc

233 2569 402 2606 intuitive
430 2568 567 2606 videre.
623 2568 673 2605 Et
707 2568 919 2606 secundum
949 2570 1060 2606 istam
1093 2571 1301 2607 maneriem
1329 2569 1482 2606 videndi
1508 2569 1563 2606 lo-

255 2688 294 2706 10.
311 2680 320 2708 ΙΙ
328 2679 503 2713 specularem
514 2678 536 2703 B
546 2678 563 2704 f.
576 2688 623 2712 217
635 2687 662 2704 n.
713 2688 753 2704 11.
769 2678 920 2711 absorptus
930 2679 955 2704 A
966 2679 988 2705 C
1000 2686 1005 2704 t
1020 2679 1137 2705 absorta
1148 2679 1179 2706 Β.
1249 2689 1288 2706 12.
1303 2682 1360 2712 per
1372 2680 1394 2706 B
1405 2687 1411 2706 ε
1432 2688 1486 2706 om.
1498 2680 1524 2705 A
1533 2679 1564 2705 C.

239 2715 280 2741 18.
299 2717 341 2740 est
350 2712 471 2745 aliquod
481 2721 534 2738 om.
548 2712 579 2738 B.
719 2721 759 2745 32.
778 2721 854 2738 nunc
868 2712 890 2737 B
900 2712 939 2738 C:
959 2721 1016 2738 om.
1030 2713 1063 2738 A.

755 2805 803 2826 10.
831 2805 844 2826 1
864 2796 939 2827 Cor.
957 2796 1022 2826 xiii.
1043 2805 1091 2827 12.

1768 206 1822 247 39
