2095 3278
451 2311 512 2344 XI.

247 2363 351 2390 Would
366 2363 480 2389 Adam's

248 2398 382 2427 children,
397 2398 453 2423 had

248 2432 316 2463 they
329 2430 471 2456 remained

248 2464 276 2490 in
289 2473 306 2489 a
319 2470 391 2489 state
405 2463 484 2489 ofin-

249 2506 377 2529 nocence,
391 2497 463 2522 have

249 2531 305 2556 had
319 2531 384 2562 only
398 2539 504 2562 posses-

248 2563 308 2589 sion
323 2563 350 2589 in
363 2572 491 2590 common

248 2598 304 2622 and
319 2603 366 2622 not
380 2596 408 2623 in

249 2631 406 2663 severalty?

883 212 1087 244 RICARDI
1120 209 1422 243 ARMACHANI
1862 195 1963 254 [Lm.
1986 210 2051 240 111.

514 329 637 372 Unde,
656 335 695 364 ut
711 328 865 370 videtur,
885 339 953 362 nec
971 338 1054 361 eam
1073 337 1230 371 sequens
1248 336 1370 359 rerum
1393 323 1559 358 omnium
1582 333 1838 368 possessarum
1852 322 1951 365 [29B

512 387 559 421 ab
579 387 631 422 eis
649 386 725 420 iure
744 384 949 420 communis
968 383 1154 430 possessio
1174 382 1244 417 nisi
1263 381 1500 416 criminaliter
1517 381 1634 426 potuit
1654 380 1838 425 dissipari,

511 445 632 480 eciam
648 444 701 479 eis
720 442 843 478 liberis
862 441 1086 487 procreatis;
1114 440 1289 486 quoniam
1311 446 1407 482 tunc,
1435 439 1540 473 sicuti
1567 450 1651 474 cum
1676 438 1742 473 soli
1763 436 1838 472 fue-

512 509 605 545 rant,
635 500 873 536 remansisset
903 499 940 533 in
968 499 1021 534 eis
1052 499 1121 533 ista
1151 498 1273 532 unitas
1304 497 1433 541 copule
1462 496 1687 540 coniugalis:
1715 502 1752 531 et
1775 507 1841 540 per

513 570 745 604 consequens
764 557 883 592 omnis
901 556 986 592 talis
1005 555 1194 601 possessio
1214 555 1266 589 sic
1284 555 1465 588 durasset.
1854 574 1872 606 5

562 619 652 652 IOH.
681 616 719 651 Si
738 627 846 650 casus
868 614 1035 650 fortuitus
1061 612 1275 656 contigisset
1294 623 1367 657 quo
1391 612 1442 646 ita
1465 611 1502 645 in
1523 617 1603 646 arto
1626 610 1736 656 positi
1753 610 1841 645 exti-

513 675 644 710 tissent
662 673 762 719 quod
779 685 853 708 non
867 672 936 707 nisi
956 671 1177 707 sufficienter
1195 682 1261 715 pro
1278 681 1405 705 eorum
1418 670 1533 704 altero
1545 669 1618 704 vite
1631 667 1843 703 necessaria

514 731 743 773 habuissent,
773 730 876 765 verbi
907 729 1042 774 gracia,
1070 730 1225 764 frustum
1258 727 1366 772 panis
1401 733 1464 761 aut
1493 726 1635 770 carnis;
1672 725 1843 770 numquit

514 790 638 825 Adam
656 788 840 824 robustior
857 787 1008 823 muliere
1026 787 1062 822 in
1081 798 1150 822 usu
1167 786 1261 820 illius
1288 797 1362 820 non
1386 784 1514 820 debuit
1532 796 1571 820 se
1588 785 1747 829 preferre
1762 786 1773 818 ?
1800 795 1844 818 ex

515 859 588 893 quo
607 847 789 882 divisione
805 847 904 881 facta
921 856 996 880 non
1014 845 1135 879 minus
1160 844 1272 878 ambo
1296 844 1333 878 in
1357 854 1510 888 corpore
1532 842 1739 887 periissent,
1760 852 1844 876 cum
1861 858 1901 879 10

515 905 636 940 neutri
660 903 787 949 porcio
818 914 886 938 sua
913 903 1119 938 sufficeret:
1146 902 1244 936 unde
1265 900 1282 920 *
1303 900 1450 935 videtur
1479 900 1607 945 pocius
1634 899 1844 944 eligendum
1859 911 1886 940 ο

515 962 629 997 fuisse
646 968 685 996 ut
703 962 781 1007 ipse
800 962 932 996 saltem
951 960 1188 1004 singulariter
1211 960 1438 1000 salvaretur3
1466 964 1502 993 et
1528 964 1650 1003 preter
1672 958 1744 991 hoc
1765 957 1845 1002 plus

515 1021 642 1055 debuit
672 1031 804 1064 corpus
839 1030 945 1053 suum
972 1018 1122 1062 diligere
1153 1030 1197 1053 ex
1224 1017 1351 1052 ordine
1380 1016 1543 1052 caritatis
1570 1027 1683 1061 quam
1714 1026 1846 1060 corpus

515 1079 649 1122 uxoris,
667 1085 703 1113 et
720 1090 786 1123 per
804 1088 1033 1122 consequens
1052 1076 1189 1121 duplici
1208 1076 1312 1111 titulo
1331 1075 1457 1110 debuit
1476 1086 1516 1109 se
1533 1074 1704 1120 preferre.

562 1138 650 1171 RIC.
679 1135 859 1181 Quamvis
878 1134 1094 1169 innocenter
1106 1133 1315 1169 viventibus
1329 1132 1412 1168 talis
1426 1132 1628 1168 necessitas
1639 1132 1846 1167 nullatenus
1863 1146 1901 1178 15

516 1194 740 1236 advenisset,
759 1193 846 1238 quia
863 1200 986 1228 tamen
1012 1193 1116 1227 Deus
1142 1203 1271 1226 casum
1297 1191 1399 1225 illum
1425 1197 1570 1235 poterat
1596 1190 1650 1225 eis
1676 1201 1742 1235 pro
1760 1195 1846 1224 voto
1859 1197 1969 1224 tamen
1981 1201 1993 1223 .·

517 1264 584 1288 suo
610 1252 807 1294 adducere,
827 1250 948 1295 posito
973 1250 1035 1284 illo
1058 1255 1204 1292 eventu,
1222 1260 1297 1284 non
1319 1254 1463 1294 poterat
1489 1248 1613 1283 Adam
1634 1259 1713 1282 rem
1734 1248 1848 1283 talem
1860 1247 1934 1268 ‘²⁰⁷²
1951 1243 1983 1267 Β·

518 1322 585 1346 suo
615 1309 696 1345 usui
724 1309 950 1354 propriando
975 1307 1275 1343 communionem
1304 1307 1375 1342 nisi
1403 1307 1596 1352 peccando
1624 1306 1848 1348 dissolvere3

518 1368 694 1414 quoniam
717 1368 838 1411 legem
863 1366 1027 1401 divinam
1053 1366 1100 1401 de
1123 1365 1381 1400 communione
1408 1365 1591 1399 servanda
1615 1363 1795 1405 solvisset,
1813 1369 1850 1397 et

520 1438 584 1461 sue
612 1424 733 1470 equali
761 1424 923 1459 consorti
952 1424 988 1458 in
1014 1424 1090 1458 iure
1120 1423 1171 1458 rei
1200 1423 1295 1459 illius
1322 1422 1494 1457 iniuriam
1524 1422 1715 1457 intulisset.
1769 1422 1850 1456 Nec
1866 1438 1906 1459 20

521 1484 621 1519 salus
645 1482 758 1528 ipsius
785 1482 821 1517 in
846 1493 998 1527 corpore
1025 1482 1078 1517 sic
1104 1481 1296 1526 peccando
1323 1480 1518 1525 eligibilior
1542 1479 1721 1515 extitisset
1739 1489 1852 1524 quam

521 1553 623 1576 mors
644 1541 822 1575 innocens
840 1540 1041 1585 utriusque,
1060 1539 1171 1574 veluti
1196 1539 1468 1584 pretendebas;
1495 1549 1579 1573 cum
1597 1548 1787 1582 nunquam
1805 1535 1852 1571 sit

522 1598 718 1644 eligibilius
736 1598 874 1643 aliquid
892 1598 1036 1632 habens
1054 1603 1249 1642 peccatum
1271 1608 1456 1631 annexum
1479 1607 1590 1641 quam
1618 1595 1656 1630 id
1679 1594 1780 1640 quod
1796 1600 1852 1629 est
1858 1604 1942 1641 pecc.
1956 1609 2020 1631 om.
2035 1606 2065 1630 Β.

521 1658 676 1692 liberum
704 1668 727 1690 a
754 1662 918 1701 peccato.
970 1657 1052 1690 Nec
1075 1655 1166 1690 ordo
1192 1654 1356 1690 caritatis
1390 1654 1436 1689 de
1469 1653 1629 1699 amplius
1663 1652 1853 1697 diligendo

522 1726 655 1760 corpus
673 1713 991 1759 proprium-quam
1009 1724 1140 1758 corpus
1162 1712 1493 1757 alteriusunquam
1511 1712 1550 1746 id
1566 1711 1688 1755 exigit,
1704 1710 1775 1745 nisi
1789 1710 1851 1745 ubi
1870 1725 1907 1757 25

522 1772 672 1818 preferri
691 1771 824 1817 poterit
847 1771 1085 1812 innocenter3
1113 1771 1269 1816 qualiter
1294 1770 1393 1805 enim
1414 1776 1559 1815 poterat
1580 1769 1708 1814 pocius
1729 1769 1853 1803 Adam
1866 1777 1944 1807 Post
1957 1775 2046 1807 enim

523 1831 560 1865 in
578 1831 641 1865 tali
661 1841 749 1864 casu
772 1829 963 1864 mulierem
984 1828 1204 1863 renitentem
1228 1835 1462 1873 postponere,
1490 1838 1602 1873 quam
1624 1826 1805 1872 potuisset
1822 1826 1852 1861 si
1868 1828 1886 1850 Β
1899 1830 1969 1851 eam
1986 1819 2048 1850 11¹⁵·

523 1889 604 1933 ipsa
622 1888 655 1923 ei
673 1887 852 1922 violenter
868 1898 935 1931 pro
954 1886 1092 1921 viribus
1118 1886 1313 1921 restitisset
1340 1885 1509 1921 occidere
1535 1892 1572 1920 et
1595 1885 1625 1920 si
1644 1884 1735 1919 alias
1754 1885 1853 1919 solus

523 1959 562 1981 re
580 1946 642 1980 illa
659 1945 709 1980 uti
728 1956 802 1979 non
820 1951 959 1989 posset,
978 1956 1052 1979 non
1071 1944 1202 1988 video;
1231 1944 1330 1989 quod
1356 1943 1441 1989 quia
1466 1955 1541 1978 non
1566 1942 1637 1978 nisi
1664 1943 1853 1988 peccando
1867 1963 1932 1985 non
1949 1963 2013 1985 om,
2026 1959 2057 1984 B.

523 2004 645 2038 facere
663 2009 817 2047 poterat,
838 2002 892 2038 sic
915 2014 997 2037 eam
1024 2013 1091 2037 sua
1113 2002 1291 2048 porcione
1315 2001 1364 2036 rei
1391 2001 1486 2036 illius
1504 2000 1666 2043 destitui,
1685 2006 1724 2035 ut
1743 1999 1853 2034 michi
1869 2016 1910 2047 30

524 2062 680 2104 videtur,
698 2061 819 2095 facere
844 2072 917 2095 non
943 2060 1119 2095 debebat.
1169 2061 1227 2094 Ex
1253 2059 1332 2094 istis
1358 2059 1594 2104 consequitur
1613 2058 1712 2103 quod
1728 2058 1853 2092 Adam

524 2130 726 2163 nunquam,
745 2118 823 2153 eius
842 2129 953 2152 uxore
970 2117 1128 2161 vivente,
1143 2117 1293 2162 aliquod
1307 2116 1522 2161 simpliciter
1535 2116 1723 2161 proprium
1736 2115 1854 2150 habu-

526 2177 614 2211 isset
632 2177 679 2211 de
696 2177 807 2211 rebus
825 2175 1067 2210 communiter
1085 2175 1139 2210 eis
1157 2175 1252 2210 datis
1272 2175 1308 2210 in
1326 2186 1444 2210 usum.

575 2298 807 2333 IOHANNES.
833 2296 1027 2342 Numquid
1045 2297 1142 2331 hanc
1160 2297 1278 2331 solam
1296 2295 1569 2341 possessionem
1591 2295 1668 2330 iure
1693 2305 1856 2329 commu-

525 2366 611 2390 nem
625 2355 842 2390 habuissent
854 2354 989 2399 posteri
1003 2354 1081 2389 eius
1096 2365 1236 2397 omnes,
1252 2353 1281 2388 si
1294 2354 1371 2398 ipse
1383 2353 1639 2388 innocenciam
1651 2352 1829 2388 tenuisset
1845 2354 1857 2387 ?
1872 2367 1911 2400 35

574 2413 802 2447 RICARDUS.
843 2413 1000 2447 Videtur
1027 2412 1126 2457 quod
1161 2411 1326 2456 perfecti,
1356 2410 1461 2446 sicuti
1496 2410 1534 2445 in
1567 2410 1740 2455 presenti,
1771 2421 1856 2455 pos-

527 2470 730 2505 sessionem
749 2481 996 2513 communem,
1015 2481 1089 2504 non
1116 2469 1303 2514 propriam
1329 2469 1399 2503 nisi
1426 2469 1535 2512 facto,
1556 2480 1622 2503 suo
1648 2467 1743 2513 patri
1768 2478 1857 2501 con-

525 2528 691 2563 formiter
716 2527 948 2570 tenuissent;
979 2527 1152 2572 quoniam
1180 2527 1229 2561 ad
1259 2538 1409 2561 omnem
1438 2537 1545 2561 usum
1574 2532 1610 2561 et
1634 2526 1682 2559 ad
1708 2535 1857 2560 omnem

527 2593 650 2621 actum
669 2586 804 2621 iustum
823 2597 933 2631 quern
953 2585 1049 2620 circa
1067 2596 1124 2620 res
1150 2586 1295 2619 usuales
1313 2595 1481 2619 exercere
1499 2584 1672 2618 volebant
1694 2581 1857 2628 perfecti,

527 2645 694 2679 sufficere
713 2644 765 2679 eis
790 2650 932 2688 poterat
952 2643 1027 2678 iure
1046 2643 1255 2678 communis
1280 2642 1476 2687 possessio,
1496 2641 1589 2676 sicut
1607 2647 1642 2675 et
1662 2651 1857 2676 commune
1871 2651 1913 2682 40

528 2702 757 2743 dominium;
795 2701 879 2736 licet
906 2708 1003 2744 tunc,
1034 2700 1126 2735 sicut
1160 2706 1195 2735 et
1224 2711 1332 2742 nunc,
1362 2700 1398 2734 in
1431 2699 1569 2734 utendo
1602 2697 1786 2733 alimentis
1819 2703 1856 2732 et

529 2760 693 2794 vestibus
727 2759 1001 2803 possessionem
1035 2764 1119 2793 actu
1154 2757 1340 2802 propriam
1374 2757 1484 2801 aliqui
1521 2755 1746 2791 habuissent.
1798 2756 1856 2789 De

530 2817 752 2862 imperfectis
771 2828 868 2860 vem,
889 2817 1015 2861 quales
1036 2822 1122 2851 tunc
1149 2816 1314 2859 fuissent,
1335 2815 1418 2850 licet
1447 2814 1556 2849 modo
1583 2813 1724 2858 impari,
1745 2812 1853 2848 sicuti
