2008 3305
195 237 281 265 cAP.
304 222 382 281 XL]
672 234 818 266 LIBER
851 234 1051 267 PRIMUS.
1756 237 1808 280 77

79 354 178 396 2513]
193 350 383 388 modestia
424 362 632 399 possumus
668 351 842 388 raciones
883 351 929 388 de
967 362 1203 400 quocunque
1242 350 1403 389 articulo
1441 350 1528 389 fidei

192 422 347 459 licenter
375 421 578 470 inquirere,
608 421 699 469 quia
728 421 836 458 aliter
865 421 980 458 nimis
1009 421 1177 470 graviter
1210 428 1415 470 peccarent
1446 422 1528 460 Au-

191 491 382 541 gustinus,
416 490 658 536 Ambrosius,
693 491 924 538 Ieronimus,
954 491 1176 538 Anselmus,
1209 498 1246 529 et
1287 492 1348 529 alii
1378 492 1528 541 pugiles

192 562 259 611 qui
302 561 524 599 racionibus
569 561 765 599 vivacibus
808 561 854 599 de
898 561 1090 599 altissimis
1132 562 1300 599 articulis
1338 562 1529 601 hereticos

161 633 540 682 5impugnaverunt;
580 639 621 669 ut
660 638 765 680 patet
799 631 847 669 de
890 644 1044 669 summa
1073 632 1277 678 Trinitate,
1308 632 1355 670 de
1395 633 1528 670 mundi

193 703 406 747 creacione,
430 708 468 739 et
488 701 535 739 de
555 701 677 739 Verbi
697 702 984 747 incarnacione,
1007 715 1096 740 cum
1123 703 1195 740 sibi
1226 703 1429 749 similibus,
1453 715 1529 752 que

191 772 457 823 philosophice
478 771 731 810 defenderunt
752 779 790 810 et
809 772 1066 821 multiplieiter
1085 780 1366 822 persuaserunt.

247 843 334 880 Istis
354 843 561 891 premissis,
577 843 647 879 tria
667 842 842 880 videntur
870 843 964 879 mihi
986 856 1055 893 per
1075 843 1254 881 ordinem
1276 843 1508 881 declaranda
1521 857 1528 880 τ
1541 853 1568 870 α·
1587 844 1639 870 We
1652 853 1704 871 0²1¹
1718 845 1802 872 know

1542 878 1661 911 nothing
1673 884 1773 911 except

191 913 328 963 primo,
351 913 457 962 quod
486 913 725 962 impossibile
754 918 812 950 est
841 913 1041 950 hominem
1071 914 1286 963 quidquam
1318 914 1424 960 scire,
1456 911 1808 978 nisiffghlggnfieffigngod

142 994 181 1017 10
193 984 321 1034 previe
360 983 569 1021 illustretur
607 984 945 1033 supernaturaliter
983 996 1079 1033 pura
1113 984 1200 1021 fide.
1270 984 1386 1022 Fides
1425 979 1666 1022 enimthrough
1678 979 1758 1005 faith-

193 1055 428 1104 quandoque
470 1054 630 1091 sumitur
671 1066 742 1102 pro
781 1060 869 1091 actu
910 1066 988 1103 quo
1027 1055 1205 1101 creditur,
1245 1055 1420 1093 secundo
1458 1067 1530 1104 pro

192 1124 322 1162 habitu
349 1136 416 1173 per
442 1136 560 1174 quem
581 1124 759 1170 creditur,
780 1130 818 1161 et
836 1125 955 1162 tercio
979 1137 1049 1174 pro
1070 1125 1225 1162 veritate
1246 1138 1322 1175 que
1342 1125 1508 1163 creditur
1520 1138 1530 1171 5

192 1195 289 1233 sicut
318 1195 454 1232 diffuse
474 1194 563 1232 alibi
583 1201 639 1232 est
660 1194 873 1232 fundatum.
932 1194 1007 1232 Sed
1023 1195 1148 1244 primo
1168 1196 1290 1233 modo
1310 1195 1529 1244 intelligitur
1542 1201 1628 1240 Faith
1641 1202 1664 1228 is
1677 1202 1768 1229 either

193 1265 288 1303 fides
309 1265 492 1315 equivoce
514 1265 619 1314 apud
634 1265 798 1302 multos:
830 1265 956 1314 primo
971 1277 1042 1314 pro
1064 1271 1152 1303 actu
1168 1266 1296 1315 primo
1316 1266 1528 1304 intellectus
1541 1242 1809 1296 ἷὸιὲῑῑᾞιξέὶνῑεεὲἷῗέῐξ

96 1337 180 1368 26A
197 1334 335 1374 *creati
378 1348 456 1385 quo
495 1336 653 1373 assentit
700 1336 846 1385 absque
887 1335 1093 1373 formidine
1134 1336 1307 1383 veritati,-
1363 1343 1405 1374 ut
1435 1349 1529 1375 con·
1541 1304 1786 1336 aspropounded'

194 1405 399 1444 siderando
446 1406 478 1443 si
517 1405 662 1454 aliquid
701 1405 813 1443 simul
860 1412 917 1443 est
956 1412 994 1443 et
1031 1418 1112 1444 non
1151 1413 1219 1452 est,
1249 1407 1377 1445 statim
1415 1407 1529 1456 plene

193 1477 403 1515 consencio
441 1477 628 1525 negative,
669 1489 738 1513 nec
776 1482 942 1525 protunc
983 1476 1117 1514 dubito
1157 1477 1204 1514 de
1242 1477 1317 1515 hoc
1356 1477 1415 1514 vel
1456 1489 1527 1516 suo

193 1548 385 1597 opposito.
443 1547 539 1585 Ideo
561 1547 650 1584 dicit
676 1547 798 1596 Hugo
819 1546 867 1583 de
886 1546 1030 1584 Sancto
1050 1546 1209 1584 Victore
1230 1547 1336 1596 quod
1357 1547 1452 1585 fides
1473 1554 1530 1585 est

193 1629 310 1667 supra
360 1617 600 1667 opinionem,
643 1629 732 1654 cum
771 1617 927 1666 expellit
966 1617 1212 1654 formidinem
1253 1630 1371 1666 quam
1418 1618 1530 1667 ponit

142 1698 182 1720 20
194 1687 327 1737 opinio
342 1700 352 1733 ;
381 1693 418 1725 et
448 1694 506 1725 est
535 1688 630 1725 citra
658 1687 877 1732 scienciam,
899 1687 989 1736 quia
1019 1699 1099 1724 non
1129 1693 1309 1736 expectat
1329 1688 1529 1726 racionem

194 1757 337 1803 crediti,
376 1770 443 1807 per
480 1769 598 1807 quam
646 1764 686 1794 ut
734 1757 954 1795 evidencius
1004 1758 1206 1806 cognitum
1258 1765 1529 1808 cognoscatur.

195 1827 375 1865 Secundo
396 1827 516 1865 modo
546 1827 731 1877 accipitur
760 1839 833 1877 pro
861 1834 948 1866 actu
979 1827 1105 1877 primo
1133 1827 1355 1866 adhesionis
1384 1828 1529 1866 veritati
1543 1836 1574 1866 ΡΥ

1542 1870 1571 1888 n.
1586 1861 1785 1888 non-intuitive

193 1909 264 1947 pro
293 1897 356 1935 illa
384 1909 565 1935 mensura
593 1909 674 1935 non
703 1897 838 1935 intuite
867 1897 1047 1936 credente
1062 1910 1072 1944 ;
1103 1905 1141 1936 et
1173 1899 1227 1936 sic
1259 1898 1407 1936 videtur
1435 1911 1528 1948 apo·
1542 1895 1774 1955 ἓζζὲζζζζξξξζῐξ

194 1968 334 2005 stolum
361 1968 467 2018 loqui
498 1968 547 2005 ad
580 1967 702 2005 Hebr.
723 1968 785 2015 xi3
835 1974 872 2005 et
900 1968 1152 2017 Augustinus,
1188 1981 1303 2018 super
1341 1968 1529 2016 Iohanne,

142 2047 180 2079 25
195 2038 336 2076 omelia
355 2038 418 2084 xl.,
438 2037 565 2084 Fides,
588 2038 723 2087 inquit,
745 2043 798 2075 est
815 2039 960 2075 credere
978 2040 1078 2087 quod
1092 2052 1163 2076 non
1183 2040 1293 2077 vides.

247 2108 485 2157 Accipiendo
515 2114 643 2146 autem
672 2108 788 2146 fidem
817 2108 943 2157 primo
972 2109 1091 2146 modo
1121 2116 1179 2146 est
1208 2110 1405 2148 conclusio
1437 2122 1528 2159 pro·
1541 2111 1798 2178 ffilndp‘fggffggges

193 2178 320 2227 posita
341 2178 554 2216 manifesta.
612 2178 717 2216 Nam
745 2179 775 2216 si
803 2178 922 2216 homo
954 2179 1025 2217 scit
1058 2179 1257 2217 veritatem
1284 2180 1454 2230 aliquam
1479 2193 1527 2217 ex
1539 2179 1620 2205 saith·

194 2248 390 2287 evidencia
418 2249 543 2299 magis
577 2249 659 2287 noti
689 2248 747 2300 (ut
775 2249 944 2298 loquitur
972 2249 1240 2300 philosophus,
1269 2250 1396 2300 primo
1435 2250 1528 2289 Pos-

195 2317 395 2370 teriorum)
420 2325 457 2356 et
487 2319 718 2369 supponitur
742 2321 839 2356 scire
865 2319 1023 2369 intelligi
1042 2332 1115 2369 pro
1135 2320 1316 2369 presenti,
1338 2333 1427 2358 cum
1447 2332 1529 2358 non

143 2399 184 2429 30
197 2389 245 2427 sit
273 2401 478 2438 processus
507 2389 547 2426 in
575 2389 781 2436 infinitum,
804 2396 862 2427 est
886 2390 976 2427 dare
997 2390 1229 2439 principium
1250 2391 1333 2428 talis
1354 2387 1528 2437 sciencie,

195 2460 257 2497 cui
285 2460 488 2497 assentitur
518 2460 600 2497 sine
629 2460 803 2497 discursu
830 2472 852 2497 a
876 2460 981 2509 prius
1001 2460 1158 2510 cognito
1179 2472 1275 2510 pura
1294 2461 1392 2507 fide;
1421 2473 1526 2511 ymo,

230 2564 254 2587 3.
273 2555 456 2581 Ieronz'mus:
482 2555 573 2588 I‘onz'9
585 2555 652 2587 AC,
667 2555 723 2582 [εἰν
738 2556 769 2581 Β.
850 2563 873 2587 5.
895 2556 1146 2589 impugnaverunt
1158 2556 1202 2582 A:
1231 2556 1448 2590 impugnarunt
1460 2557 1483 2583 B
1493 2557 1524 2584 C.

196 2589 220 2615 6.
238 2591 267 2614 et
279 2589 305 2613 A
315 2588 354 2614 C:
375 2597 430 2615 om.
444 2589 478 2614 B.
575 2598 598 2622 7.
613 2591 836 2621 pursuaserunt
848 2590 874 2615 A
884 2589 923 2615 C:
943 2592 1108 2615 swaserunt
1120 2590 1151 2615 B.
1261 2600 1301 2616 11.
1320 2596 1384 2623 post
1396 2591 1531 2617 creditur

197 2622 223 2647 A
236 2624 265 2647 et
276 2621 355 2647 addit
370 2629 376 2647 ε
400 2631 454 2647 om.
472 2622 494 2648 B
505 2622 537 2648 C.
652 2632 690 2648 12.
712 2625 740 2648 et
755 2622 794 2648 B:
815 2631 868 2648 om.
884 2623 909 2648 A
920 2622 951 2649 C.
1091 2632 1131 2655 23.
1153 2624 1261 2650 intuite
1275 2624 1316 2650 B:
1337 2625 1446 2651 intuito
1457 2625 1524 2652 Ac.

198 2657 237 2681 26.
259 2657 268 2685 ΙΙ
275 2656 426 2688 proposita
440 2655 462 2681 B
475 2656 493 2681 f.
510 2665 558 2688 223
568 2664 594 2681 D.
700 2665 740 2689 29.
761 2656 834 2682 scire
847 2656 869 2681 B
881 2663 887 2682 :
907 2656 981 2682 satis
994 2656 1019 2682 A
1030 2656 1061 2683 C.

288 2734 337 2765 18.
365 2733 456 2775 Hug.
474 2733 515 2765 de
528 2745 551 2765 s.
570 2734 656 2765 Vict.
675 2734 716 2766 de
732 2734 877 2766 Sacram.
894 2746 923 2766 x.
944 2744 972 2770 2,
997 2735 1122 2776 Migne,
1146 2734 1217 2776 176.
1235 2745 1298 2776 330
1315 2740 1347 2768 et
1364 2746 1429 2778 seq.

288 2794 340 2824 24.
366 2785 505 2825 August.
523 2785 556 2815 in
574 2785 645 2816 Ioh.
665 2786 789 2826 Evang.
807 2790 902 2817 tract.
919 2786 961 2816 xl.
979 2797 1011 2827 9,
1029 2786 1117 2828 Opp.
1137 2796 1155 2827 3
1173 2788 1223 2828 (2)
1242 2786 1303 2828 568
1322 2795 1354 2819 F.

288 2836 336 2866 28.
362 2836 463 2867 Arist.
483 2836 578 2867 Anal.
597 2837 719 2867 Poster.
738 2837 757 2867 i.
779 2846 794 2867 2
812 2847 870 2878 pp.
890 2843 926 2877 71
943 2838 970 2874 b,
990 2844 1028 2878 72
1044 2848 1076 2869 a.
