2008 3305
203 246 290 276 CAP.
309 231 405 290 ΧΠ]
684 243 830 274 LIBER
862 242 1058 275 PRIMUS.

85 362 185 403 30D]
199 359 339 396 mentis
377 358 597 396 efficacibus
636 369 724 396 curn
763 358 928 407 antiquis
968 357 1189 395 doctoribus
1237 363 1274 394 et
1319 356 1526 406 Scriptura.

199 429 318 475 Quod
340 429 370 466 si
391 429 562 478 sophista
582 434 741 477 pompat
762 440 801 465 se
823 428 917 466 scire
933 427 1179 465 contenciose
1200 426 1413 472 defendere,
1431 434 1528 464 tam-

198 511 315 548 quam
336 499 528 548 possibile,
551 498 655 548 quod
676 498 783 536 Deus
804 510 882 535 non
903 498 959 544 sit,
982 498 1049 535 sed
1069 497 1172 548 quod
1193 510 1282 535 cum
1304 498 1378 535 hoc
1405 497 1527 546 possit

198 569 366 618 intelligi,
389 569 536 606 dicatur
565 569 636 606 sibi
660 581 749 606 cum
779 569 954 618 apostolo
986 567 1023 619 (1
1058 568 1148 606 Cor.
1177 568 1226 606 xi.
1262 569 1339 618 16),
1370 567 1421 605 Sz'
1444 569 1529 616 quis

166 641 324 680 5talz'ter
342 641 585 677 contencz'osus
613 644 672 685 est,
694 652 759 676 nos
788 641 894 676 talem
923 640 1212 676 consuetudinem
1241 652 1312 675 non
1342 638 1526 683 habemus,

196 711 295 747 sicut
317 724 379 747 nec
398 712 543 748 ecclesia
563 709 658 747 Dei:
692 716 729 747 et
758 710 960 748 credamus
980 709 1209 759 Augustino,
1231 708 1400 746 secundo
1432 708 1528 745 Soli-

199 781 416 830 loquiorum
436 781 604 830 capitulo
624 781 673 827 ii.‚
694 781 800 830 quod
820 781 956 818 veritas
978 787 1036 818 est
1055 786 1158 817 tante
1179 779 1401 817 constancie
1422 778 1529 828 quod

110 855 191 885 31A
204 851 372 900 sequitur
394 849 412 870 *
434 864 482 889 ex
502 858 661 900 utraque
688 858 793 899 parte
821 851 1143 889 contradiccionis
1171 856 1212 887 ut
1240 850 1404 888 declarat
1425 849 1528 887 Ans-

200 921 351 959 helmus
370 922 409 959 in
424 921 485 959 De
501 921 671 958 Veritate
691 921 815 970 primo
836 921 1014 970 capitulo.
1071 921 1121 958 Et
1141 926 1244 970 patet
1264 920 1370 969 quod
1391 932 1528 957 sensus

146 1005 187 1028 10
200 993 355 1041 antique
367 992 489 1041 logice
506 992 551 1029 sit
566 992 816 1037 necessarius,
834 992 938 1041 quod
954 992 1061 1030 sicud
1077 991 1251 1029 absolute
1268 991 1527 1028 necessarium

199 1065 368 1114 sequitur
395 1064 444 1101 ad
465 1064 676 1113 quodlibet,
698 1063 750 1100 sic
779 1075 826 1100 ex
859 1063 1084 1112 impossibili
1115 1063 1286 1113 sequitur
1316 1061 1524 1110 quidlibet;

197 1141 235 1174 et
254 1135 411 1172 indubie
432 1134 634 1183 utrobique
656 1133 745 1171 satis
765 1133 986 1171 formaliter.
1044 1133 1147 1171 Nam
1175 1133 1299 1171 nullus
1320 1131 1526 1181 rectilogus

197 1205 283 1255 plus
303 1204 461 1254 requirit
488 1203 535 1241 de
562 1204 735 1241 bonitate
765 1204 1043 1241 condicionalis
1073 1203 1303 1249 huiusmodi,
1326 1206 1335 1222 ‘
1351 1202 1390 1239 Si
1410 1201 1527 1239 nichil

197 1278 345 1324 ‘potest
360 1287 456 1322 esse,
475 1281 567 1312 tunc
594 1274 701 1311 Deus
722 1272 800 1320 est,'
823 1274 895 1311 nisi
923 1274 1028 1323 quod
1057 1286 1137 1311 non
1163 1274 1284 1324 possit
1311 1285 1395 1311 esse
1420 1272 1527 1322 quod

144 1355 182 1386 15
198 1345 312 1383 nichil
341 1351 469 1395 potest
499 1357 583 1382 esse
604 1345 677 1382 nisi
703 1345 811 1383 Deus
831 1345 888 1383 sit.
947 1344 997 1382 Et
1029 1344 1289 1382 examinando
1319 1343 1393 1381 hoc
1417 1343 1527 1392 ponit

198 1416 346 1465 logicus
384 1415 615 1465 oppositum,
652 1415 803 1462 scilicet,
838 1415 942 1465 quod
972 1416 1023 1453 ita
1052 1415 1097 1453 sit
1128 1414 1233 1464 quod
1262 1414 1377 1451 nichil
1406 1414 1527 1463 possit

198 1498 294 1532 esse,
316 1492 353 1524 et
378 1498 466 1524 cum
489 1485 563 1523 hoc
590 1486 694 1535 quod
721 1485 847 1524 nullus
868 1485 976 1523 Deus
1003 1486 1050 1523 sit
1065 1498 1074 1532 ;
1105 1492 1141 1523 et
1169 1485 1425 1523 contradiccio
1451 1490 1526 1522 sta-

197 1557 265 1595 tim
294 1557 420 1594 instat.
475 1556 525 1593 Et
555 1568 625 1605 per
644 1556 758 1601 idem,
779 1556 870 1593 dato
889 1569 961 1606 pro
985 1556 1156 1594 absolute
1183 1555 1401 1593 necessario
1422 1554 1527 1604 quod

197 1639 315 1665 omne
334 1639 403 1665 ens
429 1627 659 1676 intelligitur,
681 1627 769 1676 quia
798 1627 905 1664 aliter
933 1633 1126 1677 oporteret
1154 1626 1242 1664 dare
1271 1625 1376 1674 quod
1405 1625 1527 1674 possit

145 1711 186 1733 20
198 1709 282 1735 esse
315 1697 420 1747 quod
453 1697 664 1746 aliqualiter
687 1704 754 1743 est,
787 1709 877 1734 curn
910 1697 983 1735 hoc
1018 1697 1122 1747 quod
1155 1696 1311 1746 aliquod
1344 1707 1412 1733 ens
1446 1706 1526 1731 non

197 1768 438 1817 intelligitur;
468 1774 504 1805 et
524 1768 576 1805 ita
602 1780 691 1805 cum
718 1768 764 1805 sit
789 1768 970 1817 possibile
996 1767 1138 1817 aliquid
1157 1779 1226 1804 ens
1252 1778 1332 1804 non
1358 1765 1526 1814 intelligi,

198 1850 278 1875 non
307 1845 363 1876 est
392 1838 565 1876 absolute
595 1839 856 1876 necessarium
885 1850 1002 1876 omne
1032 1850 1102 1876 ens
1140 1838 1307 1887 intelligi,
1338 1837 1445 1887 quod
1474 1842 1532 1874 est

198 1908 354 1946 datum:
386 1915 423 1946 et
444 1908 497 1946 Sic
518 1908 743 1957 generaliter
763 1915 820 1946 est
841 1909 1093 1957 arguendum.

251 1978 315 2016 Ad
342 1978 555 2016 secundum
585 1986 856 2027 argumentum
885 1979 1020 2017 dicitur
1048 1979 1153 2029 quod
1182 1991 1267 2017 esse
1290 1976 1527 2027 intelligibile
1540 1982 1727 2049 2233&ng
1738 2018 1794 2044 and

1756 243 1809 287 93,

146 2057 184 2089 25
199 2049 485 2098 cuiuscumque,
502 2061 591 2086 cum
612 2050 657 2086 sit
677 2049 848 2087 absolute
869 2050 1140 2096 necessarium,
1161 2056 1217 2087 est
1237 2049 1391 2098 ubique,
1408 2055 1445 2085 et
1459 2060 1527 2097 per
1541 2058 1599 2087 ἔδει)
1613 2052 1730 2076 actuale
1741 2060 1788 2077 are

196 2196 277 2227 ture
297 2190 465 2227 inexistit
480 2196 520 2227 ut
538 2190 619 2228 eius
640 2197 851 2238 causatum,
874 2191 941 2228 sed
962 2191 1085 2229 solum
1104 2191 1313 2228 intellectui
1332 2190 1523 2229 increato:

197 2259 304 2297 Deus
333 2272 426 2310 ergo
455 2261 552 2298 sicut
581 2261 696 2298 habet
722 2273 804 2298 esse
835 2273 985 2298 summe
1012 2261 1204 2311 possibile,
1229 2262 1281 2299 sic
1311 2267 1347 2298 et
1377 2272 1529 2299 summe

197 2330 441 2380 intelligibile,
466 2331 532 2368 sed
553 2343 634 2368 non
655 2331 874 2369 distinctum
895 2332 944 2369 ab
963 2332 1044 2369 eius
1065 2344 1148 2369 esse
1169 2332 1318 2377 actuali,
1339 2331 1434 2369 sicut
1455 2343 1526 2369 nec

1541 2092 1568 2108 ln
1583 2083 1647 2109 God
1668 2084 1750 2110 indis-

197 2131 440 2168 consequens
463 2132 485 2157 a
505 2120 609 2157 nullo
630 2120 819 2157 intellectu
840 2126 967 2157 creato
987 2126 1176 2166 causatur,
1197 2120 1256 2157 vel
1280 2119 1390 2157 alicui
1421 2131 1522 2157 crea·
1536 2116 1736 2149 tinguishable.

145 2398 326 2450 30⁰aliqua
346 2414 512 2451 persona
533 2402 670 2439 divina.
727 2402 835 2439 Patet
862 2402 915 2439 sic
933 2415 940 2439 ε
973 2401 1105 2448 Quam
1131 2402 1256 2451 primo
1276 2408 1332 2439 est
1352 2402 1527 2440 essencia
1538 2414 1567 2431 a·
1587 2405 1680 2432 There
1692 2405 1715 2432 is
1727 2415 1763 2433 no

198 2472 335 2519 divina,
368 2479 426 2510 est
459 2473 667 2510 existencia
697 2473 811 2509 trium
844 2485 1118 2522 personarum;
1162 2473 1229 2510 sed
1268 2485 1364 2522 eque
1398 2473 1525 2522 primo

1539 2440 1649 2477 natural
1663 2440 1744 2466 order
1756 2440 1789 2467 of

1538 2478 1654 2505 prionty
1667 2482 1770 2506 among

1539 2506 1587 2531 the
1600 2515 1727 2532 essences
1740 2507 1797 2534 and

197 2554 286 2579 curn
313 2554 397 2580 esse
424 2543 650 2592 intelligibili
670 2543 727 2580 vel
748 2544 919 2592 possibili
946 2550 1002 2580 est
1023 2543 1195 2581 essencia
1216 2543 1353 2590 divina,
1376 2555 1468 2592 ergo
1490 2550 1526 2581 et
1538 2548 1653 2571 Pe‘S‘mS
1666 2540 1693 2566 ³¹¹
1707 2541 1754 2568 the

152 2620 182 2649 B
197 2613 359 2650 existere
375 2625 642 2662 personarum.
683 2612 817 2651 Minor
830 2620 935 2662 patet
954 2625 1001 2651 eo
1024 2612 1041 2632 *
1059 2613 1164 2664 quod
1178 2613 1283 2651 aliter
1299 2613 1396 2651 foret
1417 2620 1526 2652 natu-

230 2713 253 2736 4.
274 2713 287 2729 1
303 2704 382 2729 Con:
403 2704 483 2731 codd.
500 2705 528 2729 2¹¹
541 2705 604 2730 Cor.
694 2706 716 2730 6.
739 2705 747 2733 ΙΙ
761 2704 916 2730 credamus
930 2704 952 2729 B
967 2704 983 2730 f.
1000 2706 1048 2729 226
1057 2713 1082 2730 Α.
1165 2714 1190 2738 9.
1209 2705 1288 2737 quod
1298 2705 1323 2730 A
1335 2705 1357 2732 C
1371 2713 1376 2731 ε
1396 2705 1524 2738 qffssae.

196 2738 341 2771 quomodo)
355 2737 388 2764 B.
467 2747 508 2770 33.
527 2738 742 2768 Minor(Mz'0r)
754 2738 795 2763 A:
817 2738 920 2763 Maior
932 2738 970 2763 B:
991 2739 1051 2763 ΜΨ
1062 2738 1094 2764 C.

474 2804 503 2835 6.
530 2805 668 2845 August.
686 2804 824 2846 Soliloq.
841 2804 875 2834 ii.
894 2813 911 2845 5
932 2808 947 2842 ξ
968 2805 999 2843 8,
1016 2805 1103 2846 Opp.
1124 2813 1151 2836 Ι.
1169 2811 1243 2846 372.

479 2857 508 2887 8.
533 2856 679 2887 Anselm.
700 2857 739 2888 de
757 2856 856 2888 Verit.
875 2857 898 2895 i,
915 2857 948 2896 ii,
967 2857 1055 2898 Opp.
1078 2866 1136 2898 109
1155 2868 1220 2898 seq.

1539 2573 1689 2601 Godhead.
