2008 3305
158 189 174 216 1
189 175 238 215 18
839 182 903 213 DE
936 181 1154 213 DOMINro
1186 182 1362 213 Drero
1548 169 1654 228 [CAP.
1673 184 1759 212 xrv.

433 298 498 348 qui
528 296 699 335 defectus
729 297 760 334 si
790 297 1064 346 relinqueretur
1093 298 1245 346 penitus
1270 297 1491 346 impunitus,
1523 297 1575 334 sic
1601 309 1766 346 peccans
1782 299 1883 341 [39A.

434 368 711 417 relinqueretur
736 367 829 405 alter
850 367 945 404 deus
972 374 1127 416 propter
1151 367 1366 405 carenciam
1393 368 1631 405 correctoris.
1691 367 1768 404 Sed

434 451 536 488 pena
582 438 801 476 essencialis
849 450 1094 487 consequens
1142 438 1265 475 taliter
1311 444 1598 487 presumentem
1644 438 1769 487 arguit

434 510 633 547 veritatem
679 508 966 554 rectificantem,
1008 509 1183 558 superius
1229 521 1313 546 esse
1352 508 1494 545 Deum.
1563 507 1626 545 Sic
1675 520 1769 556 ergo

434 579 542 617 Deus
576 586 707 617 causat
737 591 897 616 omnem
932 585 1061 616 actum
1096 579 1302 617 voluntatis
1333 579 1391 616 vel
1424 579 1650 624 intellectus,
1681 584 1718 615 et
1747 589 1801 621 a5

434 651 518 699 pari
548 662 665 687 omne
692 662 791 699 opus
815 649 1086 695 extrinsecum,
1106 656 1147 686 ut
1171 650 1420 695 occisionem,
1442 649 1769 699 procreacionem,

435 721 494 758 vel
533 720 733 770 quodlibet
771 720 874 757 aliud
912 721 1045 770 populi
1077 720 1420 770 predicamentum.
1477 720 1527 757 Et
1565 732 1654 757 cum
1691 732 1772 757 non

436 797 565 841 potest
594 791 764 828 iniuriari
795 791 978 841 cuiquam
1008 791 1066 828 vel
1096 804 1266 841 peecare,
1297 803 1389 840 cum
1418 791 1457 828 in
1487 790 1640 828 defectu
1666 790 1773 828 modi

438 869 611 900 creature
643 868 716 899 stat
750 869 954 911 peccatum
988 862 1207 909 formaliter,
1239 863 1551 912 quandocunque
1582 874 1675 911 ergo
1706 861 1772 899 ali-

438 933 524 983 quis
553 933 774 980 luxuriatur,
804 933 941 971 iniuste
976 934 1168 983 opprimit,
1190 934 1250 971 vel
1282 934 1430 979 oceidit,
1459 945 1619 970 omnem
1657 933 1772 970 talem
1788 943 1828 965 10

438 1010 569 1042 actum
604 1004 691 1041 facit
721 1004 842 1051 Deus,
874 1004 971 1042 sicut
1006 1004 1056 1041 ad
1089 1004 1194 1041 illum
1228 1005 1445 1042 necessitat.
1503 1003 1653 1041 Politici
1681 1016 1776 1052 ergo

439 1082 576 1113 cavent
596 1076 784 1113 attencius
804 1075 1047 1113 consulendo
1068 1087 1117 1112 ne
1134 1075 1305 1112 defectus
1321 1075 1427 1113 modi
1445 1075 1586 1123 agendi
1602 1081 1775 1112 creature

438 1159 485 1183 ex
506 1147 675 1195 peccatis
695 1146 873 1195 proximi,
898 1147 1032 1195 gignat
1052 1146 1144 1195 ipsis
1164 1146 1341 1184 iniuriam
1353 1159 1363 1194 ;
1394 1157 1482 1184 curn
1499 1146 1622 1184 sciunt
1638 1157 1776 1183 omnes

439 1218 661 1267 passionem
682 1223 719 1254 et
739 1223 905 1255 mortem
925 1229 1004 1255 non
1024 1217 1078 1254 eis
1098 1217 1339 1254 inferibilem.

160 1294 217 1320 this
230 1294 309 1320 isthe
322 1302 431 1320 answer
499 1288 575 1325 Sed
603 1294 755 1325 constat
775 1287 867 1324 mihi
888 1287 995 1336 quod
1015 1288 1321 1325 contradicentes
1341 1294 1623 1325 remurmurant
1642 1287 1682 1324 in
1702 1286 1775 1324 hoc
1791 1298 1829 1330 15

161 1334 191 1354 to
201 1334 358 1360 opponents
367 1327 431 1354 who

160 1361 392 1420 {yfsseaqtgef‘ffi‘}
444 1358 551 1407 quod
578 1357 719 1403 ‘Deus,
742 1358 773 1395 si
803 1358 1009 1395 necessitat
1035 1358 1084 1395 ad
1114 1365 1243 1395 actum
1272 1358 1470 1407 ydolatrie,
1490 1358 1775 1403 fornicacionis,

161 1427 455 1494 ζξέξξδῖξῗζςξξίῑει
472 1429 636 1478 periurii,
667 1428 726 1466 vel
757 1428 912 1466 alterius
942 1435 1052 1466 aetus
1086 1429 1293 1466 inordinati
1320 1428 1337 1448 '¹‘
1360 1442 1407 1466 ex
1439 1429 1588 1466 defectu
1617 1428 1821 1467 circum-B

449 1499 617 1537 ‘stancie
648 1499 774 1536 debite
804 1499 972 1545 racione,
1003 1511 1093 1536 cum
1123 1499 1217 1537 sciat
1247 1498 1528 1537 deformitatem
1557 1498 1779 1537 necessario

445 1570 656 1619 ‘consequi
693 1576 731 1607 et
768 1570 909 1619 poterit
947 1569 1146 1618 impedire,
1177 1569 1325 1607 videtur
1362 1582 1445 1607 esse
1484 1577 1644 1619 peccato
1684 1581 1776 1607 con-

446 1641 649 1678 ‘senciens
674 1647 711 1678 et
735 1653 802 1690 per
830 1653 1074 1689 consequens
1102 1653 1189 1678 reus
1217 1640 1350 1691 culpe.’
1408 1641 1486 1679 Hic
1512 1641 1649 1679 dicitur
1673 1640 1777 1690 quod
1793 1650 1834 1671 20

446 1724 527 1750 non
546 1711 726 1761 sequitur,
745 1714 753 1730 ‘
767 1711 875 1748 Deus
888 1710 976 1749 facit
993 1718 1122 1749 actum
1138 1712 1318 1758 incestus,
1333 1712 1531 1761 ydolatrie,
1544 1711 1708 1761 periurii,
1720 1710 1780 1748 vel

449 1787 457 1802 ‘
475 1783 610 1820 iniurie
640 1783 916 1831 cuiuscumque
930 1795 938 1829 ;
971 1795 1063 1832 ergo
1091 1782 1312 1828 luxuriatur,
1334 1782 1578 1832 ydolatratur,
1600 1782 1779 1832 periurat,

448 1856 457 1873 ‘
473 1854 532 1891 vel
553 1853 670 1892 cuivis
690 1854 889 1890 iniuriatur
904 1867 913 1900 3
927 1852 935 1866 ¹
967 1855 1064 1891 sicut
1085 1860 1189 1903 patet
1210 1854 1295 1890 rudi
1315 1853 1569 1903 metaphisico
1593 1853 1659 1902 qui
1679 1852 1781 1890 videt

447 1938 527 1963 non
548 1926 747 1975 consequi,
770 1929 778 1945 ‘
796 1925 835 1963 Si
856 1926 964 1963 Deus
984 1926 1042 1962 vel
1066 1926 1140 1963 alia
1167 1938 1283 1963 causa
1311 1926 1400 1963 facit
1426 1926 1623 1964 causando
1650 1931 1780 1962 actum

447 2000 455 2016 ‘
472 1997 591 2034 animi
620 1996 680 2033 vel
709 1997 827 2034 alium
853 2003 984 2035 actum
1011 1997 1254 2043 correlatum‚
1280 2004 1369 2035 tunc
1397 1998 1450 2035 sic
1477 1997 1567 2043 vult,
1592 1996 1776 2045 intelligit,
1794 2013 1833 2046 25

449 2068 598 2112 ‘sentit,
626 2067 686 2104 vel
714 2069 951 2106 extrinsecus
982 2068 1180 2118 operatur!
1241 2068 1318 2106 Sed
1346 2070 1446 2106 bene
1477 2068 1645 2117 sequitur
1674 2066 1780 2116 quod

449 2139 730 2188 graciosissime
759 2139 848 2176 facit
871 2151 1029 2177 omnem
1056 2147 1187 2178 actum
1214 2140 1437 2178 huiusmodi
1464 2139 1684 2189 positivum.
1731 2137 1783 2175 Et

449 2222 519 2259 per
548 2210 651 2247 idern
682 2222 762 2248 non
791 2211 963 2260 sequitur
993 2211 1099 2261 quod
1128 2211 1235 2248 Deus
1265 2211 1356 2248 facit
1382 2210 1560 2248 homines
1589 2208 1783 2254 luxuriari,

450 2281 588 2318 iniuste
622 2281 853 2330 opprimere,
883 2282 940 2319 vel
970 2295 1142 2332 peccare,
1171 2282 1259 2320 licet
1285 2282 1399 2320 faciat
1428 2282 1555 2331 ipsum
1585 2286 1715 2318 actum
1744 2280 1783 2317 in

451 2364 529 2401 quo
550 2364 640 2388 cum
655 2353 879 2402 obliquitate
895 2353 1013 2391 animi
1030 2360 1234 2403 peccatum
1250 2352 1470 2390 huiusmodi
1486 2358 1543 2389 est
1558 2351 1759 2388 fundatum
1774 2362 1782 2388 :
1796 2371 1838 2403 30

451 2436 522 2460 nec
550 2423 660 2472 ponit
684 2424 773 2469 vim,
801 2424 875 2461 sive
903 2424 1068 2474 loquens
1094 2424 1344 2474 precedenter
1369 2430 1489 2473 ponat
1516 2423 1701 2460 terminos
1724 2422 1783 2459 vel

451 2501 653 2543 sequenter
665 2506 674 2540 ;
723 2495 813 2544 quia
850 2495 1096 2544 intelligendo
1134 2495 1352 2544 simpliciter
1390 2494 1492 2532 idem
1531 2499 1598 2540 est,
1629 2493 1785 2531 Petrum

453 2565 636 2614 periurari
653 2565 692 2601 fit
708 2578 730 2602 a
745 2565 844 2611 Deo,
861 2572 897 2603 et
912 2565 1021 2603 Deus
1037 2566 1125 2604 facit
1139 2566 1293 2603 Petrum
1314 2565 1575 2603 immodaliter
1591 2564 1783 2613 periurari.

454 2635 512 2672 Illi
542 2641 673 2672 autem
704 2637 769 2686 qui
799 2643 949 2686 ponunt
980 2638 1019 2674 in
1049 2638 1187 2675 talibus
1216 2637 1500 2674 variacionibus
1533 2635 1786 2673 terminorum

488 2771 511 2788 2.
531 2764 611 2789 alter
624 2765 664 2790 B:
683 2765 809 2790 alz'lerA
820 2765 852 2791 C.
941 2775 962 2797 4.
986 2767 994 2794 ΙΙ
1005 2773 1070 2797 engo
1085 2765 1132 2791 Bf.
1150 2775 1198 2798 229
1212 2773 1239 2790 D.
1346 2774 1369 2797 7.
1384 2765 1639 2796 predicamentum
1649 2761 1756 2794 (ffitffi
1779 2769 1785 2789 :

449 2794 548 2829 ρτἶῐίιῖι
561 2798 590 2856 [A
600 2798 766 2857 ΟᾸέπιιίίθί
780 2799 810 2825 B.
881 2809 918 2831 31-
936 2800 1124 2831 precedenter
1136 2800 1173 2825 B:
1189 2799 1370 2831 precedentis
1383 2799 1407 2824 A
1420 2799 1452 2825 C.
1519 2807 1557 2830 32.
1579 2800 1732 2829 sequenter
1744 2797 1766 2822 B
1779 2803 1785 2823 ε

455 2840 557 2864 sequen
575 2841 599 2857 ις
666 2852 671 2857 .
