2095 3278
350 1875 480 1908 XXVI.

216 1928 309 1954 Adam
322 1927 404 1953 could
418 1932 466 1953 not

216 1962 281 1994 give
294 1970 374 1993 away
387 1960 431 1986 his

216 1995 335 2028 original
345 1993 478 2027 lordship.

852 195 1057 228 RICARDI
1090 194 1390 227 ARMACHANI
1845 181 1945 241 [Lm.
1962 195 2029 227 111.

489 300 593 344 fiteri‚
613 311 685 346 quo
704 300 816 334 modo
835 300 1022 334 Dominus
1046 305 1171 334 noster
1192 305 1227 333 et
1250 298 1328 334 eius
1352 297 1510 343 apostoli
1536 297 1624 333 dare
1644 302 1813 342 poterant
1828 298 1924 339 [34A

487 366 522 394 et
540 359 669 394 fratres
687 358 847 392 minores
865 358 981 392 eciam
1002 357 1038 391 in
1056 357 1229 402 presenti.

539 418 627 452 IOH.
655 416 830 451 Confiteri
846 416 1045 460 compellor
1058 416 1157 460 quod
1176 427 1219 450 eo
1238 415 1350 449 modo
1366 415 1453 449 dare
1472 415 1648 458 valuerat,
1664 412 1813 457 scilicet,

489 474 764 519 possessionem
799 474 876 509 sive
903 474 1159 508 detencionem
1185 473 1237 508 rei
1264 473 1300 507 in
1327 473 1440 507 aliurn
1470 472 1724 507 transferendo
1750 482 1813 506 seu
1827 476 1880 507 rei
1893 486 1957 507 om.
1976 483 2006 506 Β.

489 532 799 567 communicando
817 539 879 567 aut
897 532 1023 577 quoad
1046 538 1150 566 actus
1173 542 1279 565 suum
1303 530 1509 565 dominium
1532 529 1791 574 restringendo
1805 541 1812 574 3
1828 546 1904 567 com.
1921 545 1986 566 om.
2000 542 2031 565 Β.

487 597 524 626 et
550 591 603 625 sic
628 602 686 625 res
713 596 855 635 poterat
881 589 1045 624 Domino
1071 600 1138 623 suo
1157 588 1235 623 dari
1257 587 1365 633 (sicut
1386 588 1474 622 inibi
1498 587 1731 632 ostendisti):
1759 593 1815 622 set

488 648 751 683 nichilominus
779 648 872 683 scire
901 648 1035 682 vellem
1062 646 1242 691 numquid
1271 646 1580 680 communicando
1611 657 1718 680 suum
1747 645 1815 679 do-

489 706 646 740 minium
661 706 759 751 quod
773 717 839 750 per
855 704 1238 740 communicacionem
1255 703 1396 748 accepit
1409 716 1431 737 a
1445 704 1528 738 Deo
1543 703 1651 748 (sicut
1668 703 1718 737 ibi
1734 714 1815 748 pro-

488 764 610 808 basti),
630 771 773 809 poterat
790 764 930 809 aliquid
948 764 994 798 de
1012 763 1080 798 sibi
1099 762 1195 797 datis
1214 773 1236 797 a
1255 763 1337 797 Deo
1355 762 1507 805 donare,
1526 768 1565 796 ut
1582 761 1631 796 ibi
1649 761 1817 806 exemplo

491 822 643 856 firmasti
678 822 778 867 quod
810 828 966 867 possunt
999 821 1170 855 homines
1205 819 1242 854 in
1275 819 1437 865 presenti
1472 819 1635 862 donare3
1676 824 1816 864 quanto
1834 830 1873 852 10

490 879 608 924 magis
628 879 681 924 (ut
698 879 858 924 videtur)
878 880 1002 914 Adam
1020 879 1073 913 sic
1091 878 1218 923 potuit.

539 939 625 972 RIC.
654 939 737 972 Hoc
763 939 876 972 modo
902 937 1067 972 donandi
1094 948 1169 971 non
1195 935 1303 971 video
1330 936 1388 970 cui
1415 936 1539 970 Adam
1564 935 1706 980 aliquid
1728 935 1817 970 dare

490 1002 672 1041 potuerat,
702 996 877 1041 quoniam
911 995 1014 1030 iustis
1041 995 1123 1029 filiis
1150 994 1224 1029 suis
1251 1001 1314 1029 aut
1338 993 1440 1029 uxori
1471 993 1692 1028 habentibus
1718 993 1818 1028 idern

490 1055 706 1099 dominium,
733 1055 854 1100 ipsum
882 1053 1157 1089 communicare
1183 1065 1257 1088 non
1286 1053 1425 1098 potuit;
1454 1064 1522 1087 nec
1552 1052 1686 1097 impius
1717 1051 1817 1097 quis-

490 1125 614 1159 quam,
634 1113 709 1148 sive
728 1114 839 1148 homo
863 1113 940 1148 sive
963 1113 1128 1157 angelus,
1148 1111 1268 1157 potuit
1289 1112 1377 1146 illud
1395 1112 1442 1145 ab
1460 1123 1504 1146 eo
1521 1123 1588 1156 per
1608 1109 1816 1145 communi-
1834 1121 1872 1153 15

491 1171 684 1206 cacionem
710 1178 773 1206 aut
803 1171 874 1206 alio
902 1171 1014 1205 modo
1042 1170 1222 1215 accipere,
1250 1181 1334 1204 curn
1365 1169 1529 1214 graciam
1559 1180 1631 1203 non
1667 1169 1819 1204 haberet

494 1230 603 1275 (sicut
628 1230 817 1275 superiora
837 1227 1075 1275 probabant),
1094 1228 1213 1263 eciam
1239 1228 1268 1263 si
1291 1228 1370 1263 sine
1396 1227 1521 1272 gracia
1545 1228 1726 1262 haberent
1752 1227 1819 1261 do-

492 1288 648 1323 minium
671 1288 760 1322 illud
779 1287 983 1322 dominium
1006 1298 1073 1332 per
1090 1286 1203 1321 alium
1223 1286 1277 1320 eis
1295 1285 1561 1320 communicari
1584 1296 1658 1319 non
1683 1291 1819 1330 posset,
1834 1289 1931 1321 illum
1948 1296 1979 1320 Β.

491 1358 576 1381 cum
602 1346 725 1391 previe
751 1345 788 1380 id
812 1346 1004 1380 haberent.
1056 1344 1166 1388 Quod
1189 1350 1314 1378 autem
1333 1344 1497 1378 affirmas
1515 1343 1607 1378 alios
1635 1342 1688 1377 sic
1713 1354 1821 1388 posse

492 1405 643 1448 donare,
661 1415 735 1438 non
760 1410 858 1438 recte
884 1403 922 1438 id
946 1403 1039 1437 dicis
1058 1403 1105 1437 de
1124 1402 1290 1436 dominio
1308 1401 1478 1445 naturali,
1500 1407 1555 1436 set
1580 1402 1626 1436 de
1654 1400 1820 1436 dominio
1838 1407 1877 1429 20

492 1463 675 1507 aliquibus
702 1462 940 1506 appropriato
965 1460 1132 1505 (scilicet,
1151 1459 1248 1494 civili
1276 1459 1454 1503 dominio)
1474 1470 1602 1494 verum
1625 1458 1729 1502 dicis,
1749 1458 1820 1494 sci-

492 1520 584 1563 licet,
604 1521 703 1566 quod
726 1520 866 1555 domini
891 1525 1044 1565 possunt
1068 1530 1126 1553 res
1153 1529 1238 1552 suas
1258 1517 1346 1552 dare
1376 1517 1689 1551 communicando
1713 1528 1820 1551 suum

493 1579 598 1614 civile
625 1578 853 1613 dominium:
885 1589 958 1612 non
986 1577 1111 1611 obviat
1134 1583 1259 1611 tamen
1286 1576 1355 1610 hoc
1377 1574 1448 1609 hiis
1473 1586 1544 1620 que
1569 1575 1614 1609 de
1640 1574 1763 1609 Adam
1784 1580 1820 1610 et

494 1637 539 1672 de
569 1649 635 1672 suo
669 1636 835 1671 dominio
870 1635 1040 1680 originali
1074 1634 1333 1679 expressimus,
1362 1633 1461 1678 quod
1492 1632 1698 1667 dominium
1730 1632 1821 1667 illud

493 1695 669 1739 originale
694 1706 767 1730 non
785 1700 905 1740 potest
933 1692 1120 1729 transferri
1146 1703 1216 1728 nec
1242 1690 1506 1727 communicari
1526 1690 1698 1736 cuiquam
1725 1689 1821 1726 iusto
1836 1698 1875 1731 25

493 1760 555 1789 aut
575 1753 697 1799 impio.

543 1870 770 1904 IOHANNES.
806 1868 930 1902 Adam
964 1878 1051 1912 ergo
1085 1878 1159 1901 non
1192 1865 1310 1911 potuit
1347 1865 1547 1911 quicquam
1581 1863 1669 1899 dare
1703 1868 1820 1898 trans—

493 1927 645 1962 ferendo
663 1938 770 1961 suum
788 1926 963 1970 originale
981 1924 1197 1960 dominium.

543 1985 561 2005 '¹‘
576 1987 804 2020 RICARDUS.
836 1985 893 2018 Ex
918 1983 1028 2028 priori
1056 1982 1291 2017 conclusione
1314 1982 1385 2016 hoc
1412 1981 1585 2026 sequitur,
1609 1979 1705 2025 quia,
1728 1979 1866 2014 sicutB

494 2044 619 2078 Adam
639 2054 715 2077 non
741 2042 859 2087 potuit
884 2041 1090 2076 dominium
1113 2051 1220 2074 suum
1245 2038 1517 2074 communicare
1535 2037 1706 2083 cuiquam
1724 2037 1821 2071 iusto
1836 2045 1877 2075 30

495 2109 557 2136 aut
576 2101 700 2146 impio,
721 2101 772 2135 sic
790 2111 865 2134 non
884 2099 1002 2144 potuit
1026 2098 1115 2133 illud
1132 2098 1329 2133 transferre
1346 2097 1383 2131 in
1402 2097 1537 2131 iustum
1557 2102 1620 2130 aut
1644 2094 1820 2140 impium3

495 2171 580 2195 cum
606 2159 727 2194 omnis
754 2158 872 2192 iustus
897 2157 987 2191 illud
1009 2157 1212 2202 prehabeat
1231 2162 1266 2190 et
1286 2155 1418 2199 impius
1442 2155 1579 2188 habere
1606 2153 1642 2187 id
1662 2158 1822 2198 nequeat

498 2217 687 2263 (intelligo,
707 2216 898 2261 impietate
915 2214 1103 2258 manente)
1120 2226 1128 2249 :
1157 2220 1211 2249 set
1229 2214 1299 2247 hec
1317 2213 1430 2247 debes
1448 2211 1616 2256 accipere
1633 2210 1680 2245 de
1697 2211 1822 2245 Adam

496 2275 645 2311 racione
672 2274 839 2319 originali
862 2273 917 2308 sui
943 2272 1130 2317 originalis
1156 2271 1333 2314 dominii;
1361 2270 1537 2315 quoniam
1560 2275 1700 2304 certum
1725 2273 1822 2303 extat

497 2334 609 2379 quod,
627 2340 793 2377 ternpore
820 2343 892 2376 quo
919 2331 981 2365 filii
1008 2330 1063 2365 sui
1089 2329 1176 2365 boni
1204 2336 1238 2364 et
1265 2328 1350 2363 mali
1376 2327 1630 2373 possessiones
1656 2326 1822 2360 diversas
1838 2331 1879 2363 35

497 2393 672 2427 tenebant
695 2402 761 2435 per
782 2391 905 2424 Deum
929 2400 993 2423 seu
1017 2400 1081 2433 per
1104 2399 1168 2422 eos
1193 2386 1337 2431 legibus
1363 2385 1550 2427 institutis,
1569 2384 1659 2429 ipse,
1679 2384 1772 2418 sicut
1788 2390 1824 2419 et

498 2450 559 2484 filii
580 2449 645 2491 sui,
660 2450 748 2484 dare
762 2449 861 2482 bona
879 2458 946 2481 sua
963 2446 1085 2491 aliqua
1099 2452 1252 2491 poterat,
1267 2445 1339 2479 tale
1356 2442 1604 2478 adventicium
1619 2441 1824 2476 dominium

498 2507 775 2553 quodammodo
793 2505 1059 2547 transferendo,
1080 2503 1230 2547 scilicet,
1249 2514 1314 2547 per
1334 2501 1516 2544 accidens,
1536 2506 1574 2534 ut
1592 2500 1767 2534 clarescet
1785 2498 1824 2533 in

497 2565 663 2611 proximo
689 2564 782 2599 libro
806 2569 889 2608 post
914 2562 1046 2606 istum3
1074 2568 1130 2596 set
1149 2561 1223 2596 iam
1242 2561 1288 2595 de
1307 2559 1449 2594 actibus
1468 2558 1613 2603 agimus
1635 2556 1823 2602 originalis

498 2623 661 2659 dominii.
1836 2627 1880 2658 40

548 2683 637 2716 IOH.
666 2680 764 2715 Satis
783 2691 826 2714 ex
844 2678 923 2714 istis
948 2677 1130 2723 perspicio
1154 2676 1253 2722 quod
1271 2676 1405 2719 Adam,
1424 2686 1493 2710 nec
1516 2671 1824 2708 communicando

498 2751 567 2774 nec
594 2738 847 2773 transferendo
878 2748 983 2771 suum
1012 2735 1189 2779 originale
1219 2733 1436 2776 dominium,
1464 2738 1518 2767 set
1549 2729 1823 2776 possessionem

500 2796 809 2832 communicando
843 2801 905 2830 aut
933 2793 1189 2829 transferendo
1220 2803 1285 2827 seu
1319 2791 1442 2836 quoad
1476 2796 1580 2825 actus
1615 2799 1721 2824 suum
1756 2787 1824 2822 do-
