2095 3278
62 200 232 259 GAP.11.]
593 211 659 244 DE
683 210 936 244 ‘PAUPERIE
968 207 1285 244 SALVATORIS.
1792 201 1876 255 383

165 318 260 359 2613]
275 325 332 349 res
356 314 558 359 possident.
609 316 704 350 Item
725 315 839 351 debes
862 314 1009 350 adicere
1027 315 1127 360 quod
1150 320 1205 350 est
1231 312 1421 359 possessio
1445 309 1597 348 actualis
1611 329 1635 351 4.
1651 319 1815 346 possession

1612 353 1634 379 is
1648 353 1736 378 either

56 370 196 411 possidet
211 377 241 401 B·
276 383 349 417 qua
376 372 457 417 quis
478 379 562 408 actu
585 372 781 408 voluntatis
809 384 873 408 seu
898 373 1112 415 affeccione,
1140 372 1233 406 sicut
1258 371 1295 405 in
1323 381 1489 416 sompno,
1515 381 1598 404 cum
1611 395 1639 413 a,
1654 387 1758 417 actual,

62 414 155 453 Quae
172 423 219 444 se-

61 460 202 497 quuntur

275 441 350 464 non
382 431 495 465 habet
529 430 728 466 voluntatis
762 437 896 475 actum,
930 442 988 466 res
1022 436 1189 475 occupat.
1239 431 1289 464 Et
1323 435 1379 464 est
1412 428 1599 474 possessio
1612 435 1635 462 b.
1652 435 1789 468 habitum,

60 509 163 540 usque
178 498 221 529 ad
275 487 475 523 habitualis
500 500 564 523 seu
582 488 698 533 quasi,
718 500 790 533 qua
808 489 888 533 quis
914 500 983 524 nec
1009 495 1094 523 actu
1115 498 1184 522 nec
1203 487 1335 522 affectu
1352 498 1410 522 res
1429 493 1598 531 occupat,

60 541 115 573 fiss-
133 542 231 582 capit.
277 552 332 581 set
349 552 404 581 est
430 546 466 580 in
484 558 528 581 eo
546 546 750 591 propinqua
767 546 939 591 potencia
955 554 1030 581 non
1047 545 1216 580 restricta
1233 546 1280 580 ab
1299 552 1400 580 extra
1417 556 1486 580 nec
1504 545 1600 579 intra

59 585 212 659 simlide-
276 604 325 639 ad
346 616 403 639 res
426 604 567 649 aliquas
593 602 707 639 libere
732 605 1021 649 possidendum;
1051 604 1144 638 sicut
1164 604 1271 638 heres
1296 603 1410 648 patris
1437 601 1600 637 defuncti

60 692 134 712 cum
152 681 189 721 (1⁸
207 681 239 721 2)
256 662 398 712 ,adhuc
416 662 451 696 in
477 668 580 697 utero
605 662 729 697 matris
753 662 912 697 existens
935 661 1063 696 habitu
1090 673 1154 696 seu
1171 660 1276 706 quasi
1294 661 1433 703 habitu,
1451 666 1602 705 propter

60 724 131 756 cod.
149 728 196 756 tn.
276 720 521 764 propinquam
543 720 580 754 in
605 731 649 754 eo
674 720 896 764 potenciam,
916 719 1013 754 iuxta
1031 719 1110 753 iura
1128 726 1203 753 non
1226 718 1433 753 restrictam
1449 718 1600 752 abextra

55 2553 216 2589 habitacio
270 2556 390 2594 potest
408 2550 578 2584 dominus
595 2549 658 2593 rei,
677 2550 763 2594 quia
786 2549 968 2591 dominus,
986 2549 1097 2584 libere
1119 2550 1171 2584 uti
1194 2561 1247 2583 ea.
1301 2548 1462 2583 Habicio
1486 2549 1596 2593 igitur

56 2608 95 2631 M.

275 786 344 809 nec
370 786 392 808 a
418 775 540 819 seipso
566 774 712 809 abintra
734 774 979 809 hereditatem
1000 774 1109 809 huius
1134 773 1349 818 occupandi,
1366 784 1450 808 eam
1468 772 1600 807 dicitur

225 838 265 862 10
270 833 470 878 possidere,
487 838 524 867 et
545 832 637 867 forte
654 844 719 877 per
736 831 826 867 alios
850 832 1017 877 possidet
1039 832 1086 866 de
1109 832 1207 866 facto
1230 843 1293 866 seu
1312 836 1480 876 occupat.
1530 831 1599 864 Est
1612 836 1645 856 ΟΥ
1688 868 1697 890 t
1735 861 1784 889 fai

277 889 397 924 eciam
423 889 639 934 potencialis
673 889 874 934 possessio,
905 900 975 934 que
1005 888 1126 924 verius
1159 889 1366 933 appellatur
1391 888 1600 932 quasi-pos-
1612 872 1686 897 c'po
1700 872 1756 890 en1
1787 882 1793 889 ’

275 948 397 990 sessio,
424 946 573 990 scilicet,
598 947 752 982 facultas
779 946 855 982 sive
877 946 1085 991 propinqua
1111 946 1282 991 potencia
1308 945 1357 980 ad
1376 957 1436 980 res
1457 945 1600 990 aliquas

278 1003 440 1048 †quoad
473 1010 608 1039 cuncta
639 1004 844 1039 extrinseca
885 1003 1092 1048 impediunt
1127 1003 1241 1039 libere
1274 1009 1510 1048 occupantes,
1545 1008 1600 1037 set

276 1061 439 1096 cohibita
464 1061 610 1096 abintra
638 1061 787 1107 propria
804 1062 1004 1105 voluntate,
1029 1061 1180 1105 scilicet,
1200 1060 1286 1106 quia
1310 1061 1423 1095 homo
1448 1060 1601 1095 nonvult

223 1124 261 1156 15
275 1120 363 1154 talia
381 1120 570 1164 possidere
588 1131 672 1154 cum
689 1119 828 1165 possit:
854 1126 890 1155 et
909 1119 980 1155 ista
998 1119 1193 1155 distinccio
1211 1119 1247 1154 in
1265 1119 1394 1165 quinto
1413 1118 1517 1154 istius
1534 1118 1599 1153 tibi

278 1177 412 1212 clarius
430 1177 665 1222 exprimetur.

234 1283 263 1313 C
324 1282 342 1302 '¹‘
359 1284 590 1318 IOHANNES.
619 1280 715 1317 Istas
739 1281 999 1317 distincciones
1024 1287 1187 1327 accepto.
1239 1281 1313 1317 Dic
1330 1293 1418 1326 ergo
1434 1281 1603 1328 nunquid
1615 1279 1662 1312 II·

273 1341 461 1386 possessio
481 1340 527 1376 sit
544 1341 599 1375 ius
617 1341 767 1386 aliquod
786 1346 848 1375 aut
867 1340 923 1375 ius
940 1346 1039 1376 recte
1057 1340 1189 1376 debeat
1204 1340 1392 1386 appellari.
1613 1329 1777 1397 Ξξῗὲζῗῖοῃ
1788 1329 1811 1356 is
1824 1334 1873 1357 ¹¹⁰²

323 1399 549 1433 RICARDUS.
576 1400 675 1433 Non.

222 1460 263 1482 20
324 1457 414 1491 IOH.
441 1457 567 1491 Solent
586 1455 770 1491 affirmare
787 1455 934 1500 apologi
955 1454 1180 1500 (conditores
1197 1454 1439 1501 positivarum
1464 1455 1599 1500 legum,

274 1512 452 1558 intelligo)
479 1514 578 1558 quod
603 1513 774 1548 dominus
800 1513 880 1549 sine
909 1513 1157 1558 possessione,
1181 1513 1350 1558 quamvis
1380 1513 1436 1548 ius
1464 1514 1600 1548 habeat

273 1571 323 1606 ad
348 1583 436 1614 rem,
454 1578 578 1606 tamen
604 1570 660 1606 ius
686 1571 723 1605 in
748 1582 787 1606 re
813 1582 887 1606 non
912 1571 1024 1607 habet
1050 1577 1106 1606 set
1128 1571 1184 1607 ius
1202 1571 1239 1606 in
1262 1582 1301 1607 re
1324 1570 1464 1616 optinet
1482 1570 1599 1617 possi-

274 1628 408 1663 dendo.

322 1687 410 1721 RIC.
448 1688 510 1721 Ius
542 1686 591 1721 ad
624 1697 703 1721 rem
736 1686 901 1720 nondum
935 1685 1111 1731 adeptam
1145 1685 1200 1720 ius
1235 1685 1273 1720 in
1305 1696 1344 1721 re
1377 1685 1533 1721 efficitur
1560 1697 1600 1721 re
1613 1682 1807 1743 ᾃὴῖᾒξζῑῐξξξι
1820 1717 1871 1744 has

223 1750 260 1781 25
275 1744 432 1789 adepta;
460 1745 633 1789 quoniam
656 1755 701 1779 ex
723 1754 796 1789 quo
821 1744 876 1778 ius
901 1744 991 1778 illud
1014 1749 1165 1789 propter
1187 1743 1429 1788 adepcionem
1451 1743 1502 1778 rei
1525 1754 1599 1778 non
1614 1750 1766 1783 toathing
1779 1751 1859 1777 takes

275 1801 381 1846 perit,
395 1813 460 1847 per
474 1802 561 1836 illud
576 1801 630 1836 ius
648 1801 813 1847 previum
831 1802 965 1846 poterit
982 1801 1195 1846 adipiscens
1212 1802 1264 1836 uti
1283 1800 1446 1846 plenarie
1462 1813 1501 1837 re
1518 1801 1600 1846 ipsa
1613 1784 1844 1849 ἓξῗξξῃζᾝξὲςὲξ,

275 1865 315 1893 ut
334 1870 410 1902 sua,
428 1860 566 1894 nullum
584 1870 673 1904 ergo
691 1859 746 1894 ius
765 1859 814 1893 illi
833 1860 940 1894 affert
962 1859 1160 1904 possessio.
1212 1860 1319 1902 Item,
1337 1859 1526 1904 possessio
1553 1858 1599 1894 de
1611 1849 1766 1927 {³025th
1780 1904 1846 1928 may

275 1917 419 1952 iusticia
443 1923 499 1952 est
526 1916 653 1952 debita
679 1917 844 1952 dominio
868 1929 912 1952 ac
938 1917 1090 1952 domino
1114 1928 1152 1952 re
1177 1917 1326 1961 carenti,
1345 1923 1381 1951 et
1400 1927 1483 1952 earn
1504 1916 1600 1951 iusto
1612 1928 1646 1953 be
1659 1929 1790 1955 enforced
1803 1929 1842 1962 by

274 1975 408 2009 iudicio
426 1973 558 2020 poterit
576 1975 741 2020 optinere
757 1986 765 2018 ;
800 1974 856 2010 ius
874 1986 960 2010 vero
983 1984 1218 2020 nequaquam
1236 1974 1340 2009 alteri
1359 1974 1427 2009 iuri
1446 1974 1600 2009 debetur
1612 1961 1685 1995 leg³¹
1698 1971 1820 1994 P‘OOESS·

219 2043 261 2074 30
273 2041 342 2064 nec
358 2029 424 2073 ius,
443 2030 529 2064 licet
549 2030 757 2065 declaracio
778 2030 877 2072 iuris,
897 2029 1034 2064 iudicio
1052 2030 1247 2074 optinetur.
1298 2031 1405 2073 Item,
1423 2030 1544 2063 nullus
1562 2029 1598 2063 in
1611 2023 1833 2088 ffissffffhiviff'

272 2089 382 2123 rebus
414 2095 548 2123 natura
582 2087 841 2122 communibus
876 2087 955 2123 sine
988 2087 1206 2122 auctoritate
1239 2087 1332 2132 legis
1366 2093 1488 2132 potest
1521 2088 1599 2122 sola
1611 2089 1847 2151 ἓξζῑὲἆοςῖἓῗέἳῗ

271 2147 459 2181 voluntate
484 2146 538 2180 ius
565 2146 753 2190 proprium
779 2144 848 2180 sibi
872 2145 1070 2190 acquirere,
1093 2145 1266 2190 quoniam
1291 2145 1383 2180 alias
1409 2145 1488 2180 sine
1514 2155 1598 2180 auc*
1610 2164 1642 2182 as
1653 2162 1794 2190 property.

272 2204 417 2239 toritate
436 2204 525 2249 legis
543 2210 670 2249 posset
687 2204 779 2238 alios
798 2216 820 2238 a
838 2215 904 2238 suo
922 2204 998 2239 iure
1021 2204 1213 2239 excludere
1231 2215 1238 2238 :
1265 2203 1492 2248 quiscunque
1510 2214 1597 2239 vero

272 2273 350 2296 rem
382 2262 590 2306 possidens,
625 2262 654 2297 si
688 2261 963 2306 possessionem
995 2261 1131 2296 abiciat
1165 2267 1310 2296 retento
1347 2260 1524 2305 dominio,
1556 2272 1597 2297 se

218 2326 258 2359 35
272 2319 452 2354 reducens
480 2320 529 2354 ad
557 2326 693 2354 statum
723 2330 833 2364 quem
859 2319 1000 2362 habuit,
1031 2319 1109 2354 sine
1142 2318 1361 2354 auctoritate
1393 2318 1597 2354 extrinseca

271 2388 349 2412 rem
374 2377 493 2421 ipsam
519 2377 651 2412 iterum
676 2376 810 2421 poterit
833 2376 1041 2421 possidere;
1067 2388 1142 2411 non
1166 2377 1199 2412 ei
1222 2388 1309 2421 ergo
1333 2376 1436 2411 affert
1455 2376 1510 2411 ius
1531 2376 1596 2411 ali-

272 2435 370 2479 quod
388 2435 469 2479 ipsa
487 2435 684 2479 possessio,
735 2436 840 2477 Item,
860 2434 1064 2468 dominium
1083 2441 1139 2469 est
1163 2434 1218 2468 ius
1241 2433 1427 2469 sufficiens
1450 2434 1498 2468 ad
1516 2445 1594 2469 rem
1607 2438 1630 2460 4·
1653 2427 1792 2461 Lordship
1805 2428 1827 2455 ³⁵
1840 2438 1857 2456 a

1606 2462 1743 2488 sufficient
1757 2463 1832 2494 right
1844 2469 1874 2489 to

270 2492 500 2527 dominatam
528 2491 741 2527 habendam
773 2492 851 2526 sive
885 2491 1019 2526 iudicio
1052 2491 1313 2536 optinendam;
1349 2502 1421 2536 qua
1454 2491 1594 2535 habita,
1607 2495 1815 2560 tglgzgffaining
1827 2497 1859 2522 of

1705 2549 1713 2561 ‚

1606 2581 1637 2598 so
1650 2572 1711 2598 that
1724 2582 1831 2605 posses-

216 2621 260 2653 40
272 2607 349 2642 sive
375 2608 574 2652 occupacio
599 2609 676 2642 sola
702 2618 785 2641 cum
811 2607 974 2641 dominio
993 2607 1125 2642 sufficit
1142 2608 1189 2641 ad
1207 2607 1362 2642 liberum
1386 2618 1492 2641 usum
1515 2607 1566 2641 rei
1584 2619 1591 2642 :
1606 2606 1812 2666 {ffgsbnyissselss

271 2665 469 2709 occupacio
487 2677 573 2699 vero
592 2665 667 2700 sive
682 2664 829 2699 habicio
852 2664 903 2699 rei
929 2665 1143 2709 cuiusquam
1165 2665 1306 2699 nullum
1324 2664 1380 2698 ius
1404 2664 1527 2707 habet,
1549 2676 1593 2700 eo
1607 2672 1677 2699 title.
1709 2649 1725 2666 Ο
1749 2649 1792 2666 res

272 2723 370 2767 quod
387 2723 482 2757 talis.
523 2722 625 2756 Alias
643 2722 742 2757 enim
762 2722 874 2767 iniqui
894 2722 930 2756 in
949 2723 1057 2757 rebus
1075 2722 1266 2767 occupatis
1284 2734 1328 2757 ex
1345 2722 1595 2766 occupacione

272 2779 385 2824 impia
409 2779 463 2815 ius
489 2780 678 2822 haberent,
696 2786 731 2815 et
758 2781 923 2815 volucres
949 2791 993 2815 ac
1018 2780 1136 2815 bestie
1162 2780 1199 2814 in
1224 2780 1334 2815 rebus
1358 2791 1450 2824 quas
1475 2791 1520 2814 ex
1545 2779 1597 2814 in-
