2008 3305
169 226 246 263 126

844 230 909 262 DE
943 228 1164 262 DOMINIO
1197 227 1372 260 D1ero
1583 216 1690 275 [CAP.
1710 229 1778 259 xv.

444 348 619 386 tudinem
648 346 775 384 facere
804 345 911 396 quod
941 345 1051 383 Deus
1090 357 1181 383 eum
1215 345 1270 382 sic
1300 351 1453 382 moveat
1488 344 1537 382 ad
1566 344 1781 382 fruendum.
1796 349 1893 392 [41D

444 418 495 455 Et
515 430 582 468 per
602 428 848 466 consequens
873 416 1001 454 omnis
1021 422 1197 454 creatura
1216 428 1287 465 par
1306 415 1365 452 vel
1396 415 1553 453 inferior
1572 416 1780 462 voluntate,

444 496 632 538 quantum
654 488 702 525 ad
718 488 799 525 eius
816 487 1058 525 movenciam
1079 493 1116 524 et
1130 486 1179 524 ad
1196 486 1489 535 possibilitatem
1505 486 1782 524 declinacionis

444 560 541 596 illius
579 559 791 605 movencie‚
828 557 992 595 volendo
1031 558 1267 607 oppositum,
1307 557 1472 594 facilime
1512 569 1578 594 sue
1612 557 1783 594 subiacet

445 629 635 679 potestati.
685 629 734 665 Et
755 629 807 666 sic
829 628 999 678 quelibet
1018 628 1195 665 voluntas
1216 635 1346 665 creata
1368 627 1480 665 simul
1502 639 1592 664 cum
1613 627 1812 669 necessi-5

444 706 519 738 tate
539 706 596 737 est
615 699 822 749 utrobique
846 699 975 745 libera,
997 698 1171 736 libertate
1199 698 1522 736 contradiccionis
1552 704 1588 735 et
1608 697 1782 735 libertate

444 771 607 807 immuni
646 783 668 807 a
708 771 917 808 coaccione
959 769 1144 819 possibili.
1217 769 1367 819 Cogere
1406 769 1563 818 quidem
1601 769 1783 818 importat

165 850 186 876 it
200 850 223 876 is
236 855 284 876 not
298 849 419 882 compul-
445 842 756 880 reinclinanciam
787 848 921 879 coacte
951 841 1129 890 potencie
1159 841 1374 890 appetentis
1410 840 1524 877 simul
1558 839 1782 889 oppositum

166 884 235 916 sion,
250 884 341 910 which

164 927 261 944 occurs
274 917 433 950 onlywhen
446 914 544 951 illius
578 913 627 950 ad
657 913 764 961 quod
804 913 857 950 sic
899 912 1058 961 cogitur.
1115 912 1166 948 Et
1196 912 1226 948 si
1266 912 1432 949 obicitur
1466 911 1574 960 quod
1603 910 1782 948 voluntas

165 961 182 976 a
196 961 259 977 man
273 951 296 977 is
310 951 404 977 forced

165 990 195 1010 to
209 990 254 1011 act
265 994 282 1011 a

164 1018 228 1045 will.

173 2626 193 2641 2.
212 2616 256 2641 All
269 2615 363 2648 things
375 2620 437 2647 past

172 2651 227 2675 and
242 2651 334 2675 future
348 2659 395 2674 are
409 2649 435 2674 in

283 985 376 1018 gainst
390 984 434 1010 ΜΞ
449 983 466 1003 *
489 984 675 1034 perplexa
705 983 921 1021 secundum
942 982 1122 1021 doctores
1152 989 1289 1020 coacta
1316 982 1464 1028 dicitur,
1486 982 1631 1019 videtur
1651 987 1781 1019 tamen
1794 988 1880 1017 42A

446 1056 552 1107 quod
584 1056 742 1094 coaccio
781 1054 995 1092 referribilis
1032 1061 1090 1092 est
1121 1054 1170 1091 ad
1202 1066 1342 1103 corpus
1374 1054 1435 1091 cui
1467 1052 1643 1092 voluntas
1675 1065 1782 1090 com-

444 1128 611 1177 patitur:
650 1134 691 1164 ut
723 1126 855 1164 volens
895 1126 1071 1175 proicere
1109 1137 1259 1162 merces
1297 1125 1336 1161 in
1370 1124 1466 1162 mari
1498 1136 1604 1161 nunc
1639 1123 1718 1161 vult
1747 1128 1784 1160 et

445 1211 549 1237 nunc
581 1211 660 1236 non
692 1197 770 1235 vult
802 1198 904 1247 ipsas
938 1197 1136 1247 proicere3
1175 1196 1263 1233 ideo
1298 1195 1497 1233 referendo
1532 1195 1582 1233 ad
1615 1195 1783 1232 diversas

445 1275 574 1319 partes
603 1269 789 1318 temporis
819 1268 910 1305 dicit
939 1267 1107 1317 sapiens,
1137 1266 1248 1304 Prov.
1269 1266 1345 1303 xiii.
1369 1278 1403 1312 4,
1435 1266 1521 1303 Vult
1547 1270 1581 1302 et
1603 1278 1674 1303 non
1703 1265 1786 1303 vult

441 1342 562 1390 peger.
620 1339 723 1376 Nam
756 1339 787 1376 si
830 1351 901 1388 pro
934 1338 1075 1376 eodem
1109 1338 1267 1375 instanti
1300 1337 1389 1374 volo
1421 1349 1570 1374 merces
1602 1336 1691 1374 istas
1725 1335 1835 1383 vel15

447 1411 607 1449 confuse
627 1411 686 1447 vel
706 1410 884 1448 distincte
904 1409 1089 1459 proicere,
1112 1421 1184 1457 pro
1213 1408 1277 1446 illo
1308 1407 1464 1445 instanti
1484 1419 1566 1445 non
1585 1407 1672 1445 volo
1692 1407 1783 1444 istas

446 1494 526 1520 non
557 1482 741 1531 proicere,
763 1492 853 1518 cum
883 1479 1145 1518 contradiccio
1172 1491 1252 1517 non
1282 1485 1409 1528 potest
1438 1490 1522 1516 esse
1546 1478 1684 1524 volita3
1715 1476 1785 1515 sed

444 1558 627 1591 movente
646 1552 818 1602 periculo
838 1551 926 1590 volo
942 1551 1045 1600 ipsas
1065 1550 1249 1600 proicere,
1270 1556 1306 1588 et
1327 1549 1456 1588 statim
1476 1549 1672 1594 instanter,
1690 1548 1784 1585 dum

446 1630 623 1673 speratur
651 1623 792 1668 evasio,
813 1622 906 1660 nolo
936 1622 1039 1671 ipsas
1070 1621 1255 1671 proicere.
1312 1620 1363 1657 Et
1392 1626 1550 1669 propter
1579 1618 1782 1656 indistinc—

446 1695 601 1733 cionem
635 1694 867 1731 instancium
907 1700 1063 1742 putatur
1096 1704 1236 1729 eronee
1268 1691 1352 1729 illos
1386 1697 1494 1729 actus
1532 1690 1661 1728 anime
1700 1689 1782 1727 fore
1797 1706 1838 1728 20

447 1765 572 1803 simul.
620 1765 721 1802 Vide
743 1765 791 1802 de
811 1764 1081 1813 Perplexitate.
1131 1763 1240 1800 Patet
1267 1774 1361 1812 ergo
1383 1761 1490 1812 quod
1509 1773 1591 1799 non
1612 1761 1784 1810 sequitur

447 1836 554 1886 quod
575 1836 751 1874 voluntas
780 1835 941 1884 cogitur,
963 1835 1051 1872 licet
1071 1834 1277 1872 inclinatur
1304 1845 1351 1870 ex
1373 1833 1582 1871 coaccione
1610 1831 1786 1881 corporis

447 1907 506 1944 vel
535 1919 653 1944 causa
681 1906 872 1944 consimili
902 1905 951 1942 ad
971 1904 1190 1943 volendum.
1247 1904 1362 1941 Unde
1388 1910 1492 1953 patet
1512 1903 1619 1953 quod
1647 1914 1782 1940 neces-

447 1979 578 2016 sitatus
605 1990 627 2015 a
665 1977 753 2015 Deo
785 1977 867 2014 sine
898 1988 1137 2014 remurmure
1168 1974 1217 2013 ad
1247 1975 1412 2013 virtuose
1443 1973 1656 2012 voluntarie
1691 1985 1785 2011 con-

446 2049 679 2087 versandum
700 2060 781 2086 non
808 2047 944 2097 pocius
968 2047 1118 2096 cogitur
1144 2058 1262 2096 quarn
1291 2058 1420 2095 grave,
1443 2045 1536 2091 leve,
1556 2044 1616 2082 vel
1644 2054 1784 2093 corpus
1798 2058 1837 2091 25

447 2126 626 2157 neutrum
658 2119 809 2168 cogitur
836 2118 885 2155 ad
914 2124 1064 2156 motum
1095 2118 1166 2155 sibi
1198 2116 1538 2163 naturalissimum,
1573 2115 1632 2153 vel
1666 2127 1786 2164 quam

449 2192 584 2228 beatus
622 2190 774 2239 cogitur
813 2189 862 2227 ad
896 2188 1106 2226 volendum
1146 2200 1256 2226 suam
1294 2187 1584 2233 beatitudinem,
1616 2186 1675 2223 vel
1713 2185 1786 2223 alia

448 2261 617 2310 quelibet
651 2266 824 2298 creatura
864 2260 1013 2308 cogitur
1050 2265 1233 2308 appetere
1271 2259 1478 2307 ipsammet
1517 2268 1612 2295 esse.
1669 2255 1786 2293 Unde

449 2337 575 2369 errant
604 2332 762 2381 turpiter
791 2331 856 2380 qui
886 2336 1022 2380 putant
1052 2341 1212 2367 omnem
1242 2328 1584 2367 necessitacionem
1613 2332 1786 2365 creature

449 2415 534 2440 esse
555 2402 612 2440 sui
636 2402 898 2447 coaccionem,
920 2401 1007 2439 licet
1027 2400 1266 2450 quandoque
1296 2400 1345 2437 ad
1372 2411 1530 2437 sensum
1553 2398 1783 2448 equivocum
1797 2414 1839 2444 30

450 2473 709 2511 necessarium
743 2472 952 2509 necessitas
982 2471 1040 2508 vel
1075 2483 1233 2509 necesse
1265 2471 1368 2508 dicat
1399 2470 1651 2508 coaccionem
1680 2467 1786 2518 quod

451 2544 617 2582 discerni
639 2543 779 2593 poterit
799 2555 845 2580 ex
867 2543 1062 2579 adiuncto.

506 2614 590 2652 Nec
630 2615 701 2651 ista
738 2614 840 2651 dicta
873 2613 1029 2662 sapiunt
1061 2612 1196 2661 ignaro
1227 2611 1293 2661 qui
1332 2623 1413 2649 non
1446 2610 1547 2648 videt
1584 2609 1786 2659 quomodo

172 2683 244 2708 ‘hei‘
263 2692 324 2708 0W¹¹
345 2683 410 2708 ‘ime
449 2685 583 2722 omnia
621 2685 802 2734 preterita
835 2683 853 2703 '¹‘
890 2684 948 2721 vel
986 2682 1113 2720 futura
1142 2689 1230 2720 sunt
1263 2694 1336 2720 suo
1368 2688 1542 2730 tempore
1574 2680 1826 2730 presencia.B

170 2723 289 2749 present.

485 2826 508 2841 2.
527 2817 535 2844 11
545 2818 606 2847 par
626 2816 647 2840 B
667 2816 687 2842 s.
706 2825 751 2847 231
765 2823 790 2841 Α.
927 2824 951 2847 9.
970 2815 1086 2847 cogitur
1104 2814 1144 2839 13:
1164 2813 1333 2846 coagiturA
1345 2813 1377 2838 C.
1498 2822 1538 2838 10.
1551 2811 1729 2844 perplexass
1742 2810 1783 2837 C:

444 2850 640 2881 properplexa
652 2850 683 2874 A.
783 2858 822 2874 12.
844 2849 958 2873 nmriA
969 2850 1007 2874 C:
1028 2857 1109 2873 mora
1124 2848 1159 2874 B.
