2095 3278
252 224 337 267 394
903 220 1108 253 RICARDI
1140 219 1441 252 ARMACHANI
1880 208 1980 261 [rna.
2004 219 2069 248 111.

531 336 642 372 sionis
661 347 773 380 quam
796 335 1031 371 solitudinem
1058 340 1119 370 aut
1146 334 1437 379 singularitatem
1463 344 1548 368 eum
1572 339 1659 368 tunc
1682 332 1855 367 habuisse
1871 329 1969 372 [28])

529 394 666 439 poteris
685 394 860 436 invenire,
886 400 1008 438 preter
1028 393 1099 427 hoc
1125 393 1223 437 quod
1249 392 1394 437 proprie
1420 391 1473 426 sic
1499 391 1711 426 communia
1735 390 1855 435 possi-

529 452 651 486 dendo
671 453 755 485 Deo
773 451 945 485 iniuriam
963 450 1153 493 intulisset,
1180 450 1300 494 legem
1324 461 1436 494 quam
1460 448 1529 484 sibi
1554 449 1706 483 dederat
1730 448 1855 482 infrin-

528 509 662 553 gendo.
705 509 899 543 Pluraliter
915 508 1025 552 enim,
1044 520 1118 543 non
1137 506 1379 551 singulariter,
1398 507 1446 541 illi
1464 508 1568 541 Deus
1586 506 1739 541 contulit
1757 506 1856 540 dona
1870 504 1967 535 Plur-
1985 514 2050 535 0111-

529 578 597 601 sua
615 579 622 601 :
648 567 924 609 Donu'nwm'm',
942 565 1070 610 inquit,
1080 565 1247 610 piscibus
1264 564 1282 585 *
1301 566 1430 608 maris,
1448 571 1484 599 et
1506 564 1662 599 Crescite
1678 567 1714 598 et
1730 563 1857 597 mulli·
1871 555 1902 627 Ξ·

519 624 734 669 plz'camim',
768 627 804 658 et
835 624 970 668 replete
1002 627 1143 657 terram
1176 627 1213 657 et
1243 622 1394 656 subicite
1427 633 1519 656 eam.
1571 621 1608 657 Si
1639 621 1750 665 igitur
1779 621 1858 666 ipse

526 682 771 726 singulariter,
804 681 953 725 scilicet,
977 681 1124 726 proprio
1151 680 1229 715 iure
1256 680 1441 714 sociorum
1467 679 1663 722 exclusivo,
1691 678 1761 713 sibi
1788 678 1860 713 ista

527 738 681 774 donaria
698 738 936 784 propriasset,
951 744 1080 773 contra
1093 738 1250 773 formam
1265 749 1327 772 seu
1342 738 1463 782 legem
1477 736 1696 772 donacionis
1711 736 1858 780 egisset,

528 803 564 832 et
582 797 633 831 ita
650 803 855 841 peccasset.

580 855 669 889 IOH.
696 855 756 890 De
790 854 1028 889 universitate
1062 865 1183 889 rerum
1217 853 1250 888 ei
1284 863 1306 887 a
1340 854 1423 887 Deo
1456 852 1627 887 datarum
1654 851 1726 886 hoc
1751 851 1858 886 fateri
1876 860 1916 882 10

530 913 730 956 compellor
743 924 787 947 ex
803 912 951 947 racione
969 912 1161 957 premissa,
1180 918 1217 946 et
1234 910 1352 946 eciam
1378 910 1465 955 quia
1487 909 1642 955 posteris
1660 909 1859 953 irrogasset

530 969 712 1014 iniuriam,
732 971 819 1005 data
842 970 894 1005 eis
917 982 940 1004 a
966 971 1050 1004 Deo
1074 969 1319 1004 communiter
1340 968 1587 1014 propriando;
1614 967 1697 1002 licet
1715 967 1761 1001 de
1779 978 1860 1012 par-

529 1027 742 1062 ticularibus
775 1028 885 1063 rebus
919 1027 987 1062 sibi
1020 1026 1240 1062 necessariis
1275 1027 1352 1061 sive
1379 1025 1602 1069 accomodiS,
1631 1024 1779 1068 scilicet,
1814 1025 1861 1059 de

530 1085 630 1120 victu
648 1091 684 1120 et
702 1086 837 1120 vestitu
855 1091 891 1119 et
912 1084 1078 1119 Paradisi
1105 1084 1286 1129 particula
1307 1084 1356 1118 illi
1378 1084 1591 1126 accomoda,
1610 1094 1674 1117 cur
1696 1093 1760 1117 eas
1777 1093 1860 1127 pro-

530 1143 609 1188 prie
626 1154 701 1178 non
719 1143 886 1188 possedit
903 1154 977 1177 non
994 1142 1116 1186 video,
1135 1153 1246 1176 uxore
1263 1142 1383 1176 eciam
1402 1141 1470 1176 sibi
1489 1147 1625 1176 creata.
1876 1143 1915 1176 Ῑ5

251 1202 307 1229 and
316 1201 384 1229 with
393 1201 518 1229 hiswife.
578 1202 666 1236 RIC.
694 1200 791 1245 Quia
808 1201 1013 1235 secundum
1030 1200 1218 1235 racionem
1241 1199 1461 1244 premissam
1487 1199 1539 1234 sic
1557 1198 1659 1234 uxori
1677 1198 1861 1233 intulisset

530 1258 701 1294 iniuriam
730 1259 828 1293 bona
856 1257 1068 1292 communia
1091 1257 1338 1302 propriand03
1365 1263 1401 1292 et
1427 1257 1573 1302 pariter,
1600 1256 1630 1291 si
1657 1256 1727 1302 ipsi
1754 1256 1862 1291 simul

530 1324 594 1352 aut
610 1328 732 1351 rerum
749 1316 1028 1351 universitatem
1045 1315 1098 1350 eis
1113 1316 1283 1350 datarum
1295 1321 1358 1350 aut
1371 1314 1511 1360 aliquas
1523 1325 1649 1349 earum
1662 1315 1862 1359 particulas

530 1374 746 1419 simpliciter
762 1374 1025 1419 propriassent,
1043 1373 1197 1419 posteris
1217 1384 1301 1408 cum
1320 1372 1409 1418 ipsis
1428 1373 1686 1407 communibus
1701 1372 1861 1407 dominis

531 1433 703 1468 iniuriam
721 1432 957 1477 irrogassent,
976 1433 1075 1466 bona
1092 1432 1145 1466 eis
1163 1438 1199 1466 et
1217 1431 1307 1476 ipsis
1326 1431 1538 1466 communia
1554 1430 1791 1475 propriando.
1877 1431 1918 1453 ²0

580 1492 670 1525 IOH.
700 1492 781 1524 Iam
796 1490 913 1524 fateor
930 1489 1029 1534 quod
1046 1501 1116 1524 nec
1134 1488 1203 1534 ipsi
1222 1501 1289 1524 nec
1315 1488 1427 1533 aliqui
1452 1488 1588 1533 posteri
1607 1488 1686 1523 sine
1704 1488 1861 1523 aliorum

531 1548 662 1583 iniuria
690 1554 860 1593 poterant
886 1559 964 1583 rem
994 1547 1046 1582 eis
1075 1547 1236 1592 aliquam
1266 1546 1482 1592 simpliciter
1510 1545 1710 1591 propriam,
1742 1546 1862 1581 eciam

531 1617 620 1641 casu
639 1605 872 1641 necessitatis
889 1605 971 1640 aliis
988 1612 1187 1640 reservato.

581 1666 668 1699 RIC.
697 1666 880 1699 Innocens
900 1663 1010 1708 igitur
1028 1663 1065 1698 in
1082 1663 1243 1708 presenti
1258 1662 1377 1697 nullus
1392 1668 1512 1707 potest
1526 1673 1604 1697 rem
1617 1661 1686 1697 sibi
1699 1661 1863 1707 aliquam

532 1722 611 1757 sine
629 1722 783 1757 fratrum
802 1733 952 1757 suorum
970 1721 1101 1756 iniuria
1118 1721 1314 1766 propriare.
1878 1719 1917 1752 25

582 1782 672 1815 IOH.
700 1781 789 1814 Non
807 1780 981 1824 sequitur,
1000 1779 1176 1824 quoniam
1201 1779 1314 1813 modo
1340 1784 1425 1813 sunt
1442 1776 1514 1813 alia
1532 1777 1697 1812 dominia
1714 1776 1864 1822 propria

533 1837 755 1881 introducta,
781 1849 846 1882 per
871 1849 941 1882 que
966 1836 1134 1872 homines
1161 1848 1234 1871 non
1260 1842 1403 1870 tantum
1427 1835 1575 1880 proprie
1597 1835 1789 1880 possident
1808 1841 1863 1870 set

534 1893 610 1928 iure
634 1893 781 1938 proprio
805 1892 1066 1935 dominantur;
1094 1892 1215 1937 qualia
1236 1891 1272 1925 in
1299 1897 1396 1926 statu
1422 1896 1633 1925 nostrorum
1657 1896 1862 1934 parentum,

533 1950 565 1985 si
599 1950 668 1995 ipsi
703 1956 913 1986 servassent
947 1949 1213 1992 innocenciam‚
1246 1961 1322 1984 non
1356 1955 1524 1994 poterant
1555 1948 1748 1991 introduci,
1777 1947 1863 1993 quia

533 2008 685 2043 omnino
703 2007 859 2043 fuissent
877 2019 993 2051 cassa,
1013 2007 1105 2042 sicut
1124 2007 1161 2042 in
1178 2007 1271 2042 libro
1288 2007 1455 2052 proximo
1474 2012 1530 2041 est
1549 2017 1710 2041 suasum.
1875 2014 1984 2046 supra,
2001 2014 2057 2045 pp-

1878 2047 1939 2088 367
1951 2057 2038 2089 seqq·

458 2121 521 2153 IX.
580 2124 808 2157 RICARDUS.
837 2123 923 2156 Non
938 2127 992 2156 est
1008 2121 1077 2155 hoc
1095 2131 1117 2155 a
1129 2119 1236 2155 nobis
1252 2119 1341 2154 inibi
1360 2120 1594 2163 affirmatum,
1610 2126 1664 2154 set
1682 2118 1864 2154 diffinien-

253 2175 520 2241 ἓῗίξζζξβξὸξζξοῃ
533 2182 622 2216 dum
648 2180 850 2214 maioribus
875 2186 933 2214 est
959 2179 1178 2222 dimissum3
1206 2178 1394 2224 quoniam,
1422 2178 1451 2212 si
1482 2178 1620 2212 nostris
1648 2178 1863 2223 parentibus

253 2243 347 2280 tarny,
363 2243 418 2268 had
432 2243 467 2268 he
532 2239 662 2284 primis
685 2237 903 2272 innocencia
929 2237 1182 2280 remansisset,
1201 2247 1276 2270 non
1302 2235 1414 2270 michi
1442 2242 1498 2270 est
1519 2242 1659 2270 certum
1682 2235 1863 2280 numquid

253 2282 302 2302 not
315 2277 422 2302 smned'
532 2296 679 2342 posteri,
709 2296 879 2341 quamvis
909 2295 945 2330 in
977 2294 1124 2329 iusticia
1157 2293 1352 2339 propagati
1386 2294 1465 2328 sive
1499 2293 1667 2338 concepti
1695 2292 1862 2336 fuissent,

533 2366 689 2399 peccare
706 2360 835 2398 postea
852 2353 1059 2398 potuissent
1077 2352 1267 2387 venialiter
1284 2358 1395 2396 atque
1413 2350 1618 2385 mortaliter
1633 2362 1640 2385 ε
1667 2351 1739 2385 hoc
1765 2349 1863 2385 enirn
1877 2360 1917 2393 35

256 2421 278 2437 1·
301 2411 331 2436 1f
341 2411 408 2443 they
421 2410 504 2437 could
534 2412 692 2446 diffinire
709 2423 778 2446 nec
796 2411 979 2445 affirmare
998 2409 1190 2444 voluimus.
1243 2410 1353 2454 Quod
1371 2409 1401 2444 si
1419 2409 1540 2443 facere
1554 2407 1774 2453 potuissent,
1789 2418 1864 2442 non

254 2444 521 2510 ξῇἶῗῗὲῖἓξξῷὼθῃ
534 2476 633 2511 tunc,
652 2469 745 2503 sicut
764 2480 833 2503 nec
850 2479 960 2512 nunc,
979 2467 1145 2502 dominia
1171 2467 1292 2502 civilia
1314 2467 1458 2501 inutilia
1478 2466 1695 2509 extitissent,
1716 2472 1770 2500 set
1787 2471 1864 2499 tarn

255 2512 349 2569 ζ’ῑῗζᾏιὲ
361 2511 480 2570 ξῗῖξους
534 2527 637 2563 iustis
655 2527 821 2572 (scilicet,
840 2525 1115 2570 innocentibus)
1132 2536 1242 2570 quam
1256 2525 1524 2569 peccatoribus,
1540 2524 1632 2558 sicut
1651 2524 1688 2557 in
1702 2522 1863 2568 presenti

255 2578 303 2603 the
317 2578 381 2609 sa11;
534 2592 686 2630 propter
703 2584 976 2620 cohercendam
992 2583 1192 2627 maliciam,
1211 2584 1368 2617 multum
1395 2582 1497 2617 utilia
1523 2581 1751 2625 extitissent3
1780 2581 1863 2615 licet

534 2642 716 2687 aliquibus
734 2649 822 2677 tunc
839 2642 1021 2687 perfectis,
1040 2641 1133 2676 sicut
1151 2652 1251 2675 nunc
1268 2640 1491 2685 imperfectis
1506 2638 1700 2685 aliquibus,
1710 2638 1864 2673 fuissent
1877 2645 1920 2677 40

257 2714 283 2730 2:
301 2713 370 2742 evep
382 2703 491 2737 though
534 2711 642 2735 cassa
659 2706 694 2735 et
713 2711 842 2734 vacua.
892 2701 941 2734 At
960 2699 989 2733 si
1008 2699 1130 2733 nullus
1150 2698 1186 2732 in
1212 2704 1308 2733 statu
1336 2697 1550 2732 innocencie
1577 2695 1757 2741 potuisset
1780 2707 1864 2741 pec·
1877 2699 2003 2721 vacua:

256 2739 438 2803 ῗζῗῑῖᾶῗῖζῖἷῖρά
452 2739 503 2764 but
535 2769 620 2792 care
647 2757 860 2800 mortaliter,
887 2757 1092 2801 potuissent
1119 2762 1243 2791 tamen
1272 2766 1445 2800 peccasse
1473 2754 1675 2797 venialiter,
1705 2765 1749 2788 eo
1779 2765 1865 2788 casu
1877 2743 1966 2765 vana
1984 2740 2023 2765 M.

533 2816 656 2850 adhuc
675 2815 826 2850 omnino
850 2827 922 2850 non
948 2814 1055 2850 video
1080 2814 1166 2860 quin
1194 2812 1298 2848 iustis
1322 2812 1443 2847 minus
1468 2812 1636 2857 perfectis
1659 2817 1746 2847 tunc
1772 2811 1863 2846 sicut
