<?xml version="1.0" encoding="UTF-8"?>
<!DOCTYPE html PUBLIC "-//W3C//DTD XHTML 1.0 Transitional//EN"
    "http://www.w3.org/TR/xhtml1/DTD/xhtml1-transitional.dtd">
<html xmlns="http://www.w3.org/1999/xhtml" xml:lang="en" lang="en">
 <head>
  <title>
</title>
<meta http-equiv="Content-Type" content="text/html;charset=utf-8" />
  <meta name='ocr-system' content='tesseract 3.04.00' />
  <meta name='ocr-capabilities' content='ocr_page ocr_carea ocr_par ocr_line ocrx_word'/>
</head>
<body>
  <div class='ocr_page' id='page_1' title='image "./dedominiodivinol00wycl_0427.png"; bbox 0 0 2095 3278; ppageno 0'>
   <div class='ocr_carea' id='block_1_1' title="bbox 61 157 1869 214">
    <p class='ocr_par' dir='ltr' id='par_1_1' title="bbox 61 157 1869 214">
     <span class='ocr_line' id='line_1_1' title="bbox 61 157 1869 214; baseline 0.002 -17"><span class='ocrx_word' id='word_1_1' title='bbox 61 169 147 197; x_wconf 79' lang='lat' dir='ltr'><strong>CAP.</strong></span> <span class='ocrx_word' id='word_1_2' title='bbox 161 157 314 211; x_wconf 61' lang='lat' dir='ltr'>xxvrr]</span> <span class='ocrx_word' id='word_1_3' title='bbox 599 166 663 199; x_wconf 89' lang='lat' dir='ltr'>DE</span> <span class='ocrx_word' id='word_1_4' title='bbox 696 167 937 199; x_wconf 87' lang='lat' dir='ltr'><strong>PAUPERIE</strong></span> <span class='ocrx_word' id='word_1_5' title='bbox 970 168 1284 200; x_wconf 77' lang='lat' dir='ltr'>SALVATORIS.</span> <span class='ocrx_word' id='word_1_6' title='bbox 1789 169 1869 214; x_wconf 81' lang='lat'>371</span> 
     </span>
    </p>
   </div>
   <div class='ocr_carea' id='block_1_2' title="bbox 53 268 1876 1984">
    <p class='ocr_par' dir='ltr' id='par_1_2' title="bbox 53 268 1876 1984">
     <span class='ocr_line' id='line_1_2' title="bbox 166 268 1848 316; baseline 0.002 -16"><span class='ocrx_word' id='word_1_7' title='bbox 166 270 261 311; x_wconf 83' lang='lat'><strong>230]</strong></span> <span class='ocrx_word' id='word_1_8' title='bbox 279 272 383 314; x_wconf 83' lang='lat' dir='ltr'><strong>Item,</strong></span> <span class='ocrx_word' id='word_1_9' title='bbox 403 277 546 306; x_wconf 85' lang='lat' dir='ltr'>constat</span> <span class='ocrx_word' id='word_1_10' title='bbox 564 272 663 306; x_wconf 83' lang='lat' dir='ltr'>hunc</span> <span class='ocrx_word' id='word_1_11' title='bbox 688 271 865 316; x_wconf 91' lang='lat' dir='ltr'>populum</span> <span class='ocrx_word' id='word_1_12' title='bbox 893 270 963 306; x_wconf 90' lang='lat' dir='ltr'>Dei</span> <span class='ocrx_word' id='word_1_13' title='bbox 991 283 1056 316; x_wconf 88' lang='lat' dir='ltr'>per</span> <span class='ocrx_word' id='word_1_14' title='bbox 1082 273 1253 316; x_wconf 86' lang='lat' dir='ltr'>Moysern</span> <span class='ocrx_word' id='word_1_15' title='bbox 1279 271 1446 316; x_wconf 88' lang='lat' dir='ltr'>primitus</span> <span class='ocrx_word' id='word_1_16' title='bbox 1464 268 1595 316; x_wconf 87' lang='lat' dir='ltr'>guber·</span> <span class='ocrx_word' id='word_1_17' title='bbox 1610 276 1698 308; x_wconf 81' lang='lat' dir='ltr'>3.-G0d</span> <span class='ocrx_word' id='word_1_18' title='bbox 1712 276 1848 314; x_wconf 40' lang='lat' dir='ltr'>med-his</span> 
     </span>
     <span class='ocr_line' id='line_1_3' title="bbox 275 310 1841 375; baseline 0 -15"><span class='ocrx_word' id='word_1_19' title='bbox 275 332 415 370; x_wconf 86' lang='lat' dir='ltr'>natum,</span> <span class='ocrx_word' id='word_1_20' title='bbox 438 337 513 360; x_wconf 90' lang='lat' dir='ltr'>non</span> <span class='ocrx_word' id='word_1_21' title='bbox 539 333 716 371; x_wconf 82' lang='lat' dir='ltr'>tanquam</span> <span class='ocrx_word' id='word_1_22' title='bbox 741 338 805 371; x_wconf 91' lang='lat' dir='ltr'>per</span> <span class='ocrx_word' id='word_1_23' title='bbox 830 327 1028 369; x_wconf 88' lang='lat' dir='ltr'>dominum,</span> <span class='ocrx_word' id='word_1_24' title='bbox 1052 333 1105 361; x_wconf 90' lang='lat' dir='ltr'>set</span> <span class='ocrx_word' id='word_1_25' title='bbox 1131 338 1197 371; x_wconf 90' lang='lat' dir='ltr'>per</span> <span class='ocrx_word' id='word_1_26' title='bbox 1221 338 1305 361; x_wconf 90' lang='lat' dir='ltr'>eum</span> <span class='ocrx_word' id='word_1_27' title='bbox 1330 333 1507 371; x_wconf 80' lang='lat' dir='ltr'><strong>tanquam</strong></span> <span class='ocrx_word' id='word_1_28' title='bbox 1533 338 1598 371; x_wconf 89' lang='lat' dir='ltr'>per</span> <span class='ocrx_word' id='word_1_29' title='bbox 1609 310 1841 375; x_wconf 49' lang='grc' dir='ltr'>ξξῇῗέξῑᾟὲζξς,</span> 
     </span>
     <span class='ocr_line' id='line_1_4' title="bbox 278 379 1876 429; baseline 0.001 -12"><span class='ocrx_word' id='word_1_30' title='bbox 278 379 361 426; x_wconf 90' lang='lat' dir='ltr'>Dei,</span> <span class='ocrx_word' id='word_1_31' title='bbox 380 384 441 428; x_wconf 90' lang='lat' dir='ltr'>qui</span> <span class='ocrx_word' id='word_1_32' title='bbox 458 393 585 419; x_wconf 90' lang='lat' dir='ltr'>eorum</span> <span class='ocrx_word' id='word_1_33' title='bbox 603 380 775 418; x_wconf 88' lang='lat' dir='ltr'>dominus</span> <span class='ocrx_word' id='word_1_34' title='bbox 798 390 886 426; x_wconf 91' lang='lat' dir='ltr'>erat,</span> <span class='ocrx_word' id='word_1_35' title='bbox 905 384 1125 418; x_wconf 87' lang='lat' dir='ltr'>ministrum.</span> <span class='ocrx_word' id='word_1_36' title='bbox 1178 384 1289 419; x_wconf 86' lang='lat' dir='ltr'><strong>Unde</strong></span> <span class='ocrx_word' id='word_1_37' title='bbox 1313 385 1448 429; x_wconf 91' lang='lat' dir='ltr'>populo</span> <span class='ocrx_word' id='word_1_38' title='bbox 1471 396 1596 428; x_wconf 88' lang='lat' dir='ltr'>regem</span> <span class='ocrx_word' id='word_1_39' title='bbox 1609 388 1664 412; x_wconf 76' lang='lat' dir='ltr'>and</span> <span class='ocrx_word' id='word_1_40' title='bbox 1678 387 1876 424; x_wconf 65' lang='lat' dir='ltr'>onlygranted</span> 
     </span>
     <span class='ocr_line' id='line_1_5' title="bbox 61 421 1838 487; baseline 0.003 -12"><span class='ocrx_word' id='word_1_41' title='bbox 61 454 75 475; x_wconf 95' lang='lat'>1</span> <span class='ocrx_word' id='word_1_42' title='bbox 95 444 299 486; x_wconf 87' lang='lat' dir='ltr'>Reg.viii.a</span> <span class='ocrx_word' id='word_1_43' title='bbox 327 442 498 476; x_wconf 82' lang='lat' dir='ltr'>Samuele</span> <span class='ocrx_word' id='word_1_44' title='bbox 524 448 673 486; x_wconf 87' lang='lat' dir='ltr'>petente</span> <span class='ocrx_word' id='word_1_45' title='bbox 701 441 884 476; x_wconf 83' lang='lat' dir='ltr'>Dominus</span> <span class='ocrx_word' id='word_1_46' title='bbox 919 453 984 485; x_wconf 90' lang='lat' dir='ltr'>per</span> <span class='ocrx_word' id='word_1_47' title='bbox 1018 442 1228 476; x_wconf 77' lang='lat' dir='ltr'><strong>Samuelem</strong></span> <span class='ocrx_word' id='word_1_48' title='bbox 1262 441 1461 486; x_wconf 84' lang='lat' dir='ltr'>respondit,</span> <span class='ocrx_word' id='word_1_49' title='bbox 1489 421 1838 487; x_wconf 47' lang='lat' dir='ltr'>Audz,{}i}{ir{13e1t&lt;i1t1}gnat</span> 
     </span>
     <span class='ocr_line' id='line_1_6' title="bbox 61 496 1596 544; baseline -0.001 -11"><span class='ocrx_word' id='word_1_50' title='bbox 61 496 88 528; x_wconf 92' lang='grc'>7·</span> <span class='ocrx_word' id='word_1_51' title='bbox 273 509 396 533; x_wconf 84' lang='lat' dir='ltr'>vocem</span> <span class='ocrx_word' id='word_1_52' title='bbox 406 500 545 544; x_wconf 67' lang='lat' dir='ltr'>populi</span> <span class='ocrx_word' id='word_1_53' title='bbox 559 500 600 533; x_wconf 78' lang='lat'>2&#39;72</span> <span class='ocrx_word' id='word_1_54' title='bbox 618 500 786 533; x_wconf 80' lang='lat' dir='ltr'>omnibus</span> <span class='ocrx_word' id='word_1_55' title='bbox 802 510 873 543; x_wconf 76' lang='lat' dir='ltr'>que</span> <span class='ocrx_word' id='word_1_56' title='bbox 897 499 1108 543; x_wconf 75' lang='lat' dir='ltr'><em>loquuntur</em></span> <span class='ocrx_word' id='word_1_57' title='bbox 1122 499 1217 540; x_wconf 77' lang='lat' dir='ltr'><em>tibz&#39;;</em></span> <span class='ocrx_word' id='word_1_58' title='bbox 1241 505 1316 533; x_wconf 78' lang='lat' dir='ltr'>non</span> <span class='ocrx_word' id='word_1_59' title='bbox 1333 500 1431 533; x_wconf 78' lang='lat' dir='ltr'>enim</span> <span class='ocrx_word' id='word_1_60' title='bbox 1450 503 1484 533; x_wconf 78' lang='lat' dir='ltr'>le</span> <span class='ocrx_word' id='word_1_61' title='bbox 1502 500 1596 533; x_wconf 75' lang='lat' dir='ltr'>abie-</span> 
     </span>
     <span class='ocr_line' id='line_1_7' title="bbox 273 556 1598 602; baseline 0.001 -12"><span class='ocrx_word' id='word_1_62' title='bbox 273 561 414 600; x_wconf 79' lang='lat' dir='ltr'><em>cerunt,</em></span> <span class='ocrx_word' id='word_1_63' title='bbox 432 561 487 591; x_wconf 78' lang='lat' dir='ltr'>set</span> <span class='ocrx_word' id='word_1_64' title='bbox 501 568 568 600; x_wconf 83' lang='lat' dir='ltr'>me,</span> <span class='ocrx_word' id='word_1_65' title='bbox 586 564 631 591; x_wconf 78' lang='lat' dir='ltr'>ne</span> <span class='ocrx_word' id='word_1_66' title='bbox 647 568 797 602; x_wconf 79' lang='lat' dir='ltr'><em>regnem</em></span> <span class='ocrx_word' id='word_1_67' title='bbox 815 558 929 600; x_wconf 70' lang='lat' dir='ltr'>super</span> <span class='ocrx_word' id='word_1_68' title='bbox 941 567 1010 589; x_wconf 79' lang='lat' dir='ltr'>eos.</span> <span class='ocrx_word' id='word_1_69' title='bbox 1060 556 1172 591; x_wconf 86' lang='lat' dir='ltr'>Unde</span> <span class='ocrx_word' id='word_1_70' title='bbox 1191 562 1336 590; x_wconf 89' lang='lat' dir='ltr'>constat</span> <span class='ocrx_word' id='word_1_71' title='bbox 1355 563 1479 601; x_wconf 92' lang='lat' dir='ltr'>aperte</span> <span class='ocrx_word' id='word_1_72' title='bbox 1499 557 1598 601; x_wconf 87' lang='lat' dir='ltr'>quod</span> 
     </span>
     <span class='ocr_line' id='line_1_8' title="bbox 273 613 1598 658; baseline 0.001 -10"><span class='ocrx_word' id='word_1_73' title='bbox 273 625 337 648; x_wconf 88' lang='lat' dir='ltr'>rex</span> <span class='ocrx_word' id='word_1_74' title='bbox 354 614 494 658; x_wconf 88' lang='lat' dir='ltr'>primus</span> <span class='ocrx_word' id='word_1_75' title='bbox 512 626 638 649; x_wconf 89' lang='lat' dir='ltr'>eorum</span> <span class='ocrx_word' id='word_1_76' title='bbox 656 625 731 648; x_wconf 90' lang='lat' dir='ltr'>non</span> <span class='ocrx_word' id='word_1_77' title='bbox 749 620 826 648; x_wconf 90' lang='lat' dir='ltr'>erat</span> <span class='ocrx_word' id='word_1_78' title='bbox 844 614 952 647; x_wconf 85' lang='lat' dir='ltr'>datus</span> <span class='ocrx_word' id='word_1_79' title='bbox 970 613 1023 647; x_wconf 86' lang='lat' dir='ltr'>eis</span> <span class='ocrx_word' id='word_1_80' title='bbox 1041 613 1261 648; x_wconf 89' lang='lat' dir='ltr'>auctoritate</span> <span class='ocrx_word' id='word_1_81' title='bbox 1286 613 1357 648; x_wconf 85' lang='lat' dir='ltr'>Dei</span> <span class='ocrx_word' id='word_1_82' title='bbox 1376 614 1598 658; x_wconf 88' lang='lat' dir='ltr'>preceptiva,</span> 
     </span>
     <span class='ocr_line' id='line_1_9' title="bbox 274 670 1598 716; baseline 0 -10"><span class='ocrx_word' id='word_1_83' title='bbox 274 677 329 706; x_wconf 88' lang='lat' dir='ltr'>set</span> <span class='ocrx_word' id='word_1_84' title='bbox 355 671 480 716; x_wconf 80' lang='lat' dir='ltr'>previa</span> <span class='ocrx_word' id='word_1_85' title='bbox 507 671 632 716; x_wconf 90' lang='lat' dir='ltr'>populi</span> <span class='ocrx_word' id='word_1_86' title='bbox 660 672 858 714; x_wconf 88' lang='lat' dir='ltr'>voluntate,</span> <span class='ocrx_word' id='word_1_87' title='bbox 885 677 920 705; x_wconf 93' lang='lat' dir='ltr'>et</span> <span class='ocrx_word' id='word_1_88' title='bbox 947 670 1164 705; x_wconf 88' lang='lat' dir='ltr'>auctoritate</span> <span class='ocrx_word' id='word_1_89' title='bbox 1191 671 1262 705; x_wconf 92' lang='lat' dir='ltr'>Dei</span> <span class='ocrx_word' id='word_1_90' title='bbox 1289 671 1395 716; x_wconf 83' lang='lat' dir='ltr'>quasi</span> <span class='ocrx_word' id='word_1_91' title='bbox 1420 678 1548 706; x_wconf 87' lang='lat' dir='ltr'>exacta</span> <span class='ocrx_word' id='word_1_92' title='bbox 1576 684 1598 706; x_wconf 91' lang='lat' dir='ltr'>a</span> 
     </span>
     <span class='ocr_line' id='line_1_10' title="bbox 272 725 1596 774; baseline 0.001 -12"><span class='ocrx_word' id='word_1_93' title='bbox 272 730 409 773; x_wconf 88' lang='lat' dir='ltr'>populo</span> <span class='ocrx_word' id='word_1_94' title='bbox 442 738 507 774; x_wconf 88' lang='lat' dir='ltr'>per</span> <span class='ocrx_word' id='word_1_95' title='bbox 538 736 741 774; x_wconf 88' lang='lat' dir='ltr'>peccatum.</span> <span class='ocrx_word' id='word_1_96' title='bbox 804 725 983 773; x_wconf 90' lang='lat' dir='ltr'>Nunquid</span> <span class='ocrx_word' id='word_1_97' title='bbox 1019 739 1093 762; x_wconf 89' lang='lat' dir='ltr'>non</span> <span class='ocrx_word' id='word_1_98' title='bbox 1126 734 1205 762; x_wconf 89' lang='lat' dir='ltr'>erat</span> <span class='ocrx_word' id='word_1_99' title='bbox 1239 735 1436 773; x_wconf 90' lang='lat' dir='ltr'>peccatum</span> <span class='ocrx_word' id='word_1_100' title='bbox 1472 730 1596 763; x_wconf 88' lang='lat' dir='ltr'>Deum</span> 
     </span>
     <span class='ocr_line' id='line_1_11' title="bbox 220 783 1597 832; baseline 0.001 -14"><span class='ocrx_word' id='word_1_101' title='bbox 220 795 260 817; x_wconf 92' lang='lat'>10</span> <span class='ocrx_word' id='word_1_102' title='bbox 273 783 419 821; x_wconf 89' lang='lat' dir='ltr'>abicere</span> <span class='ocrx_word' id='word_1_103' title='bbox 451 798 498 821; x_wconf 90' lang='lat' dir='ltr'>ne</span> <span class='ocrx_word' id='word_1_104' title='bbox 532 798 641 832; x_wconf 91' lang='lat' dir='ltr'>super</span> <span class='ocrx_word' id='word_1_105' title='bbox 667 798 731 821; x_wconf 92' lang='lat' dir='ltr'>eos</span> <span class='ocrx_word' id='word_1_106' title='bbox 760 788 958 830; x_wconf 82' lang='lat' dir='ltr'>regnaret?</span> <span class='ocrx_word' id='word_1_107' title='bbox 1009 785 1048 820; x_wconf 91' lang='lat' dir='ltr'>Si</span> <span class='ocrx_word' id='word_1_108' title='bbox 1079 785 1187 829; x_wconf 85' lang='lat' dir='ltr'>igitur</span> <span class='ocrx_word' id='word_1_109' title='bbox 1215 797 1279 820; x_wconf 89' lang='lat' dir='ltr'>rex</span> <span class='ocrx_word' id='word_1_110' title='bbox 1314 786 1454 820; x_wconf 88' lang='lat' dir='ltr'>habens</span> <span class='ocrx_word' id='word_1_111' title='bbox 1488 786 1597 821; x_wconf 90' lang='lat' dir='ltr'>civile</span> 
     </span>
     <span class='ocr_line' id='line_1_12' title="bbox 272 843 1598 889; baseline -0.001 -11"><span class='ocrx_word' id='word_1_112' title='bbox 272 843 479 879; x_wconf 88' lang='lat' dir='ltr'>dominium</span> <span class='ocrx_word' id='word_1_113' title='bbox 505 856 614 889; x_wconf 86' lang='lat' dir='ltr'>super</span> <span class='ocrx_word' id='word_1_114' title='bbox 639 851 768 888; x_wconf 85' lang='lat' dir='ltr'>gentes</span> <span class='ocrx_word' id='word_1_115' title='bbox 794 851 856 878; x_wconf 93' lang='lat' dir='ltr'>aut</span> <span class='ocrx_word' id='word_1_116' title='bbox 880 843 979 878; x_wconf 93' lang='lat' dir='ltr'>bona</span> <span class='ocrx_word' id='word_1_117' title='bbox 1004 843 1169 888; x_wconf 88' lang='lat' dir='ltr'>ipsorum</span> <span class='ocrx_word' id='word_1_118' title='bbox 1195 854 1269 878; x_wconf 91' lang='lat' dir='ltr'>non</span> <span class='ocrx_word' id='word_1_119' title='bbox 1295 850 1373 878; x_wconf 91' lang='lat' dir='ltr'>erat</span> <span class='ocrx_word' id='word_1_120' title='bbox 1399 844 1518 888; x_wconf 90' lang='lat' dir='ltr'>primo</span> <span class='ocrx_word' id='word_1_121' title='bbox 1543 844 1598 878; x_wconf 92' lang='lat' dir='ltr'>in-</span> 
     </span>
     <span class='ocr_line' id='line_1_13' title="bbox 272 900 1598 946; baseline 0 -11"><span class='ocrx_word' id='word_1_122' title='bbox 272 900 418 936; x_wconf 82' lang='lat' dir='ltr'>stitutus</span> <span class='ocrx_word' id='word_1_123' title='bbox 437 901 506 936; x_wconf 91' lang='lat' dir='ltr'>nisi</span> <span class='ocrx_word' id='word_1_124' title='bbox 521 908 650 936; x_wconf 85' lang='lat' dir='ltr'>exacto</span> <span class='ocrx_word' id='word_1_125' title='bbox 669 914 691 936; x_wconf 88' lang='lat' dir='ltr'>a</span> <span class='ocrx_word' id='word_1_126' title='bbox 709 903 802 945; x_wconf 88' lang='lat' dir='ltr'>Deo,</span> <span class='ocrx_word' id='word_1_127' title='bbox 815 901 904 946; x_wconf 84' lang='lat' dir='ltr'>quin</span> <span class='ocrx_word' id='word_1_128' title='bbox 923 901 1051 946; x_wconf 80' lang='lat' dir='ltr'>pocius</span> <span class='ocrx_word' id='word_1_129' title='bbox 1067 902 1170 936; x_wconf 87' lang='lat' dir='ltr'>Deus</span> <span class='ocrx_word' id='word_1_130' title='bbox 1181 901 1295 935; x_wconf 89' lang='lat' dir='ltr'>voluit</span> <span class='ocrx_word' id='word_1_131' title='bbox 1310 913 1332 935; x_wconf 88' lang='lat' dir='ltr'>a</span> <span class='ocrx_word' id='word_1_132' title='bbox 1346 901 1598 936; x_wconf 89' lang='lat' dir='ltr'>sacerdotibus</span> 
     </span>
     <span class='ocr_line' id='line_1_14' title="bbox 271 958 1599 1004; baseline 0 -11"><span class='ocrx_word' id='word_1_133' title='bbox 271 960 447 1004; x_wconf 88' lang='lat' dir='ltr'>populum</span> <span class='ocrx_word' id='word_1_134' title='bbox 473 959 669 1003; x_wconf 89' lang='lat' dir='ltr'>gubernari</span> <span class='ocrx_word' id='word_1_135' title='bbox 700 959 840 1004; x_wconf 83' lang='lat' dir='ltr'>absque</span> <span class='ocrx_word' id='word_1_136' title='bbox 868 959 1031 1004; x_wconf 86' lang='lat' dir='ltr'>ipsorum</span> <span class='ocrx_word' id='word_1_137' title='bbox 1058 958 1155 993; x_wconf 87' lang='lat' dir='ltr'>civili</span> <span class='ocrx_word' id='word_1_138' title='bbox 1186 958 1349 993; x_wconf 89' lang='lat' dir='ltr'>dominio</span> <span class='ocrx_word' id='word_1_139' title='bbox 1379 970 1488 1003; x_wconf 88' lang='lat' dir='ltr'>super</span> <span class='ocrx_word' id='word_1_140' title='bbox 1514 970 1599 994; x_wconf 90' lang='lat' dir='ltr'>eum</span> 
     </span>
     <span class='ocr_line' id='line_1_15' title="bbox 272 1016 1597 1062; baseline 0 -12"><span class='ocrx_word' id='word_1_141' title='bbox 272 1023 335 1051; x_wconf 89' lang='lat' dir='ltr'>aut</span> <span class='ocrx_word' id='word_1_142' title='bbox 376 1028 488 1062; x_wconf 90' lang='lat' dir='ltr'>super</span> <span class='ocrx_word' id='word_1_143' title='bbox 536 1023 652 1052; x_wconf 86' lang='lat' dir='ltr'>terras</span> <span class='ocrx_word' id='word_1_144' title='bbox 693 1023 757 1052; x_wconf 89' lang='lat' dir='ltr'>aut</span> <span class='ocrx_word' id='word_1_145' title='bbox 794 1016 868 1052; x_wconf 86' lang='lat' dir='ltr'>alia</span> <span class='ocrx_word' id='word_1_146' title='bbox 906 1017 1007 1051; x_wconf 91' lang='lat' dir='ltr'>bona</span> <span class='ocrx_word' id='word_1_147' title='bbox 1045 1016 1207 1060; x_wconf 90' lang='lat' dir='ltr'>ipsorum</span> <span class='ocrx_word' id='word_1_148' title='bbox 1227 1029 1236 1058; x_wconf 95' lang='lat'>;</span> <span class='ocrx_word' id='word_1_149' title='bbox 1285 1023 1422 1061; x_wconf 87' lang='lat' dir='ltr'>quanto</span> <span class='ocrx_word' id='word_1_150' title='bbox 1465 1016 1597 1060; x_wconf 90' lang='lat' dir='ltr'>magis,</span> 
     </span>
     <span class='ocr_line' id='line_1_16' title="bbox 55 1071 1596 1119; baseline -0.001 -10"><span class='ocrx_word' id='word_1_151' title='bbox 55 1071 114 1102; x_wconf 79' lang='lat' dir='ltr'>sed</span> <span class='ocrx_word' id='word_1_152' title='bbox 126 1081 190 1103; x_wconf 82' lang='lat'>0111-</span> <span class='ocrx_word' id='word_1_153' title='bbox 209 1079 239 1103; x_wconf 88' lang='lat' dir='ltr'>B·</span> <span class='ocrx_word' id='word_1_154' title='bbox 272 1074 423 1119; x_wconf 89' lang='lat' dir='ltr'>quando</span> <span class='ocrx_word' id='word_1_155' title='bbox 440 1075 562 1109; x_wconf 92' lang='lat' dir='ltr'>cuncti</span> <span class='ocrx_word' id='word_1_156' title='bbox 581 1074 666 1109; x_wconf 90' lang='lat' dir='ltr'>iusti</span> <span class='ocrx_word' id='word_1_157' title='bbox 684 1075 842 1117; x_wconf 88' lang='lat' dir='ltr'>fuerunt,</span> <span class='ocrx_word' id='word_1_158' title='bbox 860 1074 960 1108; x_wconf 91' lang='lat' dir='ltr'>nulla</span> <span class='ocrx_word' id='word_1_159' title='bbox 978 1073 1100 1118; x_wconf 88' lang='lat' dir='ltr'>penali</span> <span class='ocrx_word' id='word_1_160' title='bbox 1124 1074 1206 1118; x_wconf 89' lang='lat' dir='ltr'>lege</span> <span class='ocrx_word' id='word_1_161' title='bbox 1232 1080 1394 1117; x_wconf 81' lang='lat' dir='ltr'>egentes,</span> <span class='ocrx_word' id='word_1_162' title='bbox 1422 1074 1488 1108; x_wconf 90' lang='lat' dir='ltr'>sed</span> <span class='ocrx_word' id='word_1_163' title='bbox 1511 1085 1596 1108; x_wconf 90' lang='lat' dir='ltr'>auc-</span> 
     </span>
     <span class='ocr_line' id='line_1_17' title="bbox 270 1131 1594 1177; baseline -0.001 -10"><span class='ocrx_word' id='word_1_164' title='bbox 270 1132 401 1167; x_wconf 88' lang='lat' dir='ltr'>toritas</span> <span class='ocrx_word' id='word_1_165' title='bbox 435 1133 713 1177; x_wconf 87' lang='lat' dir='ltr'>presidencialis</span> <span class='ocrx_word' id='word_1_166' title='bbox 741 1133 946 1168; x_wconf 88' lang='lat' dir='ltr'>sufficiebat</span> <span class='ocrx_word' id='word_1_167' title='bbox 973 1132 1021 1167; x_wconf 91' lang='lat' dir='ltr'>ad</span> <span class='ocrx_word' id='word_1_168' title='bbox 1049 1131 1266 1167; x_wconf 87' lang='lat' dir='ltr'>innocentes</span> <span class='ocrx_word' id='word_1_169' title='bbox 1295 1132 1489 1176; x_wconf 86' lang='lat' dir='ltr'>regendos,</span> <span class='ocrx_word' id='word_1_170' title='bbox 1519 1143 1594 1166; x_wconf 91' lang='lat' dir='ltr'>non</span> 
     </span>
     <span class='ocr_line' id='line_1_18' title="bbox 271 1189 1595 1236; baseline -0.002 -11"><span class='ocrx_word' id='word_1_171' title='bbox 271 1196 351 1226; x_wconf 87' lang='lat' dir='ltr'>erat</span> <span class='ocrx_word' id='word_1_172' title='bbox 366 1190 615 1225; x_wconf 87' lang='lat' dir='ltr'>necessarium</span> <span class='ocrx_word' id='word_1_173' title='bbox 633 1190 784 1236; x_wconf 89' lang='lat' dir='ltr'>aliquod</span> <span class='ocrx_word' id='word_1_174' title='bbox 802 1190 1006 1225; x_wconf 89' lang='lat' dir='ltr'>dominium</span> <span class='ocrx_word' id='word_1_175' title='bbox 1025 1189 1143 1224; x_wconf 90' lang='lat' dir='ltr'>civile.</span> <span class='ocrx_word' id='word_1_176' title='bbox 1196 1190 1364 1235; x_wconf 89' lang='lat' dir='ltr'>Nunquit</span> <span class='ocrx_word' id='word_1_177' title='bbox 1381 1196 1504 1224; x_wconf 87' lang='lat' dir='ltr'>autern</span> <span class='ocrx_word' id='word_1_178' title='bbox 1522 1190 1595 1224; x_wconf 89' lang='lat' dir='ltr'>tale</span> 
     </span>
     <span class='ocr_line' id='line_1_19' title="bbox 271 1247 1595 1293; baseline -0.001 -11"><span class='ocrx_word' id='word_1_179' title='bbox 271 1248 476 1282; x_wconf 88' lang='lat' dir='ltr'>dominium</span> <span class='ocrx_word' id='word_1_180' title='bbox 493 1248 560 1283; x_wconf 90' lang='lat' dir='ltr'>fuit</span> <span class='ocrx_word' id='word_1_181' title='bbox 577 1248 815 1293; x_wconf 89' lang='lat' dir='ltr'>postmodum</span> <span class='ocrx_word' id='word_1_182' title='bbox 839 1247 1050 1282; x_wconf 88' lang='lat' dir='ltr'>institutum</span> <span class='ocrx_word' id='word_1_183' title='bbox 1068 1258 1090 1282; x_wconf 90' lang='lat' dir='ltr'>a</span> <span class='ocrx_word' id='word_1_184' title='bbox 1108 1248 1202 1291; x_wconf 91' lang='lat' dir='ltr'>Deo,</span> <span class='ocrx_word' id='word_1_185' title='bbox 1222 1254 1256 1282; x_wconf 92' lang='lat' dir='ltr'>et</span> <span class='ocrx_word' id='word_1_186' title='bbox 1274 1258 1347 1292; x_wconf 90' lang='lat' dir='ltr'>quo</span> <span class='ocrx_word' id='word_1_187' title='bbox 1368 1253 1533 1291; x_wconf 89' lang='lat' dir='ltr'>tempore</span> <span class='ocrx_word' id='word_1_188' title='bbox 1559 1253 1595 1281; x_wconf 88' lang='lat' dir='ltr'>et</span> 
     </span>
     <span class='ocr_line' id='line_1_20' title="bbox 270 1304 1595 1351; baseline -0.002 -11"><span class='ocrx_word' id='word_1_189' title='bbox 270 1311 422 1351; x_wconf 89' lang='lat' dir='ltr'>propter</span> <span class='ocrx_word' id='word_1_190' title='bbox 446 1317 557 1351; x_wconf 89' lang='lat' dir='ltr'>quam</span> <span class='ocrx_word' id='word_1_191' title='bbox 582 1306 867 1349; x_wconf 81' lang='lat' dir='ltr'>necessitatem3</span> <span class='ocrx_word' id='word_1_192' title='bbox 895 1312 956 1340; x_wconf 91' lang='lat' dir='ltr'>aut</span> <span class='ocrx_word' id='word_1_193' title='bbox 983 1317 1006 1339; x_wconf 94' lang='lat' dir='ltr'>a</span> <span class='ocrx_word' id='word_1_194' title='bbox 1031 1306 1114 1340; x_wconf 95' lang='lat' dir='ltr'>Deo</span> <span class='ocrx_word' id='word_1_195' title='bbox 1140 1311 1203 1339; x_wconf 90' lang='lat' dir='ltr'>aut</span> <span class='ocrx_word' id='word_1_196' title='bbox 1228 1305 1275 1339; x_wconf 92' lang='lat' dir='ltr'>ab</span> <span class='ocrx_word' id='word_1_197' title='bbox 1303 1304 1527 1347; x_wconf 86' lang='lat' dir='ltr'>hominibus,</span> <span class='ocrx_word' id='word_1_198' title='bbox 1546 1316 1595 1339; x_wconf 93' lang='lat' dir='ltr'>an</span> 
     </span>
     <span class='ocr_line' id='line_1_21' title="bbox 219 1362 1595 1408; baseline -0.001 -10"><span class='ocrx_word' id='word_1_199' title='bbox 219 1377 258 1399; x_wconf 88' lang='lat'>20</span> <span class='ocrx_word' id='word_1_200' title='bbox 271 1374 337 1408; x_wconf 86' lang='lat' dir='ltr'>per</span> <span class='ocrx_word' id='word_1_201' title='bbox 353 1363 588 1406; x_wconf 85' lang='lat' dir='ltr'>tirannidem,</span> <span class='ocrx_word' id='word_1_202' title='bbox 607 1364 723 1398; x_wconf 86' lang='lat' dir='ltr'>fuerat</span> <span class='ocrx_word' id='word_1_203' title='bbox 740 1362 909 1408; x_wconf 86' lang='lat' dir='ltr'>primitus</span> <span class='ocrx_word' id='word_1_204' title='bbox 936 1362 1183 1397; x_wconf 88' lang='lat' dir='ltr'>interductum</span> <span class='ocrx_word' id='word_1_205' title='bbox 1202 1362 1307 1397; x_wconf 86' lang='lat' dir='ltr'>civile</span> <span class='ocrx_word' id='word_1_206' title='bbox 1325 1362 1542 1405; x_wconf 89' lang='lat' dir='ltr'>dominium,</span> <span class='ocrx_word' id='word_1_207' title='bbox 1559 1369 1595 1397; x_wconf 90' lang='lat' dir='ltr'>et</span> 
     </span>
     <span class='ocr_line' id='line_1_22' title="bbox 271 1421 1595 1465; baseline -0.002 -10"><span class='ocrx_word' id='word_1_208' title='bbox 271 1432 294 1455; x_wconf 91' lang='lat' dir='ltr'>a</span> <span class='ocrx_word' id='word_1_209' title='bbox 326 1421 408 1455; x_wconf 93' lang='lat' dir='ltr'>Deo</span> <span class='ocrx_word' id='word_1_210' title='bbox 436 1421 673 1465; x_wconf 87' lang='lat' dir='ltr'>postmodum</span> <span class='ocrx_word' id='word_1_211' title='bbox 700 1422 906 1455; x_wconf 88' lang='lat' dir='ltr'>tolleratum</span> <span class='ocrx_word' id='word_1_212' title='bbox 935 1432 983 1455; x_wconf 91' lang='lat' dir='ltr'>an</span> <span class='ocrx_word' id='word_1_213' title='bbox 1016 1421 1263 1464; x_wconf 87' lang='lat' dir='ltr'>approbatum</span> <span class='ocrx_word' id='word_1_214' title='bbox 1296 1431 1344 1454; x_wconf 92' lang='lat' dir='ltr'>an</span> <span class='ocrx_word' id='word_1_215' title='bbox 1378 1426 1595 1464; x_wconf 89' lang='lat' dir='ltr'>preceptum</span> 
     </span>
     <span class='ocr_line' id='line_1_23' title="bbox 270 1476 1595 1523; baseline -0.002 -11"><span class='ocrx_word' id='word_1_216' title='bbox 270 1478 454 1523; x_wconf 87' lang='lat' dir='ltr'>aliquibus</span> <span class='ocrx_word' id='word_1_217' title='bbox 478 1478 660 1522; x_wconf 87' lang='lat' dir='ltr'>gentibus,</span> <span class='ocrx_word' id='word_1_218' title='bbox 686 1489 771 1513; x_wconf 89' lang='lat' dir='ltr'>cum·</span> <span class='ocrx_word' id='word_1_219' title='bbox 797 1479 843 1513; x_wconf 88' lang='lat' dir='ltr'>de</span> <span class='ocrx_word' id='word_1_220' title='bbox 867 1478 930 1513; x_wconf 91' lang='lat' dir='ltr'>tali</span> <span class='ocrx_word' id='word_1_221' title='bbox 957 1477 1121 1512; x_wconf 86' lang='lat' dir='ltr'>dominio</span> <span class='ocrx_word' id='word_1_222' title='bbox 1148 1477 1242 1512; x_wconf 86' lang='lat' dir='ltr'>infra</span> <span class='ocrx_word' id='word_1_223' title='bbox 1267 1477 1303 1512; x_wconf 91' lang='lat' dir='ltr'>in</span> <span class='ocrx_word' id='word_1_224' title='bbox 1330 1483 1459 1522; x_wconf 91' lang='lat' dir='ltr'>quarto</span> <span class='ocrx_word' id='word_1_225' title='bbox 1485 1476 1595 1511; x_wconf 90' lang='lat' dir='ltr'>huius</span> 
     </span>
     <span class='ocr_line' id='line_1_24' title="bbox 54 1534 1593 1580; baseline -0.001 -9"><span class='ocrx_word' id='word_1_226' title='bbox 54 1540 118 1571; x_wconf 80' lang='lat' dir='ltr'>tibi</span> <span class='ocrx_word' id='word_1_227' title='bbox 131 1551 196 1571; x_wconf 91' lang='lat' dir='ltr'>om.</span> <span class='ocrx_word' id='word_1_228' title='bbox 209 1548 247 1571; x_wconf 91' lang='lat' dir='ltr'>M.</span> <span class='ocrx_word' id='word_1_229' title='bbox 270 1535 498 1579; x_wconf 83' lang='lat' dir='ltr'>tractabitur,</span> <span class='ocrx_word' id='word_1_230' title='bbox 524 1535 601 1579; x_wconf 88' lang='lat' dir='ltr'>tibi,</span> <span class='ocrx_word' id='word_1_231' title='bbox 628 1536 659 1570; x_wconf 91' lang='lat' dir='ltr'>si</span> <span class='ocrx_word' id='word_1_232' title='bbox 686 1535 724 1570; x_wconf 91' lang='lat' dir='ltr'>id</span> <span class='ocrx_word' id='word_1_233' title='bbox 753 1535 1003 1571; x_wconf 89' lang='lat' dir='ltr'>necessarium</span> <span class='ocrx_word' id='word_1_234' title='bbox 1029 1534 1131 1580; x_wconf 89' lang='lat' dir='ltr'>operi</span> <span class='ocrx_word' id='word_1_235' title='bbox 1157 1541 1285 1570; x_wconf 88' lang='lat' dir='ltr'>nostro</span> <span class='ocrx_word' id='word_1_236' title='bbox 1314 1534 1475 1580; x_wconf 89' lang='lat' dir='ltr'>presenti</span> <span class='ocrx_word' id='word_1_237' title='bbox 1505 1545 1593 1569; x_wconf 90' lang='lat' dir='ltr'>cen-</span> 
     </span>
     <span class='ocr_line' id='line_1_25' title="bbox 53 1583 775 1639; baseline 0 -11"><span class='ocrx_word' id='word_1_238' title='bbox 53 1583 104 1614; x_wconf 82' lang='lat' dir='ltr'>si:</span> <span class='ocrx_word' id='word_1_239' title='bbox 127 1589 173 1615; x_wconf 83' lang='lat' dir='ltr'>set</span> <span class='ocrx_word' id='word_1_240' title='bbox 188 1592 219 1616; x_wconf 83' lang='grc' dir='ltr'>Β·</span> <span class='ocrx_word' id='word_1_241' title='bbox 271 1593 399 1637; x_wconf 77' lang='lat' dir='ltr'>suetis,</span> <span class='ocrx_word' id='word_1_242' title='bbox 417 1593 565 1629; x_wconf 78' lang='lat' dir='ltr'>li*cebit</span> <span class='ocrx_word' id='word_1_243' title='bbox 584 1593 775 1639; x_wconf 89' lang='lat' dir='ltr'>inquirere.</span> 
     </span>
     <span class='ocr_line' id='line_1_26' title="bbox 221 1634 1594 1695; baseline -0.001 -10"><span class='ocrx_word' id='word_1_244' title='bbox 221 1634 254 1663; x_wconf 79' lang='lat' dir='ltr'><strong>D</strong></span> <span class='ocrx_word' id='word_1_245' title='bbox 318 1652 408 1687; x_wconf 90' lang='lat' dir='ltr'>IOH.</span> <span class='ocrx_word' id='word_1_246' title='bbox 435 1651 497 1686; x_wconf 90' lang='lat' dir='ltr'>Sic</span> <span class='ocrx_word' id='word_1_247' title='bbox 531 1651 617 1686; x_wconf 90' lang='lat' dir='ltr'>fiat:</span> <span class='ocrx_word' id='word_1_248' title='bbox 661 1658 716 1686; x_wconf 90' lang='lat' dir='ltr'>set</span> <span class='ocrx_word' id='word_1_249' title='bbox 748 1662 833 1685; x_wconf 90' lang='lat' dir='ltr'>cum</span> <span class='ocrx_word' id='word_1_250' title='bbox 867 1650 1058 1695; x_wconf 88' lang='lat' dir='ltr'>Scriptura</span> <span class='ocrx_word' id='word_1_251' title='bbox 1090 1650 1274 1695; x_wconf 86' lang='lat' dir='ltr'>premissa</span> <span class='ocrx_word' id='word_1_252' title='bbox 1305 1649 1485 1694; x_wconf 83' lang='lat' dir='ltr'>exprimat</span> <span class='ocrx_word' id='word_1_253' title='bbox 1525 1650 1594 1684; x_wconf 91' lang='lat' dir='ltr'>isto</span> 
     </span>
     <span class='ocr_line' id='line_1_27' title="bbox 268 1708 1594 1753; baseline -0.002 -9"><span class='ocrx_word' id='word_1_254' title='bbox 268 1710 393 1753; x_wconf 88' lang='lat' dir='ltr'>modo,</span> <span class='ocrx_word' id='word_1_255' title='bbox 417 1708 508 1744; x_wconf 83' lang='lat' dir='ltr'>Non</span> <span class='ocrx_word' id='word_1_256' title='bbox 531 1710 629 1744; x_wconf 81' lang='lat' dir='ltr'>enim</span> <span class='ocrx_word' id='word_1_257' title='bbox 656 1714 690 1744; x_wconf 81' lang='lat' dir='ltr'>te</span> <span class='ocrx_word' id='word_1_258' title='bbox 714 1709 934 1752; x_wconf 76' lang='lat' dir='ltr'>abiecerunt,</span> <span class='ocrx_word' id='word_1_259' title='bbox 960 1713 1015 1743; x_wconf 74' lang='lat' dir='ltr'>set</span> <span class='ocrx_word' id='word_1_260' title='bbox 1042 1719 1108 1752; x_wconf 80' lang='lat' dir='ltr'>me,</span> <span class='ocrx_word' id='word_1_261' title='bbox 1135 1719 1180 1742; x_wconf 81' lang='lat' dir='ltr'>ne</span> <span class='ocrx_word' id='word_1_262' title='bbox 1208 1718 1356 1753; x_wconf 78' lang='lat' dir='ltr'>regnem</span> <span class='ocrx_word' id='word_1_263' title='bbox 1385 1710 1500 1753; x_wconf 72' lang='lat' dir='ltr'>super</span> <span class='ocrx_word' id='word_1_264' title='bbox 1524 1719 1594 1750; x_wconf 84' lang='lat' dir='ltr'>eos,</span> 
     </span>
     <span class='ocr_line' id='line_1_28' title="bbox 268 1766 1178 1812; baseline -0.001 -11"><span class='ocrx_word' id='word_1_265' title='bbox 268 1767 414 1802; x_wconf 88' lang='lat' dir='ltr'>videtur</span> <span class='ocrx_word' id='word_1_266' title='bbox 430 1767 529 1812; x_wconf 88' lang='lat' dir='ltr'>quod</span> <span class='ocrx_word' id='word_1_267' title='bbox 547 1767 677 1802; x_wconf 90' lang='lat' dir='ltr'>saltem</span> <span class='ocrx_word' id='word_1_268' title='bbox 695 1778 820 1811; x_wconf 84' lang='lat' dir='ltr'>regem</span> <span class='ocrx_word' id='word_1_269' title='bbox 839 1767 961 1801; x_wconf 90' lang='lat' dir='ltr'>Deum</span> <span class='ocrx_word' id='word_1_270' title='bbox 979 1766 1178 1800; x_wconf 88' lang='lat' dir='ltr'>habebant.</span> 
     </span>
     <span class='ocr_line' id='line_1_29' title="bbox 317 1822 1593 1866; baseline -0.002 -7"><span class='ocrx_word' id='word_1_271' title='bbox 317 1826 404 1859; x_wconf 90' lang='lat' dir='ltr'>RIC.</span> <span class='ocrx_word' id='word_1_272' title='bbox 429 1825 568 1859; x_wconf 86' lang='lat' dir='ltr'>Verum</span> <span class='ocrx_word' id='word_1_273' title='bbox 591 1825 780 1866; x_wconf 79' lang='lat' dir='ltr'>affirmas3</span> <span class='ocrx_word' id='word_1_274' title='bbox 807 1830 843 1859; x_wconf 84' lang='lat' dir='ltr'>et</span> <span class='ocrx_word' id='word_1_275' title='bbox 868 1825 971 1858; x_wconf 89' lang='lat' dir='ltr'>Deus</span> <span class='ocrx_word' id='word_1_276' title='bbox 996 1823 1115 1858; x_wconf 90' lang='lat' dir='ltr'>eciam</span> <span class='ocrx_word' id='word_1_277' title='bbox 1140 1822 1304 1866; x_wconf 89' lang='lat' dir='ltr'>civiliter,</span> <span class='ocrx_word' id='word_1_278' title='bbox 1323 1822 1473 1866; x_wconf 86' lang='lat' dir='ltr'>scilicet,</span> <span class='ocrx_word' id='word_1_279' title='bbox 1493 1822 1593 1857; x_wconf 85' lang='lat' dir='ltr'>iuxta</span> 
     </span>
     <span class='ocr_line' id='line_1_30' title="bbox 271 1879 1593 1927; baseline -0.002 -10"><span class='ocrx_word' id='word_1_280' title='bbox 271 1882 371 1926; x_wconf 88' lang='lat' dir='ltr'>leges</span> <span class='ocrx_word' id='word_1_281' title='bbox 400 1881 536 1926; x_wconf 89' lang='lat' dir='ltr'>civiles,</span> <span class='ocrx_word' id='word_1_282' title='bbox 560 1893 652 1927; x_wconf 88' lang='lat' dir='ltr'>quas</span> <span class='ocrx_word' id='word_1_283' title='bbox 679 1893 745 1927; x_wconf 89' lang='lat' dir='ltr'>per</span> <span class='ocrx_word' id='word_1_284' title='bbox 773 1884 944 1926; x_wconf 86' lang='lat' dir='ltr'>Moysem</span> <span class='ocrx_word' id='word_1_285' title='bbox 968 1882 1022 1916; x_wconf 91' lang='lat' dir='ltr'>eis</span> <span class='ocrx_word' id='word_1_286' title='bbox 1047 1880 1210 1924; x_wconf 88' lang='lat' dir='ltr'>tradidit,</span> <span class='ocrx_word' id='word_1_287' title='bbox 1237 1891 1301 1915; x_wconf 88' lang='lat' dir='ltr'>eos</span> <span class='ocrx_word' id='word_1_288' title='bbox 1328 1879 1439 1923; x_wconf 83' lang='lat' dir='ltr'>rexit3</span> <span class='ocrx_word' id='word_1_289' title='bbox 1469 1886 1505 1915; x_wconf 90' lang='lat' dir='ltr'>et</span> <span class='ocrx_word' id='word_1_290' title='bbox 1532 1892 1593 1915; x_wconf 86' lang='lat' dir='ltr'>rex</span> 
     </span>
     <span class='ocr_line' id='line_1_31' title="bbox 216 1937 1592 1984; baseline -0.001 -10"><span class='ocrx_word' id='word_1_291' title='bbox 216 1947 257 1978; x_wconf 82' lang='lat'>30</span> <span class='ocrx_word' id='word_1_292' title='bbox 271 1939 449 1975; x_wconf 87' lang='lat' dir='ltr'>veraciter</span> <span class='ocrx_word' id='word_1_293' title='bbox 469 1945 548 1975; x_wconf 90' lang='lat' dir='ltr'>erat</span> <span class='ocrx_word' id='word_1_294' title='bbox 574 1939 749 1984; x_wconf 85' lang='lat' dir='ltr'>ipsorum,</span> <span class='ocrx_word' id='word_1_295' title='bbox 767 1940 910 1975; x_wconf 91' lang='lat' dir='ltr'>habens</span> <span class='ocrx_word' id='word_1_296' title='bbox 936 1939 1088 1984; x_wconf 89' lang='lat' dir='ltr'>plenum</span> <span class='ocrx_word' id='word_1_297' title='bbox 1106 1938 1313 1973; x_wconf 88' lang='lat' dir='ltr'>dominium</span> <span class='ocrx_word' id='word_1_298' title='bbox 1331 1938 1367 1972; x_wconf 88' lang='lat' dir='ltr'>in</span> <span class='ocrx_word' id='word_1_299' title='bbox 1386 1937 1476 1983; x_wconf 88' lang='lat' dir='ltr'>ipsis</span> <span class='ocrx_word' id='word_1_300' title='bbox 1495 1944 1531 1973; x_wconf 94' lang='lat' dir='ltr'>et</span> <span class='ocrx_word' id='word_1_301' title='bbox 1555 1938 1592 1972; x_wconf 89' lang='lat' dir='ltr'>in</span> 
     </span>
    </p>
   </div>
   <div class='ocr_carea' id='block_1_3' title="bbox 271 1997 724 2033">
    <p class='ocr_par' dir='ltr' id='par_1_3' title="bbox 271 1997 724 2033">
     <span class='ocr_line' id='line_1_32' title="bbox 271 1997 724 2033; baseline 0 -1"><span class='ocrx_word' id='word_1_302' title='bbox 271 1997 444 2033; x_wconf 87' lang='lat' dir='ltr'>omnibus</span> <span class='ocrx_word' id='word_1_303' title='bbox 462 1997 570 2033; x_wconf 90' lang='lat' dir='ltr'>bonis</span> <span class='ocrx_word' id='word_1_304' title='bbox 586 2006 724 2033; x_wconf 87' lang='lat' dir='ltr'>eorum.</span> 
     </span>
    </p>
   </div>
   <div class='ocr_carea' id='block_1_4' title="bbox 267 2108 1856 2271">
    <p class='ocr_par' dir='ltr' id='par_1_4' title="bbox 267 2108 1856 2271">
     <span class='ocr_line' id='line_1_33' title="bbox 318 2108 1749 2156; baseline 0 -11"><span class='ocrx_word' id='word_1_305' title='bbox 318 2112 545 2146; x_wconf 83' lang='lat' dir='ltr'><strong>IOHANNES.</strong></span> <span class='ocrx_word' id='word_1_306' title='bbox 561 2110 696 2145; x_wconf 87' lang='lat' dir='ltr'>Adhuc</span> <span class='ocrx_word' id='word_1_307' title='bbox 709 2122 782 2146; x_wconf 92' lang='lat' dir='ltr'>non</span> <span class='ocrx_word' id='word_1_308' title='bbox 797 2122 840 2146; x_wconf 85' lang='lat' dir='ltr'>ex</span> <span class='ocrx_word' id='word_1_309' title='bbox 851 2116 929 2146; x_wconf 89' lang='lat' dir='ltr'>toto</span> <span class='ocrx_word' id='word_1_310' title='bbox 941 2111 1103 2156; x_wconf 89' lang='lat' dir='ltr'>quietor;</span> <span class='ocrx_word' id='word_1_311' title='bbox 1121 2109 1297 2155; x_wconf 89' lang='lat' dir='ltr'>quoniam</span> <span class='ocrx_word' id='word_1_312' title='bbox 1310 2108 1339 2144; x_wconf 91' lang='lat' dir='ltr'>si</span> <span class='ocrx_word' id='word_1_313' title='bbox 1354 2108 1461 2154; x_wconf 90' lang='lat' dir='ltr'>primi</span> <span class='ocrx_word' id='word_1_314' title='bbox 1476 2108 1591 2143; x_wconf 90' lang='lat' dir='ltr'>nostri</span> <span class='ocrx_word' id='word_1_315' title='bbox 1604 2114 1749 2145; x_wconf 89' lang='lat' dir='ltr'>XXVII.</span> 
     </span>
     <span class='ocr_line' id='line_1_34' title="bbox 268 2164 1856 2224; baseline -0.003 -21"><span class='ocrx_word' id='word_1_316' title='bbox 268 2175 451 2213; x_wconf 88' lang='lat' dir='ltr'>parentes,</span> <span class='ocrx_word' id='word_1_317' title='bbox 475 2175 514 2203; x_wconf 91' lang='lat' dir='ltr'>ut</span> <span class='ocrx_word' id='word_1_318' title='bbox 531 2168 675 2203; x_wconf 89' lang='lat' dir='ltr'>videtur</span> <span class='ocrx_word' id='word_1_319' title='bbox 698 2168 816 2202; x_wconf 87' lang='lat' dir='ltr'>doctis</span> <span class='ocrx_word' id='word_1_320' title='bbox 842 2175 877 2202; x_wconf 92' lang='lat' dir='ltr'>et</span> <span class='ocrx_word' id='word_1_321' title='bbox 903 2167 1040 2202; x_wconf 88' lang='lat' dir='ltr'>sanctis</span> <span class='ocrx_word' id='word_1_322' title='bbox 1065 2166 1290 2210; x_wconf 88' lang='lat' dir='ltr'>horninibus,</span> <span class='ocrx_word' id='word_1_323' title='bbox 1312 2166 1349 2200; x_wconf 90' lang='lat' dir='ltr'>in</span> <span class='ocrx_word' id='word_1_324' title='bbox 1375 2165 1590 2200; x_wconf 87' lang='lat' dir='ltr'>innocencia</span> <span class='ocrx_word' id='word_1_325' title='bbox 1603 2164 1856 2224; x_wconf 49' lang='grc' dir='ltr'>ζῖῐῗξεὲῖξέἕίῗὲω</span> 
     </span>
     <span class='ocr_line' id='line_1_35' title="bbox 267 2223 1802 2271; baseline -0.003 -10"><span class='ocrx_word' id='word_1_326' title='bbox 267 2226 570 2271; x_wconf 89' lang='lat' dir='ltr'>permansissent,</span> <span class='ocrx_word' id='word_1_327' title='bbox 605 2225 674 2271; x_wconf 88' lang='lat' dir='ltr'>ipsi</span> <span class='ocrx_word' id='word_1_328' title='bbox 708 2237 791 2260; x_wconf 89' lang='lat' dir='ltr'>cum</span> <span class='ocrx_word' id='word_1_329' title='bbox 826 2231 903 2260; x_wconf 90' lang='lat' dir='ltr'>tota</span> <span class='ocrx_word' id='word_1_330' title='bbox 935 2224 1150 2270; x_wconf 89' lang='lat' dir='ltr'>posteritate</span> <span class='ocrx_word' id='word_1_331' title='bbox 1185 2235 1251 2259; x_wconf 90' lang='lat' dir='ltr'>sua</span> <span class='ocrx_word' id='word_1_332' title='bbox 1284 2223 1321 2258; x_wconf 91' lang='lat' dir='ltr'>in</span> <span class='ocrx_word' id='word_1_333' title='bbox 1349 2235 1416 2259; x_wconf 86' lang='lat' dir='ltr'>sua</span> <span class='ocrx_word' id='word_1_334' title='bbox 1450 2224 1589 2268; x_wconf 85' lang='lat' dir='ltr'>origine</span> <span class='ocrx_word' id='word_1_335' title='bbox 1602 2230 1802 2262; x_wconf 74' lang='lat' dir='ltr'>ofinnocence,</span> 
     </span>
    </p>
   </div>
   <div class='ocr_carea' id='block_1_5' title="bbox 53 2264 1851 2732">
    <p class='ocr_par' dir='ltr' id='par_1_5' title="bbox 215 2264 1851 2444">
     <span class='ocr_line' id='line_1_36' title="bbox 215 2264 1851 2330; baseline -0.002 -12"><span class='ocrx_word' id='word_1_336' title='bbox 215 2293 254 2325; x_wconf 81' lang='lat'>35</span> <span class='ocrx_word' id='word_1_337' title='bbox 267 2283 423 2318; x_wconf 87' lang='lat' dir='ltr'>fuissent</span> <span class='ocrx_word' id='word_1_338' title='bbox 442 2283 479 2317; x_wconf 90' lang='lat' dir='ltr'>in</span> <span class='ocrx_word' id='word_1_339' title='bbox 494 2283 638 2318; x_wconf 89' lang='lat' dir='ltr'>iusticia</span> <span class='ocrx_word' id='word_1_340' title='bbox 651 2282 867 2326; x_wconf 86' lang='lat' dir='ltr'>confirmati,</span> <span class='ocrx_word' id='word_1_341' title='bbox 880 2283 979 2328; x_wconf 88' lang='lat' dir='ltr'>quod</span> <span class='ocrx_word' id='word_1_342' title='bbox 992 2282 1148 2327; x_wconf 88' lang='lat' dir='ltr'>amplius</span> <span class='ocrx_word' id='word_1_343' title='bbox 1162 2293 1317 2326; x_wconf 89' lang='lat' dir='ltr'>peccare</span> <span class='ocrx_word' id='word_1_344' title='bbox 1333 2293 1407 2316; x_wconf 91' lang='lat' dir='ltr'>non</span> <span class='ocrx_word' id='word_1_345' title='bbox 1422 2287 1587 2326; x_wconf 85' lang='lat' dir='ltr'>possunt,</span> <span class='ocrx_word' id='word_1_346' title='bbox 1601 2273 1676 2323; x_wconf 46' lang='lat'>{232³</span> <span class='ocrx_word' id='word_1_347' title='bbox 1687 2264 1851 2330; x_wconf 47' lang='grc' dir='ltr'>ζνθζῗιιῖἷζῖη</span> 
     </span>
     <span class='ocr_line' id='line_1_37' title="bbox 269 2330 1803 2395; baseline -0.001 -20"><span class='ocrx_word' id='word_1_348' title='bbox 269 2340 361 2375; x_wconf 90' lang='lat' dir='ltr'>sicut</span> <span class='ocrx_word' id='word_1_349' title='bbox 389 2341 572 2376; x_wconf 89' lang='lat' dir='ltr'>credimus</span> <span class='ocrx_word' id='word_1_350' title='bbox 606 2340 643 2375; x_wconf 91' lang='lat' dir='ltr'>in</span> <span class='ocrx_word' id='word_1_351' title='bbox 677 2341 817 2385; x_wconf 88' lang='lat' dir='ltr'>angelis</span> <span class='ocrx_word' id='word_1_352' title='bbox 851 2352 932 2376; x_wconf 88' lang='lat' dir='ltr'>esse</span> <span class='ocrx_word' id='word_1_353' title='bbox 965 2341 1104 2375; x_wconf 88' lang='lat' dir='ltr'>factum</span> <span class='ocrx_word' id='word_1_354' title='bbox 1119 2351 1127 2383; x_wconf 83' lang='lat'><em>3</em></span> <span class='ocrx_word' id='word_1_355' title='bbox 1164 2345 1200 2374; x_wconf 91' lang='lat' dir='ltr'>et</span> <span class='ocrx_word' id='word_1_356' title='bbox 1235 2339 1287 2374; x_wconf 85' lang='lat' dir='ltr'>sic</span> <span class='ocrx_word' id='word_1_357' title='bbox 1314 2339 1417 2384; x_wconf 88' lang='lat' dir='ltr'>sequi</span> <span class='ocrx_word' id='word_1_358' title='bbox 1445 2338 1590 2375; x_wconf 87' lang='lat' dir='ltr'>videtur</span> <span class='ocrx_word' id='word_1_359' title='bbox 1601 2330 1723 2395; x_wconf 51' lang='lat' dir='ltr'>{3}er</span> <span class='ocrx_word' id='word_1_360' title='bbox 1737 2340 1803 2357; x_wconf 56' lang='lat'>‘³⁸⁷²‘</span> 
     </span>
     <span class='ocr_line' id='line_1_38' title="bbox 268 2397 1534 2444; baseline -0.002 -11"><span class='ocrx_word' id='word_1_361' title='bbox 268 2399 368 2444; x_wconf 91' lang='lat' dir='ltr'>quod</span> <span class='ocrx_word' id='word_1_362' title='bbox 385 2399 507 2434; x_wconf 91' lang='lat' dir='ltr'>nullus</span> <span class='ocrx_word' id='word_1_363' title='bbox 524 2410 650 2434; x_wconf 90' lang='lat' dir='ltr'>eorum</span> <span class='ocrx_word' id='word_1_364' title='bbox 667 2399 771 2434; x_wconf 87' lang='lat' dir='ltr'>alteri</span> <span class='ocrx_word' id='word_1_365' title='bbox 790 2399 952 2443; x_wconf 86' lang='lat' dir='ltr'>prelatus</span> <span class='ocrx_word' id='word_1_366' title='bbox 969 2397 1109 2432; x_wconf 90' lang='lat' dir='ltr'>fuisset.</span> <span class='ocrx_word' id='word_1_367' title='bbox 1161 2397 1262 2440; x_wconf 89' lang='lat' dir='ltr'>Quid</span> <span class='ocrx_word' id='word_1_368' title='bbox 1279 2397 1344 2431; x_wconf 90' lang='lat' dir='ltr'>tibi</span> <span class='ocrx_word' id='word_1_369' title='bbox 1363 2397 1534 2431; x_wconf 91' lang='lat' dir='ltr'>videtur?</span> 
     </span>
    </p>

    <p class='ocr_par' dir='ltr' id='par_1_6' title="bbox 53 2454 1812 2558">
     <span class='ocr_line' id='line_1_39' title="bbox 53 2454 1802 2501; baseline -0.001 -13"><span class='ocrx_word' id='word_1_370' title='bbox 53 2462 120 2489; x_wconf 81' lang='lat' dir='ltr'>stet.</span> <span class='ocrx_word' id='word_1_371' title='bbox 135 2467 145 2488; x_wconf 94' lang='grc'>.·</span> <span class='ocrx_word' id='word_1_372' title='bbox 171 2458 255 2499; x_wconf 84' lang='lat' dir='ltr'>fece-</span> <span class='ocrx_word' id='word_1_373' title='bbox 315 2458 542 2491; x_wconf 86' lang='lat' dir='ltr'><strong>RICARDUS.</strong></span> <span class='ocrx_word' id='word_1_374' title='bbox 554 2457 686 2500; x_wconf 90' lang='lat' dir='ltr'>Angeli</span> <span class='ocrx_word' id='word_1_375' title='bbox 694 2456 754 2501; x_wconf 91' lang='lat' dir='ltr'>qui</span> <span class='ocrx_word' id='word_1_376' title='bbox 764 2456 799 2490; x_wconf 90' lang='lat' dir='ltr'>in</span> <span class='ocrx_word' id='word_1_377' title='bbox 811 2455 930 2500; x_wconf 88' lang='lat' dir='ltr'>prima</span> <span class='ocrx_word' id='word_1_378' title='bbox 940 2455 1186 2500; x_wconf 86' lang='lat' dir='ltr'>temptacione</span> <span class='ocrx_word' id='word_1_379' title='bbox 1198 2460 1374 2489; x_wconf 90' lang='lat' dir='ltr'>steterunt</span> <span class='ocrx_word' id='word_1_380' title='bbox 1387 2454 1588 2489; x_wconf 90' lang='lat' dir='ltr'>itafuerunt</span> <span class='ocrx_word' id='word_1_381' title='bbox 1600 2469 1670 2486; x_wconf 82' lang='lat' dir='ltr'>even</span> <span class='ocrx_word' id='word_1_382' title='bbox 1683 2469 1714 2486; x_wconf 80' lang='lat' dir='ltr'>as</span> <span class='ocrx_word' id='word_1_383' title='bbox 1727 2469 1802 2487; x_wconf 82' lang='lat' dir='ltr'>some</span> 
     </span>
     <span class='ocr_line' id='line_1_40' title="bbox 54 2494 1812 2558; baseline -0.002 -9"><span class='ocrx_word' id='word_1_384' title='bbox 54 2506 137 2533; x_wconf 82' lang='lat' dir='ltr'>runt</span> <span class='ocrx_word' id='word_1_385' title='bbox 152 2509 182 2532; x_wconf 76' lang='lat' dir='ltr'>B·</span> <span class='ocrx_word' id='word_1_386' title='bbox 270 2515 305 2549; x_wconf 88' lang='lat' dir='ltr'>in</span> <span class='ocrx_word' id='word_1_387' title='bbox 323 2514 467 2549; x_wconf 88' lang='lat' dir='ltr'>iusticia</span> <span class='ocrx_word' id='word_1_388' title='bbox 484 2514 689 2548; x_wconf 88' lang='lat' dir='ltr'>confirmati</span> <span class='ocrx_word' id='word_1_389' title='bbox 708 2514 807 2558; x_wconf 88' lang='lat' dir='ltr'>quod</span> <span class='ocrx_word' id='word_1_390' title='bbox 826 2513 862 2547; x_wconf 90' lang='lat' dir='ltr'>in</span> <span class='ocrx_word' id='word_1_391' title='bbox 885 2520 1052 2548; x_wconf 89' lang='lat' dir='ltr'>eternum</span> <span class='ocrx_word' id='word_1_392' title='bbox 1073 2523 1226 2557; x_wconf 90' lang='lat' dir='ltr'>peccare</span> <span class='ocrx_word' id='word_1_393' title='bbox 1249 2523 1323 2545; x_wconf 90' lang='lat' dir='ltr'>non</span> <span class='ocrx_word' id='word_1_394' title='bbox 1345 2518 1500 2556; x_wconf 80' lang='lat' dir='ltr'>possunt</span> <span class='ocrx_word' id='word_1_395' title='bbox 1517 2523 1525 2555; x_wconf 93' lang='grc'>;</span> <span class='ocrx_word' id='word_1_396' title='bbox 1551 2519 1586 2546; x_wconf 90' lang='lat' dir='ltr'>et</span> <span class='ocrx_word' id='word_1_397' title='bbox 1598 2494 1812 2555; x_wconf 51' lang='grc' dir='ltr'>ἓῗέξξῑξζῗςῗεῐ</span> 
     </span>
    </p>

    <p class='ocr_par' dir='ltr' id='par_1_7' title="bbox 213 2569 1586 2618">
     <span class='ocr_line' id='line_1_41' title="bbox 213 2569 1586 2618; baseline -0.002 -12"><span class='ocrx_word' id='word_1_398' title='bbox 213 2585 256 2618; x_wconf 88' lang='lat'>40</span> <span class='ocrx_word' id='word_1_399' title='bbox 269 2579 393 2607; x_wconf 89' lang='lat' dir='ltr'>tamen</span> <span class='ocrx_word' id='word_1_400' title='bbox 422 2571 532 2616; x_wconf 91' lang='lat' dir='ltr'>aliqui</span> <span class='ocrx_word' id='word_1_401' title='bbox 558 2583 685 2606; x_wconf 88' lang='lat' dir='ltr'>eorum</span> <span class='ocrx_word' id='word_1_402' title='bbox 710 2570 791 2606; x_wconf 88' lang='lat' dir='ltr'>aliis</span> <span class='ocrx_word' id='word_1_403' title='bbox 818 2577 902 2605; x_wconf 90' lang='lat' dir='ltr'>sunt</span> <span class='ocrx_word' id='word_1_404' title='bbox 928 2569 1069 2615; x_wconf 89' lang='lat' dir='ltr'>prelati,</span> <span class='ocrx_word' id='word_1_405' title='bbox 1097 2570 1196 2604; x_wconf 87' lang='lat' dir='ltr'>iuxta</span> <span class='ocrx_word' id='word_1_406' title='bbox 1223 2569 1461 2614; x_wconf 89' lang='lat' dir='ltr'>Scripturam‚</span> <span class='ocrx_word' id='word_1_407' title='bbox 1489 2570 1586 2603; x_wconf 91' lang='lat' dir='ltr'>Dan.</span> 
     </span>
    </p>

    <p class='ocr_par' dir='ltr' id='par_1_8' title="bbox 267 2627 1586 2732">
     <span class='ocr_line' id='line_1_42' title="bbox 267 2627 1586 2673; baseline -0.002 -9"><span class='ocrx_word' id='word_1_408' title='bbox 267 2643 299 2664; x_wconf 86' lang='lat' dir='ltr'>x.</span> <span class='ocrx_word' id='word_1_409' title='bbox 322 2639 361 2673; x_wconf 91' lang='lat'>13</span> <span class='ocrx_word' id='word_1_410' title='bbox 380 2636 414 2664; x_wconf 90' lang='lat' dir='ltr'>et</span> <span class='ocrx_word' id='word_1_411' title='bbox 432 2630 539 2664; x_wconf 90' lang='lat' dir='ltr'>Zach.</span> <span class='ocrx_word' id='word_1_412' title='bbox 558 2629 593 2663; x_wconf 92' lang='lat' dir='ltr'>ii.</span> <span class='ocrx_word' id='word_1_413' title='bbox 611 2635 647 2663; x_wconf 88' lang='lat' dir='ltr'>et</span> <span class='ocrx_word' id='word_1_414' title='bbox 666 2629 702 2663; x_wconf 90' lang='lat' dir='ltr'>iii</span> <span class='ocrx_word' id='word_1_415' title='bbox 719 2640 727 2672; x_wconf 90' lang='lat'>;</span> <span class='ocrx_word' id='word_1_416' title='bbox 745 2635 781 2663; x_wconf 86' lang='lat' dir='ltr'>et</span> <span class='ocrx_word' id='word_1_417' title='bbox 799 2628 916 2663; x_wconf 90' lang='lat' dir='ltr'>eciam</span> <span class='ocrx_word' id='word_1_418' title='bbox 934 2627 1046 2672; x_wconf 90' lang='lat' dir='ltr'>aliqui</span> <span class='ocrx_word' id='word_1_419' title='bbox 1073 2638 1199 2662; x_wconf 88' lang='lat' dir='ltr'>eorum</span> <span class='ocrx_word' id='word_1_420' title='bbox 1217 2627 1298 2661; x_wconf 90' lang='lat' dir='ltr'>aliis</span> <span class='ocrx_word' id='word_1_421' title='bbox 1317 2633 1402 2661; x_wconf 90' lang='lat' dir='ltr'>sunt</span> <span class='ocrx_word' id='word_1_422' title='bbox 1419 2627 1586 2672; x_wconf 89' lang='lat' dir='ltr'>apciores</span> 
     </span>
     <span class='ocr_line' id='line_1_43' title="bbox 268 2684 1071 2732; baseline -0.004 -11"><span class='ocrx_word' id='word_1_423' title='bbox 268 2688 316 2722; x_wconf 90' lang='lat' dir='ltr'>ad</span> <span class='ocrx_word' id='word_1_424' title='bbox 334 2687 508 2732; x_wconf 83' lang='lat' dir='ltr'>regimen,</span> <span class='ocrx_word' id='word_1_425' title='bbox 526 2687 608 2721; x_wconf 88' lang='lat' dir='ltr'>licet</span> <span class='ocrx_word' id='word_1_426' title='bbox 627 2686 698 2721; x_wconf 90' lang='lat' dir='ltr'>sint</span> <span class='ocrx_word' id='word_1_427' title='bbox 716 2686 837 2730; x_wconf 89' lang='lat' dir='ltr'>angeli</span> <span class='ocrx_word' id='word_1_428' title='bbox 856 2684 1071 2720; x_wconf 86' lang='lat' dir='ltr'>confirmati.</span> 
     </span>
    </p>
   </div>
   <div class='ocr_carea' id='block_1_6' title="bbox 319 2741 1585 2843">
    <p class='ocr_par' dir='ltr' id='par_1_9' title="bbox 319 2741 1585 2843">
     <span class='ocr_line' id='line_1_44' title="bbox 319 2741 1585 2789; baseline -0.002 -10"><span class='ocrx_word' id='word_1_429' title='bbox 319 2746 407 2780; x_wconf 84' lang='lat' dir='ltr'><strong>IOH.</strong></span> <span class='ocrx_word' id='word_1_430' title='bbox 434 2744 568 2789; x_wconf 84' lang='lat' dir='ltr'>Angeli</span> <span class='ocrx_word' id='word_1_431' title='bbox 586 2744 646 2789; x_wconf 90' lang='lat' dir='ltr'>qui</span> <span class='ocrx_word' id='word_1_432' title='bbox 666 2750 856 2786; x_wconf 81' lang='lat' dir='ltr'>steterunt,</span> <span class='ocrx_word' id='word_1_433' title='bbox 875 2744 968 2778; x_wconf 92' lang='lat' dir='ltr'>sicut</span> <span class='ocrx_word' id='word_1_434' title='bbox 990 2749 1073 2787; x_wconf 87' lang='lat' dir='ltr'>post</span> <span class='ocrx_word' id='word_1_435' title='bbox 1091 2741 1415 2778; x_wconf 84' lang='lat' dir='ltr'>confirmacionem</span> <span class='ocrx_word' id='word_1_436' title='bbox 1434 2742 1469 2776; x_wconf 89' lang='lat' dir='ltr'>in</span> <span class='ocrx_word' id='word_1_437' title='bbox 1487 2742 1585 2776; x_wconf 92' lang='lat' dir='ltr'>bono</span> 
     </span>
     <span class='ocr_line' id='line_1_45' title="bbox 867 2803 992 2843; baseline 0.016 -2"><span class='ocrx_word' id='word_1_438' title='bbox 867 2811 893 2841; x_wconf 86' lang='lat' dir='ltr'><strong>B</strong></span> <span class='ocrx_word' id='word_1_439' title='bbox 917 2803 944 2842; x_wconf 91' lang='lat' dir='ltr'>b</span> <span class='ocrx_word' id='word_1_440' title='bbox 970 2813 992 2843; x_wconf 80' lang='lat'>2</span> 
     </span>
    </p>
   </div>
  </div>
 </body>
</html>
