2008 3305
188 220 269 258 140
862 218 927 250 DE
960 218 1178 252 DoM1N10
1210 218 1388 252 D1V1No
1577 208 1682 267 [CAP.
1705 223 1791 252 xvr.

467 343 552 369 esse
579 331 685 381 quod
713 332 961 371 diffamantes
990 334 1220 371 miraculum
1244 346 1323 371 non
1344 340 1565 383 peccarunt.
1621 334 1672 372 Et
1691 341 1795 384 patet
1813 339 1911 381 [460

464 402 570 451 quod
599 402 692 439 nihil
723 410 851 452 potest
874 405 1073 453 precipere
1099 404 1205 453 quod
1232 416 1311 441 non
1331 404 1420 441 velit
1438 404 1478 440 in
1502 404 1635 454 aliquo
1654 417 1791 442 secun-

181 473 381 506 prohibitions,
464 472 556 509 dum
586 473 756 521 speciem
786 473 996 522 adimpleri.
1053 473 1103 511 Et
1136 474 1191 512 sic
1225 474 1559 523 prohibicionibus
1594 474 1792 512 iudicatur.

465 541 567 580 Nam
597 543 684 580 licet
713 555 793 580 non
817 542 972 581 voluit*
992 557 1040 581 ne
1070 544 1199 581 Adam
1227 544 1274 581 de
1304 544 1429 581 fructu
1458 543 1653 592 prohibito
1675 542 1838 594 <Gen.D

463 613 499 649 ii.
527 611 589 663 17)
611 613 876 660 manducaret,
892 614 1012 651 voluit
1033 620 1163 651 tamen
1184 614 1291 663 quod
1311 626 1392 651 non
1413 614 1543 651 debuit
1564 614 1790 661 comedisse,
1806 629 1824 661 5

462 695 551 721 cum
572 684 617 721 sit
644 690 775 722 eterna
795 685 933 722 veritas
955 697 1041 721 vere
1068 684 1189 731 iusta;
1220 691 1257 721 et
1277 684 1396 722 voluit
1416 684 1523 734 quod
1553 684 1683 722 debuit
1711 697 1792 723 non

460 761 646 803 gustasse,
663 767 707 792 ac
729 754 835 804 quod
856 755 1048 792 secundus
1065 754 1192 792 Adam
1208 754 1264 792 vel
1285 755 1404 792 iustus
1419 755 1648 792 mandatum
1669 755 1792 792 simile

461 837 542 862 non
574 825 770 863 solvisset:
814 831 851 863 et
883 837 1036 875 semper
1069 825 1240 862 innuitur
1270 824 1504 874 possibilitas
1543 826 1716 875 precepti
1755 833 1792 864 et

461 896 694 933 abstinencie
733 908 755 932 a
785 896 888 933 malo
926 896 1132 945 prohibito,
1165 902 1201 933 et
1241 896 1293 933 sic
1333 896 1492 944 species,
1534 902 1714 945 precepta
1754 903 1791 933 et

459 966 665 1015 prohibita,
694 966 907 1004 secundum
942 966 1134 1015 Scripture
1173 966 1415 1014 exigenciam
1453 965 1624 1011 limitata,
1653 966 1790 1004 tollunt
1806 982 1845 1006 10

458 1037 645 1085 ampullas
681 1036 918 1085 sophisticas,
960 1037 1099 1085 quibus
1137 1037 1282 1074 instant
1321 1036 1426 1086 quod
1464 1043 1689 1085 preceptum
1732 1037 1790 1074 vel

457 1107 706 1156 prohibitum,
728 1119 817 1144 cum
847 1119 927 1144 non
958 1107 1016 1151 sit,
1038 1119 1119 1144 non
1148 1113 1205 1144 est
1235 1107 1544 1155 obligacionibus
1574 1106 1789 1145 fundatum.

179 1182 385 1209 andcounsels.
457 1177 506 1214 Et
536 1177 784 1215 conformiter
805 1178 851 1214 de
873 1178 1034 1215 consilio
1054 1184 1111 1215 est
1132 1177 1353 1215 dicendum.
1409 1176 1469 1214 De
1500 1177 1606 1214 omni
1630 1177 1790 1226 quidem

457 1254 618 1298 peccato
647 1248 838 1297 permisso
868 1254 924 1285 est
953 1240 1084 1285 eterna
1108 1248 1182 1285 Dei
1202 1248 1338 1286 volicio
1363 1254 1404 1284 ut
1428 1247 1556 1296 ipsum
1585 1247 1789 1284 iustissime

456 1319 647 1368 puniatur,
669 1325 706 1356 et
733 1319 778 1356 de
805 1319 914 1356 omni
945 1331 1014 1355 sua
1039 1318 1213 1355 faccione
1243 1318 1302 1356 vel
1329 1330 1447 1367 opere
1477 1318 1592 1355 habet
1618 1324 1789 1355 eternam
1805 1335 1842 1368 15

456 1389 672 1426 volenciam
692 1395 733 1425 ut
753 1389 806 1426 sic
828 1389 903 1425 fiat.
963 1388 1190 1427 Notandum
1212 1395 1343 1425 tamen
1364 1388 1470 1438 quod
1486 1394 1711 1437 preceptum
1732 1388 1789 1425 vel

456 1459 682 1496 mandatum
711 1471 815 1496 nunc
847 1459 1010 1496 sumitur
1037 1471 1108 1508 pro
1129 1459 1273 1505 virtute,
1302 1465 1343 1495 ut
1374 1458 1598 1504 humilitate,
1620 1459 1789 1504 caritate,

455 1530 514 1567 vel
541 1530 635 1575 alia-5
667 1536 704 1567 et
734 1529 800 1566 illa
821 1536 980 1568 vocatur
1010 1531 1140 1578 iugum
1161 1529 1218 1566 vel
1245 1531 1310 1566 lex
1338 1527 1630 1579 Dommz·<Mat.
1651 1529 1699 1566 xi.
1726 1542 1786 1577 29,

460 1600 500 1637 T
494 1601 591 1637 ollz'te
607 1602 734 1648 iugum
752 1613 866 1637 meum
883 1607 992 1648 super
1007 1613 1070 1637 vos
1085 1604 1118 1636 el
1131 1601 1266 1645 discite,
1281 1601 1369 1648 quia
1385 1600 1485 1636 milis
1500 1612 1580 1636 sum
1593 1604 1626 1635 et
1638 1599 1788 1636 lzumz'lz's

454 1671 558 1707 corde
569 1685 587 1715 ‚·
619 1678 656 1708 et
686 1670 770 1708 Ioh.
791 1683 850 1707 xv.
877 1683 934 1715 12,
960 1670 1045 1706 Hoc
1074 1674 1128 1706 est
1147 1674 1357 1718 preceptum
1389 1682 1516 1715 meum,
1548 1673 1591 1706 ul
1619 1670 1785 1718 dz'lzgalz's
1800 1681 1842 1703 20

455 1739 625 1792 invicem)
645 1753 651 1778 τ
683 1748 719 1779 et
739 1741 969 1789 generaliter
990 1741 1253 1789 cuiuscunque
1273 1740 1446 1776 mandati
1467 1739 1586 1777 eterni
1606 1739 1785 1788 implecio

455 1819 513 1850 est
539 1819 776 1861 preceptum.
836 1811 1015 1849 Secundo
1042 1811 1203 1848 sumitur
1227 1816 1453 1860 preceptum
1474 1810 1530 1847 vel
1557 1810 1786 1847 mandatum

454 1895 526 1932 pro
546 1883 702 1920 veritate
723 1882 782 1920 vel
801 1883 886 1931 lege
908 1888 1049 1927 eterna,
1067 1888 1109 1918 ut
1130 1888 1219 1919 sunt
1239 1881 1373 1918 decem
1394 1886 1576 1929 precepta
1597 1880 1783 1929 decalogi,

453 1952 525 1989 Ex.
546 1965 610 1999 xx,
630 1953 726 1990 sicut
743 1952 870 1989 Deum
892 1965 975 1990 esse
997 1951 1204 1990 colendum
1225 1957 1261 1989 et
1280 1952 1456 1989 veritates
1477 1957 1602 1988 cetere
1622 1951 1782 1987 affirma-

453 2024 527 2060 tive
542 2022 560 2042 '¹‘
578 2023 635 2060 vel
656 2023 842 2072 negative.
892 2022 1011 2068 Quod
1027 2028 1155 2060 autem
1176 2028 1403 2071 preceptum
1424 2022 1585 2058 sumitur
1603 2034 1673 2070 pro
1693 2027 1781 2058 actu
1793 2033 1876 2064 47A

454 2093 711 2143 precipientis,
732 2105 803 2142 pro
830 2093 914 2142 ipso
936 2093 1148 2142 supposito,
1170 2093 1228 2130 vel
1252 2093 1411 2129 vibrana
1431 2092 1488 2129 vel
1515 2092 1621 2129 aliter
1649 2091 1781 2129 distra-

452 2164 589 2201 henter
617 2163 973 2212 circumloquendo,
994 2169 1051 2200 est
1082 2163 1131 2200 ad
1158 2175 1315 2200 sensum
1345 2163 1598 2212 equivocum:
1631 2168 1671 2198 ut
1696 2173 1782 2210 pre-

451 2241 607 2283 ceptum
628 2240 685 2271 est
705 2234 831 2272 Adam
856 2233 961 2283 quod
990 2245 1070 2270 non
1101 2233 1322 2270 comederet
1352 2233 1399 2269 de
1425 2232 1549 2269 fructu
1569 2232 1694 2277 vetito,
1718 2232 1783 2268 ubi

450 2304 579 2353 ipsum
604 2317 684 2342 non
704 2304 922 2350 comedere,
942 2316 1031 2341 cum
1052 2316 1133 2341 non
1153 2303 1232 2349 fuit,
1255 2315 1335 2341 non
1362 2303 1484 2340 fuerat
1508 2314 1568 2340 res
1588 2309 1780 2352 precepta,

450 2375 523 2412 nisi
553 2375 651 2413 forte
679 2375 767 2424 quia
794 2375 868 2412 hoc
895 2375 1010 2412 habet
1030 2387 1114 2412 esse
1142 2374 1390 2423 intelligibile,
1415 2380 1451 2410 et
1471 2373 1680 2423 precipitur
1699 2373 1780 2410 eius
1795 2389 1836 2420 30

451 2445 703 2482 observancia
723 2445 761 2481 in
781 2445 935 2482 effectu.

173 2532 197 2581 ᾗ.
210 2522 427 2582 ffiggffcss‘ffiffin
506 2515 698 2553 Premissa
717 2516 845 2564 itaque
866 2515 1167 2564 equivocacione
1184 2514 1385 2552 volicionis
1403 2514 1541 2559 divine,
1560 2513 1779 2562 supposito-

172 2589 358 2616 hisessence:
451 2598 524 2636 que
555 2586 660 2635 quod
690 2586 754 2623 fiat
782 2586 965 2624 limitacio
997 2586 1046 2623 ad
1080 2585 1246 2623 formam
1276 2597 1353 2634 qua
1382 2584 1490 2621 Deus
1520 2584 1656 2621 dicitur
1684 2583 1779 2620 velle

450 2656 658 2693 formaliter
688 2669 747 2694 res
778 2656 947 2703 adextra,
970 2656 1121 2693 videtur
1151 2655 1242 2692 mihi
1272 2655 1376 2705 quod
1407 2654 1510 2691 nulla
1539 2654 1622 2691 talis
1644 2653 1779 2691 volicio

487 2809 505 2823 1.
529 2808 583 2823 mm
596 2800 618 2824 A
629 2799 666 2825 C:
688 2807 735 2824 nec
750 2799 779 2824 B.
840 2808 877 2824 12.
888 2798 1058 2829 fundatum
1069 2797 1125 2824 AC
1135 2804 1140 2823 2
1152 2797 1387 2829 fundamentum
1404 2796 1434 2822 B.
1494 2805 1532 2828 14.
1546 2796 1688 2827 permisso
1702 2794 1777 2820 AC:

443 2833 587 2863 promisso
602 2833 631 2858 13.
706 2842 743 2864 15.
766 2835 792 2859 et
808 2832 828 2857 B
841 2839 847 2859 ζ
867 2841 919 2859 orn.
937 2832 961 2857 A
973 2832 1003 2858 C.
