2095 3278
207 168 289 222 398

856 174 1059 207 RICARDI
1092 174 1396 207 ARMACHANI
1834 163 1938 222 [ΗΒ.
1960 177 2027 208 111.

481 300 564 324 esse
585 288 809 333 superfluum
828 287 905 323 sive
922 287 1216 333 cassum,—quia
1238 299 1305 333 pro
1327 287 1461 323 eodem
1485 288 1641 323 assumis
1661 299 1808 323 sensum
1821 294 1919 334 [29D

483 345 744 391 superfluitatis
770 351 806 380 et
832 344 939 388 cassi,
959 345 1148 390 deciperis,
1168 346 1343 390 quoniam
1369 346 1469 390 quod
1495 346 1542 381 de
1567 345 1675 380 bonis
1700 345 1809 381 nobis
1822 355 1884 375 ass.
1901 353 1965 375 0111-
1984 351 2015 374 B-

481 404 631 438 utilibus
661 410 718 438 est
743 414 829 438 vere
855 403 1081 447 superfluum
1111 402 1235 437 utilius
1265 403 1395 448 pocius
1423 414 1534 448 quam
1561 414 1709 438 cassum
1734 403 1811 439 sive

480 461 751 495 frustratorium
775 459 847 494 dici
871 460 992 494 debet.
1032 459 1131 504 Quid
1154 460 1253 494 enirn
1277 467 1332 495 est
1356 460 1457 495 aliud
1483 472 1596 505 quam
1621 460 1720 505 quod
1743 472 1811 505 pro

481 519 615 553 utiliori
635 519 805 553 Salvator
821 517 930 552 nobis
948 517 1141 562 promittit,
1161 529 1246 552 cum
1264 518 1364 562 dicit,
1384 519 1611 552 Mensuram
1629 518 1760 553 bonam
1777 523 1812 553 et
1825 524 1842 557 5

482 577 687 621 confertam
715 580 751 609 et
775 577 1002 621 coagitatam
1032 587 1076 609 ac
1101 576 1417 621 superffuentem
1444 576 1588 610 dabunt
1614 577 1655 610 z'n
1684 577 1812 610 sinum

483 639 651 668 vestrum
671 633 774 678 (Luc.
792 633 838 668 vi.
858 633 930 677 38),
949 632 1018 667 nisi
1038 633 1302 677 supereffluens
1321 634 1602 668 commodorum
1624 645 1811 677 mensura,

482 699 661 737 tanquam
687 702 829 726 merces
855 690 1114 726 liberalissima
1149 698 1259 735 atque
1292 691 1644 726 habundantissima
1677 697 1714 726 et
1746 703 1813 736 per

484 761 716 794 consequens
743 748 941 784 utilissima
967 749 1076 783 nobis
1106 749 1305 784 reddetur?
1342 760 1454 794 quam
1485 748 1515 784 si
1545 749 1627 795 quis
1654 760 1811 792 cassam,

485 818 764 852 supervacuam,
795 819 859 842 seu
885 806 1157 841 frustratoriam
1184 807 1368 842 affirmare
1395 807 1559 851 voluerit,
1588 818 1663 841 non
1694 807 1812 841 solum
1829 816 1868 839 10

485 876 571 899 eum
589 872 773 900 errantem
795 864 848 909 (ut
865 863 961 908 reor)
983 870 1038 899 set
1056 870 1246 899 amentem
1268 871 1463 899 astrueres.
1514 866 1601 899 Non
1624 870 1681 900 est
1704 864 1814 909 igitur

486 923 750 957 inconveniens
769 929 824 957 set
842 923 999 956 multum
1018 922 1242 957 conveniens
1260 922 1358 967 quod
1378 922 1593 957 innocentes
1612 922 1666 957 ius
1687 933 1814 967 super-

485 982 599 1015 fluum
617 980 847 1023 habuissent,
865 992 939 1014 non
967 991 1236 1024 supervacuum
1261 991 1329 1015 nec
1346 979 1464 1015 eciam
1482 980 1534 1015 eis
1552 980 1813 1023 necessarium,

485 1045 540 1074 set
569 1038 790 1083 imperfectis
819 1038 1043 1072 habundans
1071 1038 1120 1072 ad
1149 1038 1264 1072 vitam
1295 1038 1493 1072 innocuam
1521 1038 1814 1083 transigendam.

486 1098 582 1132 Cum
600 1096 711 1141 igitur
728 1096 933 1131 secundum
951 1096 1050 1139 leges
1076 1095 1232 1139 ingenue
1258 1095 1416 1131 racionis
1435 1102 1497 1131 aut
1515 1096 1641 1140 vigore
1658 1096 1813 1130 alicuius
1830 1106 1868 1139 15

485 1166 613 1189 earum
639 1165 714 1189 non
740 1160 909 1198 poterant
931 1153 1149 1188 innocentes
1174 1154 1374 1198 particulas
1400 1160 1494 1189 terre
1512 1165 1556 1188 ac
1574 1154 1698 1197 maris,
1717 1154 1814 1198 ignis

484 1220 521 1248 et
540 1212 647 1255 aeris,
666 1218 702 1246 et
719 1211 837 1246 eciam
854 1211 1052 1256 particulas
1070 1222 1191 1246 rerum
1216 1211 1408 1246 mobilium
1433 1211 1580 1257 proprie
1600 1211 1815 1257 simpliciter

485 1269 701 1315 possidere;
728 1281 793 1304 cur
815 1268 935 1303 eciam
952 1268 1019 1303 viri
1044 1280 1129 1303 cum
1155 1268 1230 1304 suis
1256 1269 1441 1313 uxoribus,
1460 1275 1523 1304 aut
1541 1281 1625 1304 cum
1650 1281 1762 1304 uxore
1778 1275 1815 1304 et

486 1327 610 1363 liberis
636 1338 680 1361 ac
707 1326 782 1361 suis
808 1326 1045 1369 domesticis;
1082 1338 1147 1361 cur
1171 1327 1291 1361 eciam
1321 1327 1606 1362 communitates
1636 1327 1706 1362 alie
1737 1326 1815 1362 sive

486 1385 644 1429 collegia
661 1384 697 1419 in
717 1390 815 1419 statu
832 1383 1049 1418 innocencie
1069 1383 1121 1428 (ut
1141 1384 1347 1429 incepimus
1373 1385 1543 1429 suadere)
1563 1386 1663 1420 bona
1687 1385 1815 1419 huius·
1827 1390 1916 1417 statu
1934 1394 1983 1418 M:

486 1443 588 1478 modi
616 1440 853 1487 particularia
882 1452 952 1486 que
985 1441 1140 1476 fuissent
1175 1442 1342 1476 omnium
1371 1442 1614 1477 innocentum
1642 1442 1659 1461 *
1691 1437 1849 1487 quoadB
1866 1430 1944 1461 dub.

487 1501 665 1545 originale
699 1498 905 1534 dominium
938 1498 1117 1533 illibatum
1150 1499 1250 1533 bona
1284 1499 1496 1534 communia
1528 1499 1598 1534 sibi
1628 1512 1673 1535 ex
1705 1499 1815 1534 simili
1828 1483 1913 1512 ΒΘΑ

486 1558 643 1593 alicuius
676 1557 768 1602 legis
794 1563 923 1591 nature
952 1556 1059 1591 titulo
1089 1557 1278 1601 propriare
1312 1557 1539 1602 simpliciter,
1566 1557 1713 1593 videtur
1739 1568 1815 1592 non

485 1617 592 1651 facile
613 1615 802 1651 invenire:
829 1614 1010 1659 videlicet,
1031 1621 1177 1658 segetes
1202 1621 1383 1650 terrarum
1408 1616 1589 1650 cultarum
1615 1627 1682 1660 per
1704 1615 1815 1660 ipsos,

485 1674 662 1709 animalia
680 1672 925 1708 domesticata
941 1684 1007 1717 per
1023 1683 1097 1716 e05‚
1111 1672 1258 1707 edificia
1275 1684 1341 1707 suo
1360 1684 1469 1718 opere
1485 1672 1675 1716 fabricata,
1694 1672 1815 1717 pisces
1827 1671 2012 1720 animalia:

486 1733 600 1767 maris
618 1737 653 1766 et
672 1730 741 1766 celi
759 1730 922 1765 volatilia
939 1736 975 1764 et
993 1736 1089 1764 terre
1115 1730 1277 1765 mineras
1303 1730 1468 1775 ipsorum
1494 1730 1673 1765 industria
1691 1730 1816 1775 acqui·
1830 1715 1926 1746 “Odd·
1943 1715 2024 1747 alm·

487 1789 569 1832 sita,
587 1795 622 1824 et
646 1787 867 1833 generaliter
882 1788 1057 1823 vestitum
1082 1799 1126 1822 ac
1143 1787 1283 1822 victum
1307 1794 1343 1823 et
1369 1799 1585 1833 quecunque
1609 1789 1662 1823 eis
1688 1799 1818 1823 neces-

487 1847 597 1889 saria,
625 1846 739 1889 utilia,
768 1846 844 1880 sive
871 1845 1076 1880 accomoda
1103 1845 1151 1879 ad
1180 1856 1286 1880 suam
1316 1845 1432 1880 vitam
1460 1847 1655 1881 mortalem
1682 1846 1818 1881 transi-

487 1905 649 1950 gendam
666 1916 793 1939 eorum
811 1915 923 1948 opere
941 1909 1003 1937 aut
1022 1903 1203 1937 industria
1221 1903 1413 1948 acquisita.
1466 1905 1515 1938 Et
1533 1915 1577 1938 eo
1596 1904 1753 1948 amplius
1780 1903 1817 1938 id

486 1962 632 1997 videtur
665 1962 765 2006 quod
805 1961 926 1995 nullus
960 1960 1053 1995 alius
1095 1959 1336 1995 innocentum
1377 1960 1499 1996 taliter
1537 1960 1816 2005 possidentibus
1831 1971 1873 2003 30

487 2020 693 2062 invidisset,
712 2030 781 2053 nec
807 2018 1044 2063 possidentes
1069 2029 1114 2052 ex
1140 2017 1262 2052 causis
1288 2018 1422 2053 talibus
1450 2030 1515 2053 seu
1540 2018 1656 2053 titulis
1682 2019 1817 2053 moles—

486 2083 613 2121 tasset,
641 2083 695 2112 set
726 2075 972 2121 acquievisset
999 2075 1137 2110 racioni
1169 2075 1247 2110 sive
1276 2075 1347 2120 legi
1374 2082 1505 2111 nature
1534 2076 1687 2111 dictanti
1717 2077 1819 2121 quod

487 2146 644 2180 operans
668 2133 880 2179 quiescenti,
899 2145 1073 2169 exercens
1100 2133 1320 2168 industriam
1346 2133 1553 2178 necligenti,
1572 2134 1670 2169 circa
1695 2145 1818 2169 rerum

488 2193 775 2228 accomodarum
791 2191 860 2226 sibi
875 2191 952 2226 sive
966 2191 1109 2225 utilium
1126 2191 1403 2235 possessionem
1422 2192 1634 2226 habendam
1648 2198 1684 2226 et
1698 2203 1816 2235 usum,

488 2251 525 2286 in
543 2262 670 2286 earum
697 2249 933 2295 possessione
951 2254 986 2284 et
1004 2260 1073 2283 usu
1098 2248 1179 2284 aliis
1198 2249 1358 2284 debebat
1384 2249 1534 2293 preferri
1552 2262 1560 2291 ;
1586 2249 1674 2283 dum
1692 2255 1815 2284 tamen
1831 2260 1870 2292 35

488 2310 609 2344 nullus
628 2309 674 2343 de
692 2308 799 2342 bonis
818 2307 1077 2342 communibus
1096 2306 1166 2341 sibi
1185 2318 1228 2341 ac
1247 2306 1322 2341 suis
1341 2312 1394 2342 tot
1420 2314 1482 2341 aut
1500 2306 1587 2342 talia
1604 2306 1819 2351 simpliciter

488 2366 691 2412 propriaret
710 2365 809 2410 quod
827 2364 976 2400 alterius
994 2371 1111 2400 status
1130 2364 1165 2399 in
1184 2364 1300 2409 gloria
1316 2371 1352 2400 et
1370 2365 1507 2399 honore
1525 2364 1708 2409 primevis,
1725 2376 1817 2409 quos

489 2430 639 2469 propter
656 2423 961 2458 constitucionem
979 2434 1106 2457 eorum
1133 2434 1243 2467 super
1268 2434 1379 2467 opera
1404 2434 1580 2456 manuum
1599 2421 1670 2456 Dei
1697 2422 1752 2456 sui
1774 2433 1817 2456 ex

489 2481 725 2528 prerogativa
757 2480 908 2524 originis
941 2487 1173 2524 acceperunt,
1207 2481 1392 2515 maculam
1427 2479 1658 2515 sustinerent.
1714 2479 1818 2514 Sicut

489 2540 589 2576 enim
615 2550 751 2574 manna
776 2539 922 2582 celeste,
949 2549 1021 2582 quo
1047 2538 1083 2572 in
1109 2539 1256 2573 deserto
1284 2538 1356 2572 Dei
1387 2539 1543 2582 populus
1572 2536 1818 2582 quadraginta
1830 2543 1873 2575 40

490 2597 597 2633 annis
612 2609 678 2642 per
692 2596 771 2631 dies
785 2596 949 2640 singulos
969 2596 1005 2629 in
1025 2595 1287 2630 habundancia
1304 2596 1532 2640 pascebatur,
1547 2601 1697 2639 propter
1710 2606 1817 2629 suam

489 2655 775 2691 teneritudinem
794 2654 830 2688 in
844 2653 998 2688 tercium
1017 2653 1116 2688 diem
1134 2659 1320 2688 servatum
1338 2652 1563 2697 computruit
1577 2658 1613 2687 et
1631 2651 1817 2687 vermibus

491 2712 680 2748 scaturivit
698 2725 706 2754 ;
732 2712 830 2746 unde
856 2722 965 2756 parce
987 2723 1052 2756 per
1069 2722 1198 2755 gomor
1218 2711 1325 2745 unius
1349 2721 1564 2745 mensuram
1583 2709 1817 2745 solummodo

491 2770 618 2806 debuit
647 2783 670 2805 a
699 2769 849 2814 singulis
883 2769 1054 2814 occupari
1085 2768 1194 2813 (sicut
1221 2769 1351 2812 legitur
1379 2769 1445 2802 Ex.
1471 2768 1541 2802 xvi.
1572 2765 1724 2811 16—20):
1764 2766 1895 2802 sicsic:
1917 2765 1950 2797 si
1966 2773 1997 2797 B.
