2095 3278
28 170 114 199 cAP.
132 155 220 214 xv]
588 166 653 197 DE
686 165 930 199 PAUPERIE
962 164 1275 197 SALVATORIS.

140 269 229 311 310]
246 281 357 316 quam
376 270 561 304 maculam
579 281 642 305 sue
661 270 896 314 ingenuitatis
909 269 1083 314 primeve,
1099 268 1243 313 penitus
1261 267 1485 311 reiecissent,
1501 273 1564 302 aut

244 342 289 364 ex
307 341 370 364 sue
390 329 633 364 institucionis
660 329 867 364 innocentis
889 328 1024 372 regulis
1043 327 1143 362 omni
1162 327 1224 361 tali
1250 327 1326 361 iure
1345 327 1565 369 adventicio,

27 402 134 433 supra,
152 401 184 432 p.
244 394 422 432 tanquam
442 399 505 422 sue
523 387 637 431 glorie
655 388 809 430 macula,
829 387 1043 421 caruissent.
1094 387 1152 420 Ex
1178 397 1251 430 quo
1280 385 1394 430 (iuxta
1419 392 1564 419 nostras

27 445 101 476 40²·
244 445 410 479 raciones
429 445 628 490 pretactas)
649 446 720 479 tale
744 445 798 479 ius
820 445 1065 489 quodcunque
1087 455 1232 488 semper
1250 444 1287 477 in
1307 442 1564 477 innocentibus

212 511 229 542 5
245 514 472 547 supervacua
496 503 695 538 extitisset:
724 502 821 537 unde
847 514 914 537 nec
940 502 1092 547 perfecti
1111 501 1260 547 aliquod
1279 501 1333 535 ius
1352 500 1389 535 in
1407 499 1565 546 presenti

244 566 414 595 retlnent.

294 619 383 654 IOH.
412 620 496 653 Hoc
522 619 725 654 secundum
752 624 941 663 gratanter
970 623 1147 662 accepto:
1175 623 1230 651 set
1261 616 1465 651 secundum
1494 616 1566 649 hoc

245 677 350 711 cibus
377 676 590 720 degluttitus
616 676 652 711 in
678 677 881 719 stomacho,
904 675 1082 720 quamdiu
1106 675 1317 717 mansisset,
1334 673 1463 709 fuisset
1484 673 1563 719 pari

245 734 322 769 iure
340 734 466 769 utendi
485 741 593 779 atque
611 733 764 768 dominii
783 733 939 768 aliorum
958 733 1051 768 sicut
1068 731 1275 776 gluciantis.

193 805 232 826 10
291 793 379 827 RIC.
413 793 553 827 Verum
587 792 796 827 concludis:
840 791 940 836 quod
973 803 1017 826 ex
1049 792 1121 825 hoc
1158 796 1265 835 potes
1299 790 1503 832 advertere,
1535 789 1564 823 si

27 852 217 894 deglucians
245 849 368 884 cibum
402 850 616 894 degluciens
650 850 752 884 illum
785 855 974 893 urgeretur
1012 860 1194 891 evomere,
1229 848 1308 882 sine
1348 858 1445 882 novo
1487 846 1565 881 iure

29 904 60 928 Β·
244 908 367 953 aliquo
384 909 563 953 acquisito
583 908 736 953 quisque
760 908 922 952 priorum
939 907 1092 941 haberet
1118 906 1172 940 ius
1198 906 1298 940 idem
1324 905 1361 939 in
1388 905 1448 939 illo
1472 904 1565 939 sicut

246 972 331 1000 ante
365 966 667 1001 masticacionem
700 966 884 1008 habebat3
926 971 962 999 et
1001 966 1048 999 ob
1087 965 1158 998 hoc
1196 976 1240 998 ex
1278 970 1362 998 actu
1397 974 1462 997 seu
1498 974 1566 997 usu

243 1023 366 1059 fratris
391 1024 457 1068 sui,
475 1036 514 1059 re
540 1024 621 1069 ipsa
638 1030 822 1066 manente,
841 1023 979 1057 nullum
1005 1022 1055 1057 rei
1078 1021 1173 1056 illius
1199 1021 1332 1066 aliquis
1359 1021 1413 1055 ius
1431 1020 1567 1055 amisit.

28 1090 135 1120 supra,
152 1090 184 1120 P·
246 1083 317 1116 Pro
344 1093 416 1127 quo
442 1083 574 1117 clarius
608 1082 784 1117 intuendo
810 1088 893 1116 tene
921 1080 1133 1116 memoriter
1162 1092 1232 1126 que
1260 1081 1306 1115 de
1336 1079 1501 1114 dominio
1532 1078 1569 1113 in

29 1132 103 1163 30¹·
244 1140 363 1185 primo
399 1140 508 1175 huius
547 1140 788 1183 ostendimus,
823 1151 907 1175 cum
941 1139 988 1174 de
1022 1138 1321 1183 consumpcionis
1359 1143 1444 1172 actu
1478 1136 1567 1171 inibi

245 1205 369 1233 actum
387 1206 476 1234 erat.
864 1194 869 1199 ⁴

294 1258 386 1292 IOH.
413 1257 481 1291 Illa
499 1257 643 1292 habebo
666 1268 730 1302 pre
754 1256 879 1299 oculis,
899 1262 934 1291 et
958 1255 1161 1300 gaudenter
1181 1255 1336 1290 attendo
1360 1254 1459 1299 quod
1481 1252 1565 1288 talis

246 1315 395 1360 propria
420 1315 506 1350 facti
532 1315 719 1360 possessio
744 1315 899 1359 gloriam
928 1314 1092 1359 primeve
1127 1312 1316 1357 dignitatis
1342 1313 1505 1346 humane
1530 1311 1567 1345 in

194 1385 234 1407 ιο
246 1373 345 1408 nulla
362 1384 522 1417 persona
540 1373 754 1408 innocenter
772 1371 980 1407 vivencium
998 1371 1202 1414 minuisset,
1217 1371 1294 1406 iure
1313 1370 1432 1416 equali
1451 1369 1568 1404 domi-

247 1430 298 1465 nii
322 1437 433 1476 atque
458 1431 586 1465 utendi
605 1430 642 1465 in
666 1430 838 1465 omnibus
862 1431 1041 1464 honorem
1063 1435 1098 1464 et
1122 1429 1279 1473 gloriam
1301 1434 1565 1471 conservante;

247 1500 318 1533 que
333 1488 448 1533 gloria
466 1488 659 1523 imminuta
675 1489 802 1523 fuisset
822 1488 859 1522 in
878 1487 1041 1533 singulis,
1061 1488 1090 1522 si
1110 1486 1242 1531 singuli
1265 1492 1328 1521 aut
1351 1485 1463 1531 aliqui
1485 1497 1569 1530 pos-

249 1547 431 1582 sessiones
451 1547 665 1592 simpliciter
683 1559 747 1581 seu
766 1547 842 1581 iure
859 1545 1025 1591 proprias
1044 1545 1273 1579 habuissent.

294 1606 380 1639 RIC.
408 1606 485 1640 Ista
509 1605 561 1650 (ut
582 1605 693 1639 michi
715 1603 872 1648 videtur)
898 1603 1134 1648 probabiliter
1156 1601 1367 1646 advertisti;
1395 1601 1570 1647 quoniam

195 1676 232 1708 25
247 1662 360 1697 michi
378 1663 521 1698 videtur
543 1663 614 1697 ista
640 1663 829 1697 sentencia
854 1662 1012 1706 amplius
1037 1660 1233 1696 convenire
1256 1661 1327 1705 legi
1351 1660 1511 1704 coniugii
1535 1665 1570 1695 et

247 1720 415 1756 amicicie
433 1721 671 1756 innocentum
690 1728 799 1766 atque
818 1720 1000 1755 nobilitati
1022 1731 1149 1755 eorum
1167 1726 1203 1754 et
1223 1719 1400 1754 inoffense
1427 1730 1573 1763 semper

248 1778 389 1813 caritati
408 1778 582 1823 ipsorum,
601 1791 711 1824 quam
737 1778 838 1824 prior
863 1778 1064 1813 sentencia.
1116 1778 1228 1812 Unde
1252 1777 1423 1812 dominus
1449 1783 1574 1811 noster

249 1837 367 1880 Iesus,
391 1837 517 1871 volens
542 1849 628 1871 suos
654 1837 840 1882 apostolos
866 1843 976 1881 atque
1003 1835 1202 1880 discipulos
1227 1834 1276 1869 ad
1302 1840 1440 1869 statum
1466 1845 1573 1868 suum

248 1893 455 1939 primevum
473 1894 683 1939 ingenuum,
702 1900 809 1939 prout
827 1894 904 1928 fieri
923 1894 1040 1938 potuit
1064 1894 1100 1928 in
1125 1900 1221 1928 statu
1246 1899 1369 1927 nostre
1393 1891 1573 1936 presentis

195 1967 236 1999 30
248 1951 404 1995 miserie,
422 1963 608 1995 revocare,
627 1964 692 1997 pro
709 1953 836 1996 regula
853 1951 906 1986 eis
926 1951 1039 1994 dedit,
1058 1951 1278 1995 Quicunque
1296 1950 1460 1984 voluerit
1475 1950 1576 1983 inter

248 2021 315 2043 vos
337 2011 460 2044 maior
467 2010 565 2054 fieri
582 2011 633 2044 sit
654 2014 778 2044 vester
798 2010 981 2052 minister,
1000 2013 1036 2043 et
1054 2010 1263 2053 quicunque
1288 2008 1453 2042 voluerit
1475 2008 1577 2041 inter

249 2078 316 2101 vos
340 2068 495 2111 primus
523 2079 596 2101 esse
624 2069 697 2102 erit
725 2071 848 2101 vester
875 2078 1010 2101 servus
1039 2066 1149 2111 (Mat.
1176 2078 1232 2100 xx.
1264 2065 1335 2109 26).
1397 2065 1575 2099 Marchus

249 2125 348 2169 dicit,
369 2126 416 2159 Si
430 2126 515 2169 quis
538 2126 625 2160 vult
635 2126 791 2170 primus
813 2136 887 2159 esse
911 2126 986 2158 erit
1010 2125 1178 2158 omnium
1203 2123 1432 2157 novissimus
1447 2126 1484 2156 et
1499 2134 1575 2156 om-

249 2185 356 2217 nium
374 2185 549 2218 7722'7zz'ster
566 2184 699 2228 (Marc.
719 2184 763 2217 ix.
784 2182 857 2227 34).
910 2184 1063 2217 Constat
1083 2188 1207 2216 autem
1224 2181 1324 2225 quod
1343 2192 1405 2215 eos
1424 2180 1573 2214 volebat

198 2254 236 2285 35
252 2253 332 2275 esse
359 2241 462 2286 quasi
489 2242 686 2283 ministros,
710 2248 745 2276 et
773 2252 898 2275 servos
924 2240 1040 2274 noluit
1066 2239 1214 2284 aliquod
1242 2239 1297 2273 ius
1323 2238 1511 2282 proprium
1538 2238 1575 2272 in

205 2299 361 2334 Drebus
389 2299 406 2318 '¹‘
433 2299 738 2334 administrandis
765 2299 913 2341 habere,
940 2309 1025 2332 cum
1051 2297 1103 2331 sic
1132 2298 1269 2332 habere
1296 2297 1457 2331 alienum
1483 2296 1528 2330 sit
1554 2308 1576 2329 a

250 2356 420 2391 ministro
448 2363 482 2391 et
512 2368 629 2391 servo,
680 2356 720 2391 Si
748 2356 829 2400 quis
860 2362 985 2390 tamen
1020 2356 1204 2389 affirmare
1232 2355 1396 2396 voluerit,
1427 2360 1577 2398 propter

250 2414 528 2458 probabilitates
548 2426 659 2458 supra
677 2413 841 2448 adiectas
860 2419 922 2447 aut
942 2413 1043 2456 alias,
1064 2414 1163 2458 quod
1181 2413 1217 2446 in
1237 2419 1336 2447 statu
1360 2412 1577 2446 innocencie

250 2471 378 2506 fuisset
412 2472 533 2517 aliqua
567 2471 752 2516 possessio
786 2471 935 2516 propria
976 2470 1051 2505 iure
1085 2470 1233 2515 proprio
1268 2470 1502 2515 possidentis,
1538 2469 1574 2503 in

197 2539 239 2570 40
251 2529 382 2564 ceteris
408 2541 479 2574 que
505 2536 704 2574 tangentur
730 2528 767 2563 in
793 2528 895 2563 libris
926 2528 1163 2573 sequentibus
1194 2534 1318 2563 teneat
1348 2528 1577 2562 conformem

252 2587 488 2629 sentenciam,
517 2587 604 2632 quia
637 2598 704 2621 nos
739 2586 960 2631 premissam
995 2585 1225 2621 sentenciam
1259 2592 1436 2630 tanquam
1470 2584 1577 2619 nobis

253 2645 481 2690 probabilem
500 2656 779 2690 consequemur.

302 2761 527 2795 IOHANNES.
557 2759 618 2795 Sic
637 2760 698 2794 fiat
716 2772 722 2794 :
752 2759 810 2795 dic
833 2771 920 2804 ergo
939 2759 986 2794 ad
1007 2765 1143 2804 quanta
1162 2770 1199 2793 sc
1218 2758 1382 2794 extendit
1405 2758 1474 2793 ista
1494 2768 1576 2802 pro·
1594 2759 1697 2790 XVI:

1753 160 1837 204 405
