2008 3305
20 217 108 246 eAP.
130 202 248 261 xxv]
562 215 626 247 DE
660 214 904 247 PAUPERIE
936 211 1250 246 SALVATORts.

131 324 221 365 ΗΑ]
239 318 354 363 inquit
385 319 572 352 Dominus
601 320 670 363 qui
702 320 842 353 eduxi:
878 319 976 352 unde
1003 322 1147 351 constat
1179 315 1278 360 quod
1305 312 1483 355 defensio,
1514 322 1568 345 re-

237 375 370 420 peticio
398 375 473 410 sive
498 376 700 417 revocacio,
721 382 829 420 atque
850 375 959 409 luicio
979 382 1016 409 ut
1034 373 1268 418 repeticionis
1287 371 1439 417 species,
1458 376 1568 414 atque

237 433 452 476 custodicio,
470 440 505 467 et
532 433 561 467 si
580 434 641 478 qui
663 433 725 467 alii
750 440 834 467 sunt
859 439 963 467 actus
985 432 1045 477 qui
1063 433 1111 466 ad
1130 431 1180 466 rei
1199 430 1386 465 dominate
1404 428 1570 472 regimen

238 491 480 536 requiruntur,
501 491 577 525 sive
604 498 816 535 competunt
841 490 893 525 rei
921 490 1109 524 dominate
1134 488 1303 533 regimini
1323 499 1406 522 cum
1430 485 1569 521 domini

206 556 223 588 5
241 549 312 583 Dei
330 549 383 583 eis
402 548 634 593 presidentis,
653 560 697 583 eo
720 549 819 593 quod
843 548 1015 582 dominus
1035 548 1081 582 sit
1105 559 1149 581 ea
1166 558 1302 591 regere,
1322 552 1425 579 actus
1442 544 1570 578 huius-

238 606 339 641 modi
372 606 552 641 veraciter
586 612 670 641 sunt
703 613 807 641 actus
842 606 957 640 divini
992 605 1147 640 dominii
1181 611 1217 639 et
1252 615 1339 638 usus
1369 614 1491 637 rerum
1521 600 1571 635 ad

239 664 402 699 divinam
421 664 699 708 providenciam
717 676 783 709 per
800 675 906 698 suum
924 663 1130 697 dominium
1149 662 1385 707 pertinentes.

290 724 379 757 IOH.
406 723 464 756 Ex
490 734 561 767 quo
588 723 697 766 pleno
724 722 801 756 iure
829 723 932 756 Deus
959 733 1088 756 omnes
1114 733 1172 755 res
1196 721 1321 761 habet,
1339 726 1377 753 ut
1402 717 1571 763 superius

240 786 297 814 est
331 786 534 822 ostensum,
560 791 636 814 non
662 779 808 814 videtur
834 779 932 824 quod
961 779 1079 824 possit
1105 778 1242 823 aliquid
1269 777 1459 819 rehabere,
1487 786 1572 809 cum

189 845 227 868 10
240 839 311 873 hoc
330 838 516 872 concludit
534 849 617 872 eum
637 838 696 872 illo
714 844 825 872 antea
842 837 1004 872 caruisse
1019 848 1026 880 ;
1054 843 1089 872 et
1103 837 1133 871 si
1146 848 1221 871 non
1236 841 1358 881 potest
1373 834 1572 879 quicquam

240 896 429 938 rehabere,
447 907 521 930 non
540 902 660 940 potest
678 895 878 940 quicquam
897 901 1074 939 repetere.

22 969 54 990 es
70 966 119 989 M:
145 960 163 988 ἔ
176 964 206 987 Β.
288 955 375 988 Rxc.
404 953 585 988 Memorie
605 953 713 987 nimis
732 965 770 987 es
789 953 909 987 labilis
928 959 990 987 aut
1009 951 1274 997 applicacionis
1293 949 1480 994 ingenium
1506 948 1573 983 tibi

24 1002 151 1050 ἵῖόῗΜῗ
242 1012 356 1053 deest,
375 1022 458 1045 cum
484 1011 530 1045 sit
557 1022 669 1055 supra
695 1018 885 1045 ostensum
911 1011 1011 1056 quod
1047 1012 1150 1044 Deus
1184 1021 1306 1044 rerum
1340 1007 1574 1053 quarundam

24 1045 80 1075 ubl
97 1052 127 1074 B'
242 1069 504 1114 proprietarius
538 1075 606 1112 est,
640 1075 676 1104 et
711 1069 917 1114 aliquarum
951 1080 1072 1104 rerum
1099 1067 1304 1103 communis
1335 1066 1508 1101 dominus
1538 1071 1575 1099 et

188 1136 226 1168 15
243 1127 449 1162 communis
475 1139 692 1172 possessor3
720 1128 819 1161 unde
846 1127 991 1162 illarum
1016 1139 1138 1161 rerum
1165 1137 1318 1171 quarum
1345 1137 1429 1159 cum
1454 1123 1574 1158 homi-

241 1185 349 1220 nibus
375 1185 449 1219 iam
474 1185 748 1229 possessionem
772 1186 884 1220 habet
907 1196 1153 1228 communem,
1173 1185 1203 1218 si
1227 1184 1398 1219 homines
1417 1183 1497 1217 illas
1514 1193 1575 1216 res

244 1243 313 1278 sibi
355 1243 510 1277 offerant
544 1244 733 1278 voluntate
774 1243 946 1287 gratuita,
989 1243 1145 1278 efficitur
1185 1241 1447 1287 proprietarius
1488 1252 1575 1285 pos-

245 1301 421 1336 sessionis
448 1313 586 1344 earum,
607 1313 669 1335 seu
688 1301 808 1336 verius
836 1301 1005 1346 proprius
1032 1312 1226 1346 possessor
1246 1311 1383 1342 earum,
1403 1298 1480 1333 sine
1499 1298 1577 1332 iure

245 1359 338 1393 alico
356 1359 537 1404 acquisito
556 1370 622 1404 per
640 1360 759 1393 solam
777 1359 1058 1393 abdicacionem
1076 1358 1321 1403 possessionis
1335 1356 1577 1392 offerencium

193 1430 232 1452 20
246 1417 315 1451 sibi
343 1417 428 1451 illa:
457 1417 510 1451 sic
537 1417 655 1451 eciam
684 1423 806 1461 potest
836 1417 915 1451 fieri
945 1416 1121 1462 repetitor
1150 1423 1260 1461 atque
1294 1415 1480 1451 rehabitor
1512 1424 1578 1459 per

245 1475 500 1509 sublacionem
529 1474 775 1519 possessionis
808 1481 871 1509 aut
905 1475 1058 1509 dominii
1089 1475 1124 1509 in
1153 1474 1245 1518 aliis,
1275 1474 1305 1508 si
1336 1473 1575 1517 delinquant;

246 1530 365 1574 sicuti,
392 1541 476 1565 cum
501 1530 626 1564 Adam
652 1536 688 1564 et
715 1531 798 1564 Eva
822 1537 1035 1575 peccarunt,
1055 1530 1240 1564 Dominus
1258 1530 1377 1564 factus
1401 1528 1468 1563 fuit
1493 1539 1576 1572 pro-

245 1587 439 1633 prietarius
466 1587 632 1621 omnium
658 1599 779 1622 rerum
808 1599 899 1632 quas
933 1587 1001 1622 illis
1034 1594 1145 1622 antea
1179 1587 1420 1629 conferebat3
1463 1586 1576 1619 immo

246 1645 429 1680 veraciter
448 1651 580 1680 cuncta
598 1656 669 1690 que
693 1645 746 1680 eis
771 1652 856 1680 ante
878 1647 1081 1680 contulerat
1103 1645 1296 1691 repetivit:
1325 1645 1431 1679 aliter
1453 1650 1577 1678 autem

194 1709 231 1740 25
248 1704 352 1737 Deus
377 1702 525 1738 racione
551 1702 607 1737 sui
634 1702 787 1737 dominii
813 1703 930 1737 divini
955 1704 1054 1738 bona
1079 1715 1146 1738 sua
1174 1715 1248 1738 non
1274 1703 1372 1737 valet
1399 1708 1578 1747 repetere,

245 1761 315 1795 nisi
344 1760 513 1805 (scilicet)
541 1772 608 1806 per
629 1761 882 1795 sublacionem
905 1761 1000 1796 tituli
1023 1761 1177 1796 alicuius
1200 1761 1236 1795 in
1254 1762 1420 1803 alterum,
1439 1771 1577 1804 nequa-

247 1830 356 1864 quam
400 1819 470 1855 sibi
512 1831 648 1854 novam
698 1820 974 1863 possessionem
1024 1831 1088 1855 seu
1135 1831 1273 1855 novum
1315 1818 1469 1854 dominii
1511 1828 1576 1852 seu

246 1877 492 1923 possessionis
511 1877 567 1912 ius
585 1877 735 1922 aliquod
752 1878 986 1923 acquirendo.

1758 200 1840 246 317

296 1937 385 1970 IOH.
416 1936 521 1970 Istud
539 1936 713 1970 adverto:
740 1942 796 1970 set
811 1947 894 1970 cum
911 1937 1013 1971 Deus
1032 1936 1223 1981 precipiat,
1235 1936 1296 1971 Ab
1313 1947 1351 1970 eo
1369 1934 1576 1980 quiaufiert
1588 1935 1616 1973 IS,
1626 1934 1861 1994 st·¹‘²1Wf¹¹f¹g³§'3h²

194 2006 234 2037 30
249 1994 318 2028 tibi
332 1995 607 2036 vestimentum,
624 1997 659 2027 et
675 1994 842 2028 tunicam
867 1994 948 2028 noli
956 1994 1164 2039 prohibere,
1180 1996 1267 2029 Luc.
1286 1994 1331 2029 vi.
1353 2003 1408 2038 29,
1427 2000 1462 2028 et
1482 1994 1575 2027 Mat.
1588 1970 1733 2029 ‹tigsgffiezg
1748 1992 1792 2028 his
1803 1973 1856 1995 nst

249 2064 283 2086 v.
302 2061 358 2095 40,
377 2052 433 2085 Ei
444 2055 568 2085 autem
586 2053 656 2096 qui
674 2052 762 2086 vult
780 2056 898 2086 tecum
917 2054 957 2086 in
974 2053 1114 2087 iudicio
1127 2054 1341 2087 contendere
1359 2056 1394 2086 et
1409 2053 1576 2086 tunicam

32 2118 64 2148 ei
77 2121 107 2148 et
123 2127 188 2148 om.
205 2123 235 2147 B.
250 2110 387 2153 tollere,
399 2110 545 2143 dimitte
555 2111 591 2143 ei
605 2113 641 2144 et
650 2110 817 2155 pallium
825 2123 845 2151 ;
862 2110 1008 2145 videtur
1022 2111 1120 2156 quod
1138 2111 1274 2146 Christi
1287 2111 1490 2155 discipulus
1505 2120 1579 2144 non

1589 2036 1762 2069 possessionis

250 2168 360 2202 debet
374 2179 440 2201 sua
450 2168 548 2202 bona
565 2167 776 2211 defendere,
790 2174 845 2202 set
862 2169 1002 2203 tollenti
1022 2168 1207 2204 dimittere
1223 2180 1231 2212 3
1250 2175 1286 2203 et
1301 2174 1440 2214 quanto
1457 2167 1576 2212 magis
1590 2178 1620 2196 or
1633 2167 1716 2195 claim
1727 2167 1843 2194 themis

250 2225 396 2260 videtur
428 2226 527 2270 quod
553 2237 597 2260 ea
622 2226 767 2260 sublata
792 2237 866 2260 non
893 2227 1003 2261 debet
1028 2233 1206 2271 repetere.
1257 2227 1296 2262 Si
1321 2233 1446 2261 autem
1474 2227 1578 2260 Deus

199 2290 237 2322 35
252 2283 324 2318 hoc
356 2282 518 2328 precepit
552 2283 778 2327 hominibus,
805 2290 840 2318 et
870 2284 1038 2319 doctrina
1064 2285 1143 2319 eius
1170 2284 1215 2319 sit
1241 2284 1375 2328 valida,
1402 2284 1512 2319 debet
1538 2294 1582 2318 ac

209 2340 274 2379 B*
293 2340 420 2375 debuit
446 2341 578 2376 eadem
604 2341 802 2376 observare
829 2348 891 2376 aut
918 2343 1050 2377 saltem
1074 2354 1151 2377 non
1177 2342 1363 2377 contraire
1397 2342 1586 2387 operibus.-

256 2400 349 2433 Item
380 2397 459 2444 ipse
489 2397 673 2433 Dominus
705 2400 809 2433 Iesus
844 2399 1014 2436 Christus
1049 2400 1101 2436 sic
1135 2400 1260 2435 docuit
1289 2400 1512 2444 faciendum,
1546 2406 1586 2435 ut

254 2457 374 2491 nullus
400 2456 605 2492 imitaretur
631 2457 890 2491 Phariseorum
915 2458 1113 2502 ypocrisim
1136 2458 1197 2503 qui
1216 2470 1328 2492 unum
1347 2458 1532 2493 docebant
1548 2464 1585 2493 et

255 2514 480 2549 contrarium
496 2514 708 2549 faciebant:
736 2515 883 2549 Dicunt
909 2516 1008 2549 enim
1034 2520 1071 2550 et
1098 2527 1172 2550 non
1199 2516 1358 2561 faciunt
1375 2529 1388 2551 .·
1420 2516 1588 2562 alligant

2 2601 5 2618 ‚
199 2588 242 2620 40
254 2573 352 2607 enim
382 2584 495 2606 onera
521 2573 667 2617 gravia
696 2576 733 2606 et
756 2573 1013 2617 inportabilia,
1043 2577 1079 2607 et
1109 2575 1310 2619 imponunt
1340 2575 1381 2608 in
1414 2574 1587 2608 humeros

1 2656 11 2676 „
255 2631 474 2672 heminton,-
510 2631 629 2675 digito
670 2634 794 2665 autem
835 2642 902 2665 suo
942 2631 1079 2665 nolunt
1109 2643 1151 2665 ea
1184 2643 1356 2667 movere:
1394 2632 1452 2666 cui
1486 2632 1586 2667 dicto

256 2688 435 2733 premisit,
473 2689 609 2723 Omnia
641 2700 739 2734 ergo,
780 2700 994 2733 quecunque
1033 2690 1201 2723 dixerint
1228 2690 1341 2733 vebis,
1375 2694 1523 2724 servate
1554 2694 1592 2724 et

244 2747 393 2791 facite,·
425 2747 624 2780 secundum
643 2758 730 2780 vero
747 2749 856 2791 opera
873 2758 999 2780 eorum
1018 2748 1130 2781 nolite
1137 2747 1276 2791 facere,
1292 2749 1385 2782 Mat.
1398 2747 1494 2782 xxiii.
1511 2757 1543 2791 3,
1555 2758 1588 2790 4.

261 2804 346 2838 Non
382 2804 490 2848 igitur
524 2804 633 2839 debet
668 2805 771 2839 Deus
806 2816 873 2839 sua
906 2804 1004 2840 bona
1045 2804 1254 2850 defendere,
1289 2816 1409 2851 neque
1443 2805 1588 2842 sublata

1589 2203 1675 2230 taken
1688 2201 1788 2234 away?
