2008 3305
172 181 226 221 66

184 2080 207 2106 b.
230 2079 293 2106 God
307 2082 410 2104 cannot

184 2114 307 2146 produce
322 2121 389 2149 save
401 2111 439 2143 by

186 2156 247 2179 way
261 2147 292 2173 of
305 2151 429 2172 creation

854 189 919 220 DE
952 188 1171 222 DOMINIO
1204 188 1381 220 D1v1No
1615 174 1720 233 [CAP.
1743 186 1782 215 x.

456 313 682 345 creaturam.
738 305 789 343 Et
808 317 856 343 ex
877 305 949 343 isto
969 310 1075 354 patet
1094 303 1202 354 quod
1222 303 1423 353 dupliciter
1444 302 1580 340 dicitur
1599 305 1783 345 creatura,
1804 301 1897 343 [21])

456 377 515 414 vel
547 377 637 427 quia
673 387 767 426 pure
802 376 960 413 adextra
994 374 1217 424 producitur
1251 374 1334 412 sine
1368 373 1626 423 preexistente
1658 376 1787 408 creato

455 448 659 498 principio,
677 447 735 485 vel
751 447 841 496 quia
861 446 900 483 in
916 446 996 483 suis
1017 446 1142 484 causis
1163 445 1342 483 secundis
1363 445 1415 482 ita
1435 444 1607 482 efficitur.
1664 441 1714 479 Et
1733 442 1787 479 sic

457 518 656 568 quodlibet
695 529 764 555 ens
796 516 1122 566 predicamentale
1156 522 1194 553 et
1229 516 1355 553 solum
1388 513 1608 552 huiusmodi
1650 512 1790 551 dicitur

457 597 628 627 creatum
644 601 653 635 3
684 599 753 625 ens
774 587 932 637 quidem
953 586 1164 636 analogum
1185 593 1242 624 est
1261 586 1429 635 primurn
1457 592 1638 630 creatum,
1658 584 1678 607 '¹‘
1700 582 1789 633 quia
1802 590 1886 620 22A

457 673 480 698 a
500 660 587 697 Deo
608 659 768 696 efficitur
798 659 879 695 sine
901 669 1016 695 causa
1038 664 1164 695 creata
1194 669 1269 706 que
1291 657 1418 706 ipsum
1444 655 1691 705 precederet:
1722 653 1791 691 sed

458 731 585 780 ipsum
606 729 905 779 presupponitur
929 735 1127 777 tamquam
1149 740 1264 765 causa
1284 727 1490 764 materialis
1517 726 1566 764 ad
1587 726 1663 763 hoe
1685 725 1790 774 quod

458 801 552 838 alius
573 801 734 838 effectus
761 799 1019 849 producatur;
1051 799 1147 836 sicut
1168 798 1217 836 ad
1246 798 1496 836 efficienciam
1516 797 1684 834 hominis
1704 808 1790 845 pre-

457 872 621 921 exigitur
659 870 813 916 animal,
847 876 884 907 et
917 870 966 906 ad
1004 869 1255 907 efficienciam
1293 868 1531 918 particularis
1565 867 1792 917 generaliter

458 943 546 992 plus
568 954 790 987 commune,
813 949 850 979 et
879 940 1228 989 correspondenter
1249 939 1510 989 quodcunque
1535 939 1728 983 divisibile,
1750 943 1792 975 ut
1808 944 1847 967 10

459 1013 667 1051 materialis
689 1013 910 1049 substancia
932 1012 978 1048 sit
999 1024 1047 1048 ex
1070 1011 1147 1048 suis
1167 1011 1339 1060 partibus
1369 1010 1610 1047 materialiter
1629 1022 1804 1047 causan-v

458 1086 570 1130 tibus,
593 1085 681 1134 quia
702 1084 908 1120 intrinsece
931 1094 1010 1119 non
1027 1089 1084 1120 est
1104 1082 1228 1119 forma
1246 1082 1417 1119 efficiens
1439 1082 1516 1119 sive
1539 1082 1637 1119 finis.
1696 1080 1793 1118 Ideo

459 1156 557 1193 sicut
578 1156 718 1193 domus
739 1155 778 1191 fit
793 1167 839 1191 ex
861 1154 938 1191 suis
959 1154 1128 1202 partibus
1149 1153 1421 1202 quantitativis,
1443 1159 1641 1202 tamquam
1666 1152 1793 1189 causis

459 1226 717 1264 materialibus
755 1225 820 1275 (ex
860 1224 1032 1262 secundo
1068 1224 1313 1262 Phisicorum
1345 1231 1383 1261 et
1421 1223 1540 1274 alibi),
1582 1223 1635 1260 sic
1674 1233 1792 1277 omne

458 1296 653 1334 materiale
674 1303 861 1344 quantum
882 1295 923 1332 fit
938 1307 985 1332 ex
1000 1295 1077 1332 Suis
1093 1295 1273 1344 partibus,
1289 1301 1475 1344 tanquam
1491 1294 1616 1332 causis
1640 1292 1793 1331 materi-
1809 1300 1847 1332 15

459 1369 582 1406 alibus
603 1368 730 1416 previe
751 1366 970 1415 requisiti53
1002 1366 1092 1415 quia
1113 1372 1237 1402 totum
1258 1372 1315 1402 est
1342 1377 1479 1403 omnes
1501 1377 1567 1402 sue
1595 1372 1731 1414 partes,
1752 1371 1794 1401 ut

460 1445 549 1488 post
570 1444 767 1486 tangetur:
794 1437 880 1474 ideo
901 1442 1051 1473 creatur
1072 1437 1109 1473 in
1131 1436 1209 1473 suis
1230 1436 1439 1485 principiis.
1468 1435 1519 1472 Et
1538 1442 1643 1485 patet
1659 1447 1794 1473 sensus

461 1509 580 1547 Eccli.
612 1509 710 1546 xviii.
748 1521 763 1545 1
799 1507 931 1558 (quem
960 1508 1212 1556 Augustinus,
1252 1513 1360 1545 notat
1378 1528 1433 1533 —
1453 1518 1567 1556 super
1606 1505 1704 1544 Gen.
1746 1507 1796 1544 ad

462 1581 636 1626 litteram,
656 1581 824 1630 capitulo
846 1578 915 1630 —)
938 1579 1042 1629 quod
1064 1579 1171 1616 Deus
1197 1579 1266 1627 φατ’
1281 1579 1376 1615 vivit
1402 1579 1442 1615 z'n
1469 1582 1629 1615 eternum
1659 1578 1801 1614 creavi!

462 1653 585 1688 omnia
599 1652 714 1688 simul
725 1664 744 1694 ,·
775 1651 908 1687 omnia
927 1650 1083 1699 quidem
1105 1650 1144 1685 in
1168 1649 1245 1686 suis
1266 1649 1393 1686 causis
1413 1648 1735 1698 primordialibus,
1756 1655 1797 1686 ut
1812 1656 1851 1677 20

460 1723 666 1771 generibus
701 1734 746 1758 ac
777 1721 990 1770 speciebus,
1012 1720 1071 1757 vel
1100 1720 1206 1757 aliter
1240 1719 1279 1756 in
1311 1719 1492 1757 essenciis
1524 1719 1795 1765 materialibus,

462 1793 678 1830 secundum
718 1791 893 1828 raciones
934 1790 1181 1828 absconditas
1229 1790 1443 1827 seminales.
1503 1789 1554 1827 Et
1592 1789 1641 1827 ad
1689 1789 1797 1826 illum

464 1875 620 1901 sensum
642 1863 777 1899 dicitur
796 1862 903 1911 quod
933 1861 1051 1906 Deus,
1075 1861 1139 1910 qui
1163 1861 1267 1911 prius
1298 1860 1388 1898 facit
1407 1860 1567 1898 effectus
1596 1860 1795 1909 principia,

464 1941 567 1972 creat
588 1934 714 1983 ipsum
736 1941 893 1982 propter
915 1932 1178 1969 habitudinem
1210 1931 1258 1968 ad
1287 1932 1455 1980 priorem
1476 1938 1603 1968 actum
1623 1931 1798 1981 quando-

465 2018 617 2054 cunque
638 2004 851 2041 secundum
873 2015 970 2053 opus
992 2003 1340 2040 administracionis
1361 2002 1488 2051 ipsum
1508 2002 1739 2051 produxerit.
1813 2010 1851 2042 ²5

519 2076 569 2113 Et
591 2081 693 2125 patet
714 2075 819 2124 quod
840 2074 1151 2123 philosophicum
1167 2080 1224 2110 est
1245 2085 1388 2122 ponere
1409 2073 1552 2110 nedum
1568 2073 1673 2122 quod
1693 2072 1799 2110 Deus

466 2148 512 2185 sit
527 2147 703 2196 potencie
722 2145 896 2190 creative,
911 2145 978 2182 sed
993 2144 1099 2194 quod
1114 2157 1192 2182 non
1210 2150 1335 2193 potest
1353 2144 1425 2181 nisi
1442 2143 1607 2181 creando
1620 2144 1800 2181 effectum

467 2229 714 2267 quemquam,
737 2223 778 2253 ut
798 2216 988 2252 mundum
1008 2215 1066 2252 vel
1094 2216 1262 2264 aliquam
1288 2214 1368 2252 eius
1395 2220 1554 2264 partem,
1576 2214 1800 2263 producere.

468 2290 575 2327 Patet
597 2289 673 2326 sic:
706 2288 814 2325 Deus
844 2299 925 2324 non
954 2293 1080 2336 potest
1110 2286 1287 2323 effectum
1317 2285 1538 2334 producere,
1561 2285 1634 2322 nisi
1657 2297 1680 2322 a
1703 2297 1800 2335 puro

468 2372 551 2397 esse
587 2359 812 2408 intelligibili
843 2358 892 2396 ad
921 2357 1117 2406 propriam
1149 2357 1397 2394 existenciam
1429 2356 1467 2392 in
1497 2368 1536 2393 se
1566 2355 1622 2393 vel
1654 2356 1694 2392 in
1724 2356 1800 2393 suis
1814 2368 1855 2399 30

468 2431 590 2468 causis
606 2429 829 2479 produxerit
846 2441 892 2465 ex
910 2427 1052 2465 nichilo
1069 2427 1108 2463 in
1128 2427 1290 2472 effectu;
1314 2425 1331 2445 *
1355 2427 1422 2463 sed
1443 2426 1474 2463 si
1495 2426 1558 2473 sic,
1577 2432 1668 2463 tunc
1685 2433 1798 2472 creat,
1814 2438 1844 2466 B

468 2514 515 2538 ex
533 2500 796 2549 descripcione
811 2511 925 2548 supra
943 2498 1091 2547 posita;
1122 2510 1214 2546 ergo
1232 2497 1442 2534 conclusio.
1492 2496 1620 2534 Maior
1636 2503 1738 2545 patet
1753 2509 1801 2534 ex

505 2596 525 2611 1.
550 2587 589 2611 Et
603 2595 655 2611 orn.
674 2586 704 2610 B.
807 2594 829 2617 9.
848 2584 1032 2616 generaliter
1041 2583 1078 2608 Α2
1088 2582 1126 2614 (in
1142 2583 1273 2614 marg.)B
1286 2582 1324 2608 C:
1346 2591 1398 2607 om.
1411 2583 1457 2607 A1.
1565 2583 1603 2613 18,
1621 2592 1658 2616 19.
1682 2582 1802 2608 Numeri

469 2620 531 2645 libri
545 2626 572 2645 et
587 2619 702 2651 capituli
716 2618 742 2644 in
757 2618 900 2644 codicibus
915 2618 1024 2643 desunt.
1097 2626 1136 2649 24.
1159 2619 1167 2645 ΙΙ
1181 2617 1408 2649 quandocunque
1422 2616 1444 2641 B
1458 2616 1475 2641 s.
1492 2625 1540 2641 222
1552 2624 1579 2641 A.

518 2688 565 2718 14.
591 2679 691 2708 Arist.
712 2678 809 2718 Phys.
828 2678 860 2707 ii.
880 2687 899 2716 9
917 2687 948 2717 p.
970 2685 1031 2707 200
1047 2686 1076 2706 a.

517 2731 565 2760 18.
592 2731 731 2770 August.
749 2729 788 2760 de
808 2730 889 2759 (jen.
908 2728 947 2759 ad
972 2728 1033 2758 litt.
1052 2727 1106 2757 vii.
1127 2729 1142 2763 ξ
1164 2727 1213 2765 28,
1233 2727 1320 2768 Opp.
1340 2735 1368 2765 3.
1392 2735 1451 2765 103
1468 2734 1497 2765 C,
1515 2735 1537 2757 D
1555 2737 1562 2764 ;
1586 2726 1693 2757 xxxiii.
1715 2729 1730 2764 ξ
1749 2735 1803 2767 52,

471 2793 502 2823 p.
525 2788 584 2822 179
603 2789 637 2813 G.
