2095 3278
212 209 296 263 380

878 215 1082 248 R1CARD1
1114 213 1417 246 ARMACHANI
1847 201 1948 254 [Lm.
1964 212 2027 243 111.

485 319 624 351 suadere
640 319 789 351 videntur
804 319 893 360 quod
917 318 1094 350 secundum
1113 318 1201 359 leges
1224 321 1336 349 nature
1359 316 1545 347 innocenter
1560 314 1704 346 viventes
1720 318 1811 355 pote·
1826 313 1920 355 [250

490 376 561 402 rant
577 371 685 411 aliqua
700 372 768 401 iure
783 371 916 412 proprio
932 370 1107 411 possidere.

429 429 477 460 13.
536 422 688 453 Tercium
712 422 877 453 decimum
899 421 1082 462 capitulum
1105 421 1297 452 auctoritate
1320 419 1423 450 sancti
1446 418 1626 449 Clementis
1648 421 1680 448 et
1702 415 1813 447 multi-

492 473 573 514 plici
588 474 720 504 racione
737 472 878 504 ostendit
895 472 992 513 quod,
1016 472 1043 503 si
1067 472 1177 502 Adam
1200 475 1232 503 et
1256 471 1305 502 sui
1328 470 1451 512 posteri
1474 469 1701 500 innocenciam
1723 472 1813 499 tenu-

492 525 601 562 issent,
619 524 731 555 nullus
746 535 859 556 eorum
877 524 963 554 filius
977 524 1215 565 possessionem
1231 522 1299 553 iure
1311 521 1446 563 proprio
1458 521 1625 562 propriam
1637 519 1813 551 habuisset.
1827 519 1844 551 5

429 589 478 621 14.
537 576 697 616 Quartum
714 575 876 606 decimum
892 575 1072 616 capitulum
1096 574 1198 605 obicit
1214 574 1386 605 difficulter
1401 573 1488 614 quod
1504 572 1667 613 possessio
1682 571 1767 602 iusta
1782 575 1816 602 et

492 627 627 668 propria
650 627 736 658 facto
760 627 828 657 iure
852 626 987 667 proprio
1010 630 1099 657 extat
1122 627 1227 662 iusta3
1251 629 1283 656 et
1307 624 1415 662 solvit,
1434 624 1606 655 ostendens
1630 622 1718 664 quod
1741 621 1815 653 solo

491 680 560 710 iure
577 678 742 710 communi
759 683 790 709 et
807 678 1006 719 privacione,
1022 688 1084 719 que
1100 675 1259 708 naturalis
1275 681 1332 712 est,
1350 680 1456 717 potest
1476 686 1545 707 esse
1561 674 1723 716 possessio
1740 684 1815 716 pro-

491 731 564 772 pria
579 730 666 761 facto
682 734 713 760 et
728 730 823 761 iusta.

429 795 478 827 15-
539 782 697 822 Quintum
719 780 884 812 decimum
908 780 1089 822 capitulum
1116 779 1215 811 solvit
1239 779 1336 810 unico
1358 779 1558 810 documento
1584 777 1730 808 obiectus
1754 786 1814 818 pro
1830 782 1870 806 10

492 833 695 876 proprietate
712 833 926 874 possessionis
942 832 1121 867 adductos-,3
1142 836 1173 862 et
1189 831 1290 863 obicit
1307 831 1347 862 de
1364 830 1444 862 cibis
1460 830 1492 860 in
1509 828 1692 868 stomacho,
1710 833 1815 859 osten-

489 886 571 917 dens
589 894 700 915 omnes
717 884 904 915 innocentes
920 883 1068 915 debuisse
1084 883 1203 914 habere
1223 882 1257 913 in
1278 882 1346 913 illis
1370 892 1428 923 par
1450 881 1499 912 ius
1515 880 1627 912 utendi
1645 884 1741 922 atque
1757 879 1814 911 do-

492 937 586 968 minii
601 935 758 977 quamdiu
773 935 976 966 mansissent.

431 991 480 1023 16.
539 989 672 1020 Sextum
684 988 847 1018 decimum
863 986 1043 1028 capitulum
1059 986 1234 1026 investigat
1256 984 1296 1016 ad
1321 989 1443 1026 quanta
1466 994 1499 1015 se
1521 987 1629 1025 potest
1645 983 1818 1015 extendere

495 1040 658 1082 possessio
674 1038 841 1070 naturalis.
1833 1046 1870 1078 15

432 1097 482 1131 17.
539 1091 722 1132 Septimum
738 1090 900 1121 decimum
916 1088 1097 1130 capitulum
1121 1088 1277 1129 patefacit
1298 1088 1386 1129 quod
1410 1087 1631 1128 possessiones
1654 1086 1817 1117 naturales
1828 1093 1895 1131 cap,
1909 1098 1974 1120 om,
1987 1095 2016 1119 Β,

494 1143 637 1185 predicte
658 1142 691 1172 in
716 1146 802 1172 statu
826 1141 1013 1172 innocencie
1029 1146 1060 1171 et
1077 1141 1108 1170 in
1126 1145 1211 1171 statu
1228 1139 1386 1181 presentis
1407 1138 1535 1170 miserie
1555 1143 1706 1179 poterant
1725 1138 1817 1169 abdi-

494 1194 581 1230 cari;
608 1198 640 1224 et
663 1192 835 1234 probabile
859 1202 927 1223 esse
951 1192 1092 1222 affirmat
1115 1191 1225 1221 Adam
1248 1201 1302 1222 eas
1325 1190 1495 1221 abdicasse
1518 1190 1645 1228 debere,
1669 1194 1705 1221 ut
1728 1190 1817 1230 peni-

494 1245 597 1278 tencie
613 1250 742 1285 tempus
755 1245 855 1275 daret.

432 1296 482 1331 18,
541 1296 705 1328 Octavum
721 1295 886 1327 decimum
902 1294 1082 1335 capitulum
1095 1293 1229 1335 exponit
1241 1294 1335 1324 illam
1345 1293 1540 1335 particulam
1552 1293 1685 1325 homini
1692 1296 1819 1324 natura
1834 1299 1873 1322 20

495 1348 652 1379 subiectas
668 1347 775 1388 posita
791 1347 825 1377 in
842 1346 1063 1387 descripcione
1078 1345 1246 1386 originalis
1261 1345 1410 1376 dominii.

433 1413 484 1446 19,
541 1400 675 1431 Nonum
699 1399 863 1430 decimum
889 1397 1081 1439 capitulum,
1111 1397 1151 1428 de
1176 1398 1276 1428 verbo
1304 1396 1421 1427 utendi
1440 1400 1651 1437 pertractans,
1677 1395 1819 1427 ostendit

497 1451 679 1483 dominium
695 1450 824 1480 diffiniri
841 1450 958 1481 debere
973 1460 1031 1491 per
1046 1459 1141 1480 usum
1159 1452 1191 1480 et
1207 1449 1296 1490 quod
1305 1459 1382 1479 usus
1397 1448 1540 1479 nobilior
1552 1452 1639 1479 extat
1650 1448 1798 1479 dominio
1810 1458 1819 1486 ;

496 1508 529 1535 et
546 1502 647 1534 obicit
662 1513 700 1533 ac
715 1501 873 1533 dissolvit.

435 1563 484 1584 20.
542 1554 744 1586 Vicesimum
767 1552 961 1594 capitulum,
985 1562 1150 1593 exponens
1171 1552 1261 1593 quod
1284 1552 1418 1582 verbum
1441 1551 1559 1582 utendi
1578 1551 1745 1592 importat,
1770 1560 1819 1581 os·
1836 1559 1873 1591 25

498 1606 600 1639 tendit
616 1616 710 1637 usum
726 1605 840 1636 haberi
857 1604 897 1635 de
914 1605 1008 1635 rebus
1023 1614 1083 1635 usu
1099 1604 1408 1644 consumptibilibus
1424 1607 1455 1634 et
1470 1613 1536 1633 non
1552 1601 1569 1620 *
1586 1602 1819 1644 consumptibi-
1833 1605 1866 1633 D

497 1660 594 1697 libus,
618 1657 814 1698 investigans
836 1656 977 1698 qualiter
1000 1666 1049 1687 res
1073 1661 1303 1688 consumuntur
1326 1666 1384 1697 per
1406 1665 1511 1693 usum,
1535 1654 1670 1694 scilicet,
1693 1665 1759 1685 non
1782 1664 1821 1685 ex

496 1715 578 1748 toto,
596 1714 628 1741 et
644 1709 784 1750 qualiter
800 1708 888 1749 leges
904 1708 1045 1739 humane
1061 1708 1194 1739 verbum
1211 1718 1291 1738 usus
1307 1707 1480 1748 accipiunt.

435 1774 484 1797 21.
542 1762 744 1793 Vicesimum
769 1760 911 1801 primum
935 1760 1115 1801 capitulum
1147 1759 1301 1800 patefacit
1330 1759 1419 1800 quod
1449 1757 1685 1790 irracionabilis
1714 1767 1820 1789 rerum

497 1813 654 1845 tractacio
676 1817 723 1843 est
746 1813 874 1848 abusus,
899 1815 932 1842 et
955 1811 1045 1852 quod
1069 1816 1175 1842 cetera
1198 1810 1383 1841 animancia
1405 1814 1486 1841 terre
1510 1820 1603 1840 usum
1626 1820 1732 1840 rerum
1755 1819 1820 1839 non
1834 1817 1875 1849 30

497 1865 640 1903 habent;
672 1868 703 1895 et
727 1863 830 1894 obicit
853 1873 890 1894 ac
913 1862 1084 1900 dissolvit3
1108 1863 1236 1902 iterum,
1267 1862 1413 1893 obiciens
1438 1861 1478 1892 de
1505 1861 1698 1902 corporibus
1722 1865 1754 1892 et
1780 1860 1821 1892 de

499 1915 638 1957 angelis,
656 1915 798 1946 ostendit
814 1914 902 1955 quod
917 1914 964 1945 eis
979 1914 1026 1945 uti
1044 1923 1184 1953 congrue
1200 1913 1407 1944 affirmamur.

437 1979 488 2002 22.
546 1968 747 1999 Vicesimum
763 1966 940 1998 secundum
957 1966 1138 2006 capitulum
1154 1965 1253 1996 solvit
1269 1965 1434 1996 obiectum
1455 1964 1495 1995 de
1514 1965 1707 2005 corporibus
1723 1963 1821 1995 celes-

501 2021 601 2058 tibus,
626 2019 762 2050 modum
788 2018 956 2049 declarans
980 2027 1046 2058 quo
1071 2018 1118 2048 eis
1138 2018 1269 2055 utimur,
1303 2021 1334 2048 et
1365 2016 1504 2058 qualiter
1534 2015 1698 2047 mediante
1728 2025 1821 2046 sensu

498 2081 705 2114 quocumque
720 2070 844 2101 utimur
859 2070 955 2101 rebus
972 2070 1117 2107 sensatis,
1134 2069 1212 2100 licet
1234 2068 1324 2109 leges
1346 2068 1496 2105 humane,
1516 2068 1591 2108 quia
1614 2068 1647 2098 in
1670 2067 1731 2098 tali
1746 2077 1822 2098 casu
1835 2066 1874 2098 35

499 2123 680 2164 corporalis
695 2122 913 2154 commoditas
928 2121 1021 2152 nulla
1037 2120 1225 2162 acquiritur,
1242 2121 1290 2151 uti
1305 2131 1365 2151 nos
1381 2120 1489 2151 taliter
1504 2130 1569 2150 non
1585 2119 1752 2150 affirment.

438 2190 453 2211 2
460 2190 489 2220 3,
545 2174 747 2206 Vicesimum
763 2173 899 2205 tercium
915 2173 1097 2214 capitulum
1113 2172 1153 2203 de
1169 2177 1245 2203 actu
1262 2172 1525 2212 consumpcionis
1540 2175 1723 2212 pertractat.

439 2242 489 2273 24·
547 2227 749 2257 Vicesimum
776 2230 928 2265 quartum
954 2224 1145 2265 capitulum,
1177 2224 1350 2255 obiciendo
1376 2228 1472 2264 atque
1500 2223 1658 2254 solvendo
1684 2224 1725 2254 de
1749 2226 1823 2253 actu

503 2278 657 2316 donandi,
673 2277 817 2308 declarat
833 2276 973 2318 qualiter
989 2276 1099 2307 Adam
1116 2286 1190 2307 cum
1212 2276 1301 2307 solus
1323 2281 1401 2314 erat,
1419 2280 1451 2307 et
1467 2279 1696 2315 consequenter
1712 2275 1823 2305 Adam

500 2336 532 2362 et
549 2331 619 2361 Eva
640 2334 672 2361 et
693 2340 806 2360 eorum
830 2329 963 2369 posteri,
982 2327 1087 2360 eciam
1106 2328 1210 2369 aliqui
1233 2329 1267 2358 in
1291 2327 1440 2369 presenti,
1458 2331 1609 2368 poterant
1628 2337 1666 2358 ac
1688 2330 1822 2367 possunt
1835 2333 1878 2365 40

499 2382 577 2413 dare
593 2382 680 2412 bona
695 2380 892 2411 communia.

440 2447 455 2468 2
462 2447 490 2478 5⁸
548 2433 751 2464 Vicesimum
774 2432 922 2473 quintum
945 2431 1125 2471 capitulum
1148 2431 1303 2472 patefacit
1327 2431 1467 2471 qualiter
1489 2429 1611 2467 Adam,
1636 2440 1710 2460 cum
1734 2428 1823 2459 solus

503 2490 583 2523 erat,
600 2484 714 2515 habuit
730 2483 919 2514 facultatem
935 2483 1098 2520 donandi;
1121 2487 1153 2514 et
1177 2483 1265 2524 quod
1288 2493 1347 2513 nec
1371 2487 1447 2513 tunc
1463 2492 1522 2513 nec
1538 2481 1749 2522 postmodum
1766 2491 1825 2511 nec

504 2537 608 2568 eciam
625 2536 658 2566 in
675 2535 815 2576 presenti
840 2535 947 2575 potuit
960 2539 1015 2564 aut
1028 2538 1132 2574 potest
1149 2534 1268 2575 aliquis
1279 2534 1452 2575 quicquam
1464 2534 1539 2563 dare
1553 2531 1826 2563 communicando

504 2598 598 2619 suum
615 2587 773 2627 originale
789 2586 982 2623 dominium,
995 2586 1071 2616 licet
1088 2596 1145 2626 per
1160 2586 1492 2616 communicacionem
1506 2595 1561 2615 seu
1578 2583 1826 2615 translacionem
1831 2582 1944 2623 potuit
1960 2589 2003 2612 M:

506 2639 719 2681 possessionis
735 2643 766 2669 et
784 2638 1024 2669 restriccionem
1041 2648 1116 2668 usus
1133 2638 1301 2678 originalis
1318 2637 1456 2667 dominii
1472 2636 1550 2666 dare
1566 2639 1746 2677 potuerant.
1838 2635 1902 2657 om.
1921 2633 1951 2656 B.

441 2692 490 2724 26.
548 2690 748 2722 Vicesimum
771 2694 897 2721 sextum
920 2689 1102 2730 capitulum
1127 2690 1268 2720 ostendit
1291 2689 1380 2730 quod
1404 2699 1463 2720 nec
1490 2688 1599 2718 Adam
1625 2698 1683 2718 nec
1708 2686 1825 2727 aliquis

506 2742 646 2774 filiorum
664 2742 731 2773 eius
747 2742 852 2783 potuit
869 2741 993 2781 aliquid
1008 2741 1083 2772 dare
1101 2741 1322 2772 transferendo
1344 2751 1436 2771 suum
1454 2739 1614 2781 originale
1629 2739 1822 2777 dominium,

508 2800 555 2826 set
571 2794 646 2825 aliis
662 2793 769 2826 modis
784 2793 936 2834 predictis
951 2803 958 2831 ;
982 2793 1173 2834 recolligens
1190 2804 1227 2824 ex
1244 2792 1416 2824 declaratis
1438 2793 1468 2823 in
1494 2791 1598 2833 primo
1618 2791 1712 2822 huius
1735 2790 1823 2832 quod
