2095 3278
447 563 496 587 11.

441 912 490 937 12.

437 1077 486 1109 13.

407 2175 473 2210 IX.

205 2230 298 2256 Adam
311 2230 437 2258 received

205 2264 323 2296 original
338 2266 463 2298 lordship

205 2297 247 2322 for
260 2298 374 2323 himself
382 2300 439 2325 and

204 2331 242 2356 all
255 2331 298 2358 his
310 2332 454 2366 offspring.

889 216 1093 249 RICARDI
1127 215 1430 248 ARMACHANI
1886 206 1985 261 [Lm.
2003 219 2049 249 11.

507 323 614 355 'erant
637 319 779 365 lapides
806 319 923 365 igniti,
948 320 1096 363 scilicet,
1120 320 1274 355 caritate
1300 319 1471 354 ardentes
1496 317 1581 363 (hoc
1607 317 1705 354 enim
1729 324 1835 354 sonat
1850 323 1947 365 [18A

511 380 676 424 zgm'lum
696 379 795 413 iuxta
812 378 901 413 illud
920 379 1036 423 Apoc.
1055 378 1104 412 iii.
1128 379 1179 421 18,
1200 378 1347 412 Suadeo
1364 377 1435 411 tz'bz·
1448 388 1565 410 emere
1581 388 1605 411 a
1624 388 1680 411 me
1697 388 1836 411 aurum

509 435 704 481 agnitum),
723 442 867 471 constat
893 437 1040 470 Cherub
1064 436 1189 479 fuisse,
1216 442 1255 470 ut
1279 441 1421 470 ceteros
1447 435 1608 479 angelos,
1627 435 1663 468 in
1681 434 1836 469 caritate

509 499 675 528 creatum
697 505 704 528 ε
732 494 830 528 unde
848 494 967 537 magis
993 500 1048 528 est
1067 494 1137 528 hoc
1156 494 1201 528 de
1220 493 1344 527 Adam
1363 492 1602 536 censendum,
1622 491 1679 526 cui
1699 492 1734 526 in
1753 498 1836 527 ortu

510 562 576 586 suo
595 552 722 586 mundi
741 551 921 586 inferioris
944 551 1108 595 regimen
1130 557 1165 586 et
1194 550 1399 585 dominium
1418 551 1521 584 Deus
1540 549 1735 585 commisit.
1784 550 1833 584 Et
1849 556 1867 589 5

508 608 619 643 nimis
637 609 822 644 videretur
844 610 1027 644 absonum
1048 621 1070 643 a
1091 608 1225 643 summi
1244 607 1406 643 Artificis
1431 607 1707 652 sapientissima
1729 607 1835 642 boni-

507 671 595 709 tate,
624 667 722 711 quod
758 666 821 700 filii
856 666 935 701 eius
967 673 1051 711 post
1079 666 1157 701 eius
1191 672 1385 711 peccatum
1418 672 1550 700 octavo
1585 665 1646 700 die
1681 665 1834 700 circum-

506 724 686 760 cisionem
704 731 766 759 aut
785 731 871 760 ante
889 731 1062 760 octavum
1080 725 1177 760 diem
1194 736 1259 769 per
1276 724 1376 759 aliud
1394 723 1557 767 regimen
1577 723 1645 758 sibi
1664 729 1699 758 et
1717 723 1792 758 suis
1811 734 1834 758 a

507 783 590 817 Deo
617 782 837 828 dispositum
855 782 1018 828 graciam
1038 783 1276 828 recepissent,
1295 789 1331 818 et
1349 782 1429 827 ipse
1450 782 1486 817 in
1505 788 1604 816 statu
1621 781 1715 816 virili
1732 783 1832 817 nulla
1835 814 1969 851 poterat

505 841 584 875 eius
602 842 711 885 culpa
735 847 798 875 aut
824 840 973 876 alterius
993 841 1054 886 qui
1079 847 1273 886 peccatum
1299 840 1336 874 in
1361 851 1445 875 eum
1468 840 1664 875 transferre
1687 845 1829 885 poterat
1843 863 1908 885 om,
1926 861 1958 886 B·

504 899 725 943 precedente
758 898 883 943 gracia
917 899 1108 934 caruisset.
1161 900 1291 941 Immo,
1312 898 1329 917 ’¹‘
1351 910 1420 933 nec
1454 898 1599 933 videtur
1632 898 1731 943 quod
1764 907 1872 943 perB

500 956 752 1001 penitenciam
778 956 1049 1001 gratificantem
1076 956 1240 1001 graciam
1268 956 1477 1001 recepisset,
1509 967 1593 990 cum
1622 955 1830 1001 penitencia

501 1025 575 1049 non
596 1014 756 1060 amplius
781 1014 951 1050 videatur
972 1015 1110 1050 habere
1137 1026 1247 1059 quam
1273 1015 1372 1060 quod
1397 1015 1445 1049 ad
1472 1021 1608 1049 statum
1634 1013 1830 1059 pristinum

502 1073 670 1107 restituat
694 1084 758 1108 seu
779 1079 925 1108 revocet
947 1073 1232 1117 delinquentem.
1281 1072 1437 1108 Videtur
1460 1072 1578 1107 eciam
1602 1071 1727 1106 multis
1745 1083 1828 1117 pro-

501 1130 624 1166 babile
647 1131 746 1176 quod
775 1142 850 1165 non
874 1130 1055 1174 potuisset
1082 1130 1160 1165 sine
1185 1129 1310 1175 gracia
1336 1130 1558 1165 animalibus
1583 1129 1734 1164 nomina
1760 1129 1826 1164 im·
1843 1135 1882 1168 15

498 1189 674 1233 ponendo
699 1196 762 1224 aut
788 1189 888 1223 aliud
906 1189 1105 1233 quicquam
1131 1188 1229 1223 circa
1254 1194 1443 1223 creaturas
1473 1189 1631 1232 agendo,
1658 1199 1827 1223 exercere

497 1253 536 1281 ut
571 1246 755 1290 dominus,
793 1252 830 1282 et
865 1246 958 1281 sicut
990 1252 1207 1291 congrueret
1240 1247 1293 1281 eis
1329 1246 1409 1281 uti:
1445 1246 1534 1291 quin
1565 1246 1694 1291 pocius
1722 1252 1826 1281 actus

495 1305 680 1339 diceretur
703 1305 841 1339 abusus
866 1311 928 1339 aut
947 1304 1068 1339 minus
1087 1311 1195 1349 aptus
1219 1316 1331 1349 quam
1358 1304 1488 1338 mundi
1507 1303 1684 1339 inferioris
1701 1316 1724 1338 a
1743 1304 1826 1339 Deo

494 1362 698 1398 constituto
726 1363 914 1408 preposito
945 1363 1181 1407 conveniret;
1210 1374 1294 1397 cum
1322 1374 1397 1397 non
1425 1363 1553 1397 fuisset
1578 1362 1751 1407 precipue
1775 1364 1823 1398 ad
1836 1369 1873 1396 to'z
1890 1373 1929 1396 Μ.

492 1421 645 1455 laudem
679 1432 745 1455 seu
780 1421 937 1466 gloriam
972 1421 1027 1456 sui
1062 1421 1318 1456 constituentis
1355 1420 1542 1456 Creatoris
1576 1421 1720 1465 relatus,
1754 1433 1822 1456 nec
1835 1425 1962 1457 censetis
1979 1434 2018 1458 M.

493 1485 621 1522 gestus
652 1479 908 1524 principaliter
929 1486 1080 1524 propter
1105 1490 1201 1514 eum.
1250 1479 1369 1513 Amor
1392 1478 1492 1514 enim
1522 1479 1700 1514 naturalis
1727 1491 1823 1514 nun-

493 1548 605 1582 quam
631 1544 754 1582 potest
773 1537 972 1582 quicquam
990 1544 1134 1572 tantum
1161 1536 1316 1581 diligere
1337 1543 1377 1572 ut
1399 1548 1438 1572 se
1456 1537 1601 1582 ipsum3
1630 1537 1736 1572 sicuti
1754 1549 1823 1572 nec

492 1601 614 1639 potest
633 1596 829 1640 quisquam
849 1602 992 1630 tantum
1010 1595 1226 1630 naturaliter
1243 1595 1440 1640 quicquam
1458 1595 1559 1630 odire
1577 1601 1615 1630 ut
1633 1595 1687 1630 sui
1707 1596 1822 1641 ipsius

491 1652 679 1688 interitum
695 1665 702 1689 :
723 1654 794 1689 hoc
812 1654 913 1689 enim
931 1665 1062 1688 sensus
1080 1653 1187 1688 huius
1201 1653 1302 1688 verbi
1321 1654 1499 1688 naturalis
1518 1665 1621 1688 amor
1635 1653 1820 1699 importat.

493 1711 550 1745 Ex
567 1711 638 1746 hiis
659 1711 712 1756 (ut
731 1712 844 1747 michi
862 1711 1021 1756 videtur)
1041 1711 1277 1747 racionaliter
1293 1718 1400 1756 potes
1418 1711 1551 1746 inferre
1569 1713 1669 1757 quod
1687 1713 1820 1747 caritas
1835 1725 1873 1757 25

491 1768 568 1804 sive
586 1770 712 1814 gracia
730 1770 848 1814 primo
872 1770 1014 1804 homini
1035 1770 1073 1805 in
1100 1770 1241 1815 origine
1265 1781 1332 1804 sua
1356 1770 1425 1805 sibi
1449 1771 1583 1805 collata
1607 1769 1674 1805 fuit
1693 1771 1820 1815 previa

489 1838 603 1862 causa
627 1827 781 1862 dominii
807 1834 843 1863 et
867 1839 980 1863 causa
1001 1828 1177 1872 cuiusque
1200 1833 1305 1863 actus
1324 1828 1431 1862 huius
1450 1828 1601 1862 dominii
1622 1827 1675 1873 (ut
1693 1828 1819 1863 statim

489 1884 633 1929 plenius
659 1886 837 1920 clarescet
865 1884 1057 1930 inferius):
1085 1886 1185 1920 unde
1209 1886 1330 1920 nullus
1357 1886 1403 1921 de
1429 1886 1542 1930 stirpe
1568 1885 1683 1931 ipsius
1708 1886 1817 1931 primi

488 1943 652 1987 parentis
675 1943 862 1978 seminalis
888 1944 996 1987 filius,
1015 1943 1134 1979 donec
1158 1955 1180 1978 a
1206 1949 1359 1988 peccato
1386 1943 1584 1978 mundetur
1600 1950 1636 1979 et
1653 1944 1817 1988 graciam

487 2000 762 2044 gratificantem
798 2001 990 2046 receperit,
1026 2001 1125 2036 istud
1160 2000 1363 2036 dominium
1396 2007 1519 2046 potest
1553 2001 1716 2047 recipere
1752 2013 1815 2038 seu
1829 2014 1871 2045 30

486 2058 635 2094 habere.

536 2174 763 2208 IOHANNES.
785 2175 865 2209 Iam
884 2185 993 2210 cerno
1006 2174 1105 2220 quod
1119 2173 1216 2209 istud
1236 2174 1443 2210 dominium
1457 2174 1591 2209 dicitur
1613 2174 1814 2210 auctoritas

487 2230 676 2275 originalis
700 2232 872 2276 humana,
892 2232 978 2277 quia
1003 2233 1110 2277 primi
1137 2233 1298 2268 hominis
1324 2232 1509 2268 concernit
1535 2232 1737 2277 originem3
1776 2240 1812 2268 et

486 2300 561 2323 non
595 2289 718 2324 minus
752 2301 795 2324 ex
829 2290 953 2325 multis
987 2290 1196 2325 racionibus
1230 2291 1419 2336 premissis
1457 2291 1608 2325 attendo
1642 2292 1740 2335 quod
1774 2291 1811 2326 in

484 2346 625 2391 origine
655 2348 786 2382 ceteris
814 2359 890 2382 non
921 2349 1085 2392 adheret,
1111 2355 1167 2383 set
1194 2355 1283 2383 tunc
1314 2350 1465 2383 demum
1494 2359 1578 2383 cum
1605 2360 1671 2383 suo
1694 2349 1810 2393 primo
1824 2357 1863 2390 35

484 2405 625 2449 parenti
660 2404 697 2439 in
732 2405 956 2441 iustificante
990 2407 1066 2441 sive
1100 2407 1330 2450 gratificante
1364 2406 1490 2451 gracia
1523 2406 1809 2449 conformantur,

483 2462 660 2507 quoniam
690 2474 764 2497 non
792 2464 953 2498 melioris
981 2464 1210 2499 condicionis
1241 2464 1278 2498 in
1313 2465 1384 2499 hoc
1413 2475 1495 2499 esse
1529 2464 1668 2498 debent
1698 2476 1809 2509 quam

483 2520 583 2564 ipse:
611 2527 665 2555 set
684 2521 851 2565 nunquid
869 2521 927 2556 ille
951 2522 1092 2566 primus
1116 2533 1182 2566 pro
1201 2534 1240 2557 se
1260 2523 1349 2566 solo,
1368 2533 1415 2556 an
1439 2533 1505 2566 pro
1524 2533 1564 2556 se
1582 2527 1617 2556 et
1636 2522 1809 2558 omnibus

482 2578 528 2612 de
544 2589 610 2612 sua
624 2579 810 2622 progenie,
824 2578 912 2613 illud
927 2579 1143 2624 primarium
1157 2591 1179 2615 a
1194 2580 1275 2615 Deo
1289 2579 1433 2625 accepit
1446 2579 1662 2623 dominium,
1675 2580 1807 2615 vellem

481 2646 504 2669 a
522 2642 557 2670 te
575 2636 838 2679 probacionem
856 2637 1032 2681 accipere.
1819 2642 1861 2673 40

527 2695 756 2728 RICARDUS.
784 2694 880 2738 Quia
914 2695 1014 2739 quod
1047 2695 1189 2739 expetis
1223 2694 1472 2730 necessarium
1506 2695 1802 2730 conclusionibus

481 2750 615 2785 nostris
642 2751 836 2795 prospicio,
856 2751 940 2787 licet
960 2753 997 2786 id
1021 2753 1189 2797 superius
1213 2752 1259 2787 sit
1278 2759 1478 2796 ostensum,
1498 2753 1583 2798 quia
1600 2753 1802 2788 dominium
1818 2756 1911 2788 istud
1925 2765 1965 2790 M.

473 2808 570 2843 >illud
589 2808 799 2853 specificam
824 2816 992 2845 naturam
1020 2810 1152 2845 iustam
1180 2811 1424 2856 consequitur,
1442 2811 1533 2846 alias
1560 2817 1682 2846 tamen
1708 2810 1802 2846 illius
