2008 3305
172 189 200 225 4
854 186 917 216 DE
950 185 1168 217 noixssNro
1202 186 1378 217 D1V1No
1627 174 1730 232 [CAP.
1755 185 1783 217 Ι.

454 302 538 338 eslz's
558 302 659 338 eius?
678 300 793 339 Unde
810 307 919 339 vocat
933 314 1057 339 servos
1078 303 1216 339 iusticie
1231 302 1288 339 vel
1299 306 1446 351 peccalo
1461 313 1709 351 quoscunque
1723 300 1788 350 qui
1804 303 1871 344 [lD

454 372 524 409 illis
537 373 656 410 active
671 372 847 418 serviunt,
855 379 891 409 et
903 372 1034 409 liberos
1047 374 1190 410 z'uslz'czie
1203 379 1425 421 peccatores
1440 373 1505 421 qui
1519 373 1687 422 exempti
1701 378 1790 409 sunt

454 444 503 480 ab
517 444 637 481 activa
651 443 795 481 iusticie
813 444 988 480 servitute
1003 456 1011 481 :
1030 450 1066 480 et
1080 444 1128 481 ad
1141 444 1380 481 conformem
1398 456 1554 481 sensum
1568 444 1701 480 dicitur
1714 444 1788 480 ius-

454 521 514 552 tus
529 515 770 563 lz'berpeccalo
786 527 831 552 eo
845 515 950 564 quod
965 521 1020 553 est
1034 516 1103 553 sibi
1117 515 1369 564 deobligatus‚
1381 527 1469 552 cum
1483 522 1611 552 tamen
1628 515 1698 551 sibi
1712 527 1787 551 ser-

454 585 529 623 vire
550 587 701 635 poterit.
734 586 904 624 Strictius
920 593 1049 624 tamen
1065 592 1102 624 et
1117 586 1239 635 magis
1254 586 1488 636 pertinenter
1508 586 1627 623 menti
1647 585 1787 635 politici
1803 598 1819 630 5

455 657 589 694 dicitur
608 663 745 694 natura
766 657 967 695 racionalis
990 670 1065 707 que
1085 663 1210 706 preest
1231 657 1303 695 sibi
1323 657 1488 703 subdito,
1510 657 1590 694 eius
1610 658 1789 694 dominus.

179 743 200 759 2·
219 733 402 765 Dcscrzfflion
415 733 451 766 of
510 728 626 766 Unde
665 728 713 766 ad
751 728 854 766 hunc
894 740 1051 766 sensum
1086 735 1215 778 potest
1247 729 1464 766 dominium
1508 729 1560 766 sic
1600 728 1765 765 describi
1781 741 1788 764 :

178 768 202 792 L
224 767 307 792 ναξ-ἦκ’
327 786 332 792 .

206 776 220 793 0
301 770 324 799 p
458 799 685 837 Dominium
715 806 772 837 est
805 799 990 837 habitudo
1025 805 1160 837 nature
1192 799 1396 837 racionalis
1430 799 1644 837 secundum
1674 810 1791 848 quam

177 845 341 911 ssfsshabie
457 871 731 908 denominatur
769 883 841 908 suo
878 871 1011 920 prefici
1050 871 1240 908 servienti.
1316 870 1458 915 Primo,
1498 870 1629 920 quoad
1668 881 1791 918 genus

457 942 628 988 dominii,
650 948 756 990 patet
776 942 881 991 quod
910 942 956 979 sit
976 942 1132 987 relacio,
1151 948 1189 979 et
1208 954 1276 991 per
1305 954 1550 992 consequens
1579 941 1765 978 habitudo
1783 953 1790 978 :
1807 954 1847 975 10

457 1025 548 1050 nam
577 1013 758 1050 dominus
784 1019 821 1050 et
848 1025 977 1050 servus
998 1011 1062 1062 <ex
1090 1012 1393 1051 Predicamentis
1419 1020 1456 1050 et
1476 1013 1610 1062 quinto
1638 1011 1791 1049 Metha-

456 1082 620 1135 phisice)
653 1084 833 1121 dicuntur
866 1084 916 1121 ad
950 1084 1105 1134 aliquid,
1137 1090 1174 1121 et
1205 1096 1275 1133 per
1309 1096 1554 1133 consequens
1588 1083 1680 1120 illud
1714 1094 1792 1132 quo

178 1158 201 1184 b·
221 1156 380 1190 pertaining
456 1154 665 1192 formaliter
694 1155 874 1192 dicuntur
902 1154 1127 1192 huiusmodi
1157 1161 1215 1192 est
1243 1155 1396 1192 relacio.
1453 1155 1502 1193 Et
1532 1155 1639 1204 quod
1668 1154 1793 1191 solum

179 1192 224 1218 onl
259 1196 288 1217 to
301 1191 349 1216 the

179 1201 343 1251 reagfflable
458 1233 592 1263 nature
622 1226 826 1263 racionalis
847 1224 905 1275 (ut
934 1225 1020 1272 Dei,
1044 1226 1183 1275 angeli,
1205 1232 1243 1263 et
1272 1225 1457 1276 hominis)
1480 1227 1526 1263 sit
1556 1226 1606 1263 ad
1634 1237 1792 1263 sensum

179 1264 288 1288 nature,

459 1297 676 1345 expositum
691 1297 894 1343 dominari,
908 1303 1012 1346 patet
1025 1309 1072 1334 ex
1086 1296 1160 1334 hoc
1174 1297 1279 1347 quod
1295 1297 1511 1334 dominium
1526 1297 1580 1334 sic
1594 1303 1792 1345 sumptum
1809 1310 1846 1342 15

457 1367 549 1404 dicit
569 1368 872 1416 preminenciam
893 1367 942 1404 ad
963 1367 1175 1417 regendum
1196 1374 1302 1405 actus
1323 1368 1477 1413 liberos,
1498 1367 1606 1417 quod
1633 1379 1713 1404 non
1735 1376 1792 1406 est

457 1438 616 1476 alicuius
636 1438 742 1487 quod
763 1445 820 1475 est
839 1445 976 1476 natura
992 1438 1174 1475 racionali
1195 1438 1362 1476 inferius.
1405 1438 1521 1476 Unde
1542 1440 1710 1476 dominus
1728 1439 1746 1461 *
1770 1451 1791 1475 a
1805 1450 1864 1479 2A

459 1511 560 1547 domo
591 1509 737 1554 dicitur,
766 1510 857 1559 quia
891 1510 1040 1547 domini
1073 1515 1131 1546 est
1160 1509 1322 1547 domum
1351 1510 1580 1559 gubernare,
1611 1517 1653 1546 ut
1687 1509 1794 1546 Deus

459 1581 648 1629 gubernat
667 1587 795 1617 creata
816 1578 882 1631 (de
902 1593 979 1630 qua
999 1580 1152 1618 Baruch
1171 1581 1220 1617 iii.
1241 1593 1288 1627 24
1309 1580 1455 1626 dicitur,
1477 1580 1510 1617 O
1529 1580 1663 1626 Israel,
1682 1593 1792 1628 quam

460 1665 598 1700 magna
618 1656 671 1688 esl
687 1653 813 1689 domus
832 1651 1009 1702 Domini)
1023 1664 1033 1698 ;
1063 1652 1133 1699 vel,
1153 1659 1195 1690 ut
1215 1653 1297 1690 aliis
1316 1652 1454 1701 placet,
1475 1653 1641 1689 dominus
1660 1652 1792 1689 dicitur
1807 1664 1847 1686 20

460 1723 733 1772 ethimologice
759 1723 869 1773 quasi
893 1724 937 1760 do
961 1724 1108 1760 minas:
1139 1728 1176 1760 et
1202 1723 1409 1772 utrobique
1433 1730 1546 1760 sonat
1572 1729 1706 1760 nature
1733 1735 1792 1759 ra-

460 1793 601 1831 cionali
630 1794 785 1843 proprie
815 1794 1016 1842 pertinere,
1038 1794 1134 1831 sicut
1163 1800 1200 1831 et
1231 1793 1388 1839 donare,
1411 1794 1630 1838 comodare,
1653 1805 1793 1839 emere,

181 1870 447 1936 Foovtvgpggffssglfsfhe
462 1864 638 1910 vendere,
652 1870 689 1902 et
708 1865 771 1902 alii
787 1864 893 1901 liberi
914 1870 1021 1902 actus
1042 1864 1216 1902 dominii.
1274 1863 1388 1901 Unde
1410 1875 1490 1900 non
1511 1864 1682 1913 sequitur
1702 1864 1794 1901 irra-

460 1935 664 1973 cionabilia
693 1947 741 1972 ex
771 1947 844 1972 usu
874 1935 1112 1972 vescibilium
1145 1934 1289 1972 habere
1320 1934 1537 1972 dominium
1569 1946 1680 1984 super
1711 1935 1792 1972 illa:

459 2006 565 2056 quod
580 2006 726 2044 videtur
749 2011 897 2043 textum
917 2005 1081 2043 Genesis
1104 2006 1231 2055 primo
1252 2005 1420 2055 capitulo
1444 2006 1556 2043 nobis
1580 2006 1792 2051 ostendere,
1808 2019 1846 2051 25

458 2078 524 2115 ubi
537 2077 644 2114 Deus
660 2077 715 2114 sic
728 2076 934 2126 alloquitur
950 2076 1097 2125 primos
1110 2083 1305 2125 parentes:
1329 2075 1434 2121 Ecce,
1449 2076 1644 2113 dedz‘vobz's
1659 2089 1794 2113 omnem

458 2149 607 2186 herbam
625 2148 832 2198 afferentem
852 2160 967 2185 semen
982 2154 1091 2196 super
1103 2151 1255 2193 terram,
1271 2151 1304 2184 et
1320 2148 1443 2184 omnia
1463 2148 1567 2196 lzjgrna
1587 2160 1652 2195 que
1667 2147 1799 2184 habent

459 2221 499 2257 in
528 2220 723 2267 semetzpsz's
751 2222 934 2256 sementem
957 2219 1107 2266 generis
1126 2219 1196 2263 sui,
1217 2221 1259 2254 ul
1273 2219 1351 2254 sint
1377 2218 1477 2255 vobis
1506 2219 1546 2255 in
1574 2231 1689 2254 escam
1705 2231 1724 2261 ‚·
1764 2222 1798 2254 el

497 2326 536 2349 13.
554 2317 698 2343 dicuntur
708 2316 733 2342 A
742 2316 765 2343 C
777 2323 783 2342 :
803 2319 872 2341 sunt
886 2315 917 2341 B.
1003 2324 1041 2348 19.
1061 2316 1165 2341 creata
1179 2314 1237 2342 AC
1249 2321 1255 2341 Ξ
1275 2317 1406 2341 creatam
1420 2315 1452 2341 B.
1532 2324 1572 2340 21.
1593 2315 1629 2340 do
1642 2315 1737 2341 minas
1751 2314 1773 2340 B
1786 2321 1792 2341 :

461 2351 497 2376 do
509 2352 627 2377 minans
639 2351 665 2377 A
674 2350 703 2377 C·
833 2352 874 2377 26.
895 2352 904 2380 ΙΙ
912 2349 1025 2382 primos
1040 2349 1062 2374 B
1075 2349 1092 2375 f.
1106 2358 1154 2375 212
1164 2357 1188 2376 c.
1321 2350 1360 2375 28.
1380 2351 1414 2374 ut
1427 2348 1452 2374 A
1463 2348 1486 2375 C
1497 2354 1503 2375 ἓ
1522 2351 1551 2374 et
1564 2348 1594 2373 B.

513 2443 562 2465 11.
587 2434 707 2466 Omnia
724 2437 833 2465 autem
854 2443 939 2474 quae
955 2437 1029 2465 sunt
1048 2433 1091 2464 ad
1112 2433 1245 2473 aliquid,
1264 2432 1307 2463 ad
1329 2432 1550 2464 convertentia
1566 2432 1733 2463 dicuntur:
1759 2437 1795 2464 ut

464 2496 573 2517 servus
604 2485 729 2516 domini
760 2495 881 2525 servus,
908 2489 940 2517 et
966 2485 1119 2516 dominus
1143 2485 1224 2515 servi
1249 2484 1402 2514 dominus
1429 2494 1496 2515 esse
1521 2483 1661 2515 dieitur:
1694 2484 1795 2515 Arist.

462 2537 607 2569 Praedie.
632 2537 665 2568 ii.
685 2546 714 2576 3,
738 2536 827 2577 Opp.
851 2547 925 2567 cum
948 2546 1066 2567 comm.
1085 2536 1198 2566 Averr.
1221 2544 1247 2567 1.
1267 2535 1287 2566 f.
1309 2544 1346 2576 19
1363 2542 1397 2571 A,
1420 2534 1542 2566 Venice
1563 2544 1643 2575 1552
1664 2534 1793 2576 (Categ.

460 2589 514 2620 vii.
534 2599 565 2629 p.
582 2588 601 2618 6
619 2589 675 2628 ὰ).
723 2588 773 2619 Cf.
793 2587 944 2629 Metaph.
962 2588 1002 2618 iv.
1023 2588 1085 2627 (v.)
1107 2596 1156 2627 15,
1175 2587 1263 2628 Opp.
1283 2587 1310 2617 8.
1331 2587 1351 2617 f.
1369 2586 1420 2618 60.

508 2646 557 2680 17.
581 2640 632 2671 Cf.
652 2639 745 2671 Rich.
767 2639 960 2680 FitzRalph,
980 2638 1183 2679 archbishop
1207 2639 1245 2669 of
1263 2637 1423 2678 Armagh‚
1442 2638 1481 2669 de
1504 2638 1659 2679 Pauperie
1683 2637 1794 2669 Salva-

462 2692 541 2723 toris
555 2692 595 2722 iv.
608 2702 644 2731 4:
666 2692 750 2722 Cum
767 2691 921 2721 dominus
933 2701 952 2721 a
965 2691 1055 2721 domo
1071 2690 1209 2725 dicatur,
1222 2700 1261 2721 eo
1275 2689 1362 2730 quod
1379 2689 1477 2730 presit
1490 2694 1544 2720 aut
1559 2699 1684 2730 preesse
1696 2689 1795 2721 debet

462 2743 584 2782 domui,
602 2745 662 2774 διο.
709 2743 781 2774 The
798 2753 935 2783 passage
953 2742 980 2774 is
996 2742 1092 2778 cited,
1111 2742 1162 2773 De
1179 2741 1241 2773 civ.
1259 2742 1359 2772 Dom.
1377 2741 1397 2773 i.
1418 2750 1434 2780 5
1453 2750 1484 2781 p.
1504 2740 1555 2780 36.

497 2793 546 2825 26.
572 2795 654 2826 Gen.
673 2794 692 2825 i.
715 2803 764 2835 29,
783 2803 835 2833 30.
