2095 3278
61 191 313 250 CAP.XX111.]
595 205 660 237 DE
693 205 933 238 PAUPERIE
967 206 1278 239 SALVATORIS.
1794 206 1878 250 475

167 310 266 352 4713]
282 319 456 353 apparere
486 308 607 354 ipsum
633 310 724 345 velle
752 310 803 345 rei
830 311 944 355 ipsius
975 311 1180 345 dominium
1206 310 1382 345 retinere:
1416 316 1452 345 et
1478 310 1601 344 adhuc

279 366 449 401 bifariam
467 373 587 412 potest
606 368 642 402 id
660 368 792 410 facere,
807 375 867 403 aut
882 369 1069 403 voluntate
1086 368 1206 403 verbis
1225 368 1416 412 conformi,
1431 368 1483 402 sic
1501 368 1601 413 quod

277 424 390 459 nichil
409 424 446 460 in
463 426 652 460 voluntate
669 432 772 470 gerat
790 426 942 461 interius
966 438 1031 471 per
1049 427 1149 471 quod
1172 427 1273 471 apud
1292 427 1415 461 Deum
1434 432 1602 461 censetur

277 483 434 518 retinere
459 483 686 527 dominium3
713 490 776 518 aut
802 484 901 529 quod
927 483 965 518 in
984 484 1172 519 voluntate
1198 485 1336 519 habeat
1361 485 1478 519 solam
1501 495 1599 518 com-

245 543 262 576 5
278 541 495 576 moditatem
521 553 608 576 usus
634 547 669 576 et
693 542 991 587 consumpcionis
1010 542 1077 577 tibi
1099 542 1316 586 concedere,
1332 554 1407 576 non
1425 541 1602 584 donandi,

277 599 474 642 vendendi,
503 605 565 633 aut
596 598 826 634 distrahendi
859 599 971 634 modo
1004 599 1075 634 alio
1108 600 1331 642 facultatem,
1363 599 1470 634 sicuti
1505 599 1602 634 iuxta

276 668 385 692 casus
414 656 619 701 superiores
648 657 786 692 faciunt
812 657 981 692 homines
1011 669 1099 702 sepe
1129 669 1213 692 cum
1243 658 1319 693 suis
1346 657 1430 692 filiis
1457 664 1492 692 et
1520 656 1602 692 aliis

277 715 353 749 suis
395 715 631 750 servitoribus
665 715 712 750 de
750 715 881 759 quibus
915 716 1118 750 confidunt.
1182 717 1225 750 In
1259 727 1414 761 quorum
1447 727 1601 750 casuum

276 772 395 817 primo
424 779 479 807 est
511 772 705 807 abdicacio
734 784 823 810 vera
855 773 1023 816 dominii,
1054 785 1138 808 cum
1172 773 1350 808 concedat
1385 773 1601 818 simpliciter

225 837 264 859 10
277 830 503 865 antecedens
535 831 585 865 ad
618 830 866 875 amissionem,
898 831 1011 866 nichil
1045 831 1116 866 sibi
1149 837 1306 866 retento.
1359 832 1402 866 In
1436 831 1600 865 secundo

277 899 366 922 casu
399 899 473 923 non
506 888 701 923 abdicatur
734 888 952 933 dominium,
987 900 1071 924 cum
1104 889 1143 924 id
1176 889 1268 924 nolit
1302 901 1370 924 nec
1404 888 1600 934 quicquam

274 946 361 980 facit
383 946 482 980 unde
502 946 692 981 abdicacio
710 946 792 981 talis
811 947 1057 992 consequitur,
1076 946 1176 982 iuxta
1201 947 1371 991 exempla
1394 947 1599 992 premissa:

274 1010 554 1048 verumptamen
581 1004 618 1039 in
644 1004 716 1038 hoc
741 1015 830 1039 casu
855 1005 1031 1049 secundo,
1050 1005 1138 1050 quia
1162 1004 1199 1039 in
1224 1004 1323 1039 facto
1347 1005 1493 1039 videtur
1516 1015 1599 1039 esse

275 1061 467 1096 abdicacio
494 1061 646 1096 dominii
675 1062 879 1097 secundum
907 1062 986 1097 iura
1013 1063 1190 1106 humana,
1217 1074 1287 1107 que
1317 1063 1364 1097 de
1393 1062 1599 1097 manifestis

222 1122 259 1154 15
275 1119 450 1163 iudicant,
470 1119 681 1154 censebitur
706 1120 913 1155 dominium
939 1120 1164 1165 abdicatum,
1185 1127 1221 1155 et
1246 1122 1317 1156 hoc
1345 1121 1454 1156 debet
1471 1120 1598 1156 verisi-

273 1177 408 1212 militer
421 1177 595 1212 estimari.
635 1177 747 1212 Unde
765 1177 864 1212 idem
882 1178 1053 1213 dominus
1069 1180 1103 1213 N
1110 1179 1273 1214 icholaus
1289 1180 1347 1213 III
1369 1179 1406 1213 in
1425 1178 1599 1213 decretali

273 1235 440 1280 predicta
456 1235 572 1269 Exiit
587 1235 674 1270 dicit
692 1236 796 1280 quod
806 1239 950 1281 semper
964 1238 1113 1281 quando
1124 1238 1288 1282 pecunia
1295 1237 1489 1282 fratribus
1506 1238 1600 1281 ipsis

273 1295 444 1328 mittitur
458 1295 522 1328 vel
536 1295 700 1339 ffrtur,
719 1295 798 1328 uisi
815 1297 982 1340 expresse
996 1297 1071 1340 per
1086 1297 1290 1329 mittentem
1308 1296 1371 1329 vel
1391 1295 1598 1339 ffrentem

272 1352 386 1386 aliud
405 1353 654 1397 exprimatur,
678 1355 839 1397 prorsus
868 1353 992 1387 oblata
1020 1355 1262 1399 intelligatur
1285 1354 1349 1388 vel
1373 1354 1497 1387 missa.
1548 1354 1598 1388 Et

220 1416 260 1437 20
273 1416 358 1444 ante
388 1410 424 1444 in
451 1410 583 1445 eadem
612 1410 711 1454 dicit,
741 1411 812 1445 Ad
838 1410 905 1445 hoc
933 1422 1015 1445 cum
1034 1411 1184 1456 fratres
1213 1413 1289 1457 ipsi
1311 1411 1433 1446 nichil
1457 1411 1530 1445 sibi
1556 1412 1597 1445 in

271 1469 426 1513 speciali
445 1470 637 1513 acquirere
653 1468 719 1503 vel
731 1480 857 1503 eorum
875 1470 1004 1504 ordini
1018 1472 1180 1514 possunt
1200 1471 1316 1504 eciam
1337 1471 1378 1504 in
1398 1469 1596 1511 communi,

54 1531 85 1559 et
99 1531 196 1558 tam..·
271 1530 308 1560 et
334 1529 458 1560 tamen
487 1526 639 1570 aliquid
652 1528 813 1571 propter
833 1527 956 1561 Deum
982 1528 1076 1572 ipsis
1101 1528 1266 1572 offertur,
1292 1527 1510 1570 conceditur,
1536 1526 1601 1560 vel

54 1582 127 1601 cum
146 1579 177 1601 B·
270 1585 445 1627 donatur,
470 1596 514 1619 ea
541 1583 591 1629 (si
611 1596 714 1619 secus
737 1595 811 1619 non
836 1585 1042 1630 exprimat)
1069 1586 1264 1630 offerentis,
1288 1585 1513 1620 concedentis
1537 1585 1601 1619 vel

54 1625 257 1699 {zzz-singna
271 1643 447 1677 donantis
472 1643 735 1677 verisimiliter
745 1643 872 1688 fuisse
895 1644 1073 1678 credatur
1097 1645 1266 1687 intencio,
1295 1647 1339 1677 ut
1363 1655 1441 1678 rem
1468 1643 1597 1677 huius-

55 1712 151 1742 Deer.
272 1702 375 1735 modi
402 1701 573 1744 oblatam,
604 1712 819 1747 concessam,
846 1701 1024 1736 donatam
1046 1702 1218 1747 perfecte,
1246 1702 1363 1744 donet,
1393 1705 1429 1735 et
1456 1702 1597 1746 cffirat,

44 1765 155 1806 fuisse
170 1776 231 1797 esse
271 1763 308 1793 et
323 1771 346 1793 a
362 1770 399 1792 se
416 1759 556 1793 abdicet
572 1770 616 1794 ac
636 1760 677 1792 in
697 1759 792 1792 alios
808 1760 1014 1804 transferre
1039 1761 1167 1804 cupiat
1182 1761 1342 1804 propter
1355 1760 1490 1793 Deum.
1540 1760 1598 1794 Ex

54 1809 149 1840 codd.

273 1828 344 1862 quo
373 1828 460 1861 ergo
494 1816 582 1850 dicit
613 1816 711 1861 quod
743 1828 787 1851 ea
815 1816 1061 1852 verisimiliter
1094 1818 1266 1852 credatur
1294 1829 1376 1852 esse
1409 1817 1596 1852 offerentis

173 1876 259 1905 48A
273 1874 443 1918 intencio,
464 1874 553 1909 satis
574 1874 692 1909 innuit
711 1874 811 1919 quod
833 1880 955 1919 potest
974 1875 1046 1910 alia
1063 1887 1146 1910 esse
1170 1875 1339 1919 intencio,
1357 1875 1409 1909 ita
1428 1874 1445 1893 ‘¹‘
1462 1882 1500 1910 ut
1522 1886 1597 1910 non

56 2569 164 2599 supra,
181 2569 213 2600 p.

55 2603 129 2642 468.

272 1933 319 1968 sit
348 1932 540 1967 abdicacio
568 1944 656 1967 vera
686 1932 861 1968 dominii:
901 1934 999 1968 unde
1029 1933 1174 1969 videtur
1202 1934 1300 1979 quod
1328 1939 1450 1978 potest
1482 1945 1600 1978 penes-

218 2001 259 2032 30
272 2002 386 2026 unum
403 1990 455 2025 rei
474 1990 582 2025 unius
599 2001 789 2025 remanere
803 1991 909 2026 civile
923 1991 1138 2037 dominium,
1150 1999 1186 2027 et
1204 2003 1316 2037 penes
1334 1991 1447 2026 alium
1464 1992 1597 2037 plenus

270 2060 358 2083 usus
377 2048 492 2083 iustus
511 2059 596 2082 cum
614 2048 778 2083 dominio
796 2048 963 2093 originali
981 2061 1134 2085 anneXO.

319 2152 549 2187 IOHANNES.
574 2151 709 2185 Adhuc
727 2162 802 2185 non
820 2151 927 2197 capio
945 2152 1033 2196 quid
1051 2152 1174 2188 dicere
1192 2152 1349 2188 debeam
1373 2152 1428 2187 ius
1446 2152 1572 2187 utendi
1588 2156 1743 2196 ;;XXIII.

270 2221 355 2245 cum
387 2221 456 2244 nec
489 2209 535 2243 sit
569 2208 773 2254 proprietas
801 2220 922 2255 neque
951 2210 1156 2245 dominium
1186 2222 1306 2256 neque
1336 2211 1533 2256 possessio,
1561 2217 1596 2246 et
1609 2207 1872 2274 ἓξίζέξξὲῃῖξὴῑξὲ)

270 2275 395 2303 tamen
423 2267 461 2301 in
490 2278 580 2302 casu
608 2266 664 2301 ius
695 2267 882 2302 sufficiens
911 2268 960 2302 ad
989 2269 1138 2313 plenum
1167 2280 1275 2303 usum
1304 2269 1356 2303 rei
1386 2268 1490 2303 cuius
1515 2280 1597 2304 esse
1610 2275 1833 2341 lfgssdmsffgpgffi.

1738 2328 1744 2339 ‚

218 2331 257 2364 35
273 2325 403 2361 dicitur
432 2324 487 2359 ius
517 2324 655 2366 utendi,
684 2324 783 2359 iuxta
812 2325 1003 2369 premissa.
1054 2326 1093 2361 Si
1126 2327 1225 2361 enim
1253 2327 1378 2362 dixero
1408 2326 1507 2372 quod
1541 2326 1596 2361 ius
1609 2342 1776 2374 possession,

272 2383 399 2418 utendi
426 2382 473 2416 ab
500 2382 579 2416 istis
605 2382 744 2416 iuribus
770 2383 944 2427 pretactis
964 2384 1179 2419 distinctum
1197 2391 1253 2419 est
1278 2384 1432 2419 licencia
1455 2384 1596 2419 domini

273 2441 349 2476 suis
367 2441 476 2475 rebus
494 2441 603 2485 plene
623 2440 748 2475 utendi
767 2446 829 2475 aut
847 2442 1110 2476 accomodacio
1136 2442 1213 2477 sive
1238 2443 1376 2477 locacio
1394 2448 1457 2477 aut
1474 2443 1595 2478 verius

273 2510 387 2534 unum
406 2509 599 2533 commune
616 2498 665 2532 ad
684 2497 765 2542 ista,
784 2499 910 2533 nescio
929 2510 977 2533 an
996 2500 1033 2534 id
1051 2506 1149 2535 recte
1168 2500 1352 2535 sentirem.

321 2558 546 2591 RICARDUS.
583 2557 685 2590 Bene
715 2555 767 2590 ita
795 2557 959 2600 sentires,
990 2557 1165 2601 quoniam
1197 2558 1310 2602 (iuxta
1339 2559 1412 2593 iam
1439 2564 1596 2593 tractata
1608 2557 1874 2618 lfjoffnriflfgrffiegisved

274 2613 456 2659 superius)
491 2614 547 2648 ius
581 2613 705 2648 utendi
736 2620 865 2648 contra
895 2613 973 2648 iura
1004 2614 1127 2659 priora
1157 2615 1371 2650 distinctum
1399 2622 1455 2651 est
1486 2616 1542 2651 ius
1574 2625 1822 2658 acertainthings

273 2683 394 2706 rerum
417 2671 569 2706 domino
591 2677 627 2705 et
652 2682 776 2705 earum
804 2671 968 2706 dominio
994 2671 1029 2706 in
1055 2672 1170 2707 alium
1189 2673 1405 2717 derivatum,
1424 2685 1496 2719 quo
1514 2675 1595 2720 quis
1608 2659 1876 2724 ζὲῗζξζῑῗιᾎζὲὴεῐ

274 2730 382 2764 rebus
400 2728 547 2764 alterius
565 2728 705 2763 domini
724 2729 831 2773 plene
850 2741 913 2764 seu
937 2729 985 2764 ad
1003 2736 1108 2765 actus
1126 2737 1246 2766 certos
1268 2731 1382 2767 libere
1399 2732 1451 2766 uti
1475 2739 1596 2777 potest
1610 2725 1875 2786 fflgegjcffiffffiggs

276 2787 311 2822 in
341 2798 496 2832 genere:
535 2786 645 2831 igitur
675 2798 759 2821 vere
791 2786 871 2832 ipso
901 2787 1037 2822 utendo
1073 2788 1127 2823 ius
1161 2789 1287 2824 utendi
1317 2800 1513 2826 commune
1542 2797 1599 2826 est
