2008 3305
254 216 340 249 cAP.
359 206 465 264 xm]
730 219 874 250 LIBER
908 219 1104 251 PRIMUS.
1778 225 1795 253 1
1809 226 1858 267 19

134 336 234 379 3913]
250 333 357 382 gigni
384 333 486 371 varie
516 344 673 370 sensum
703 335 966 383 compositum
996 341 1033 372 et
1067 334 1245 380 divisum,
1281 334 1526 384 distinguunt
1554 341 1591 374 et

249 404 465 441 concedunt
494 415 649 441 sensum
679 404 841 442 divisum
871 405 977 454 quod
1006 412 1115 442 actus
1145 405 1229 442 talis
1258 405 1394 444 iniurie
1427 412 1464 444 et
1497 419 1579 444 non

249 473 312 510 illa
340 474 476 511 iniuria
506 474 546 511 fit
574 487 596 511 a
625 474 721 512 Deo.
780 474 856 512 Sed
889 475 927 513 in
962 475 1024 513 illa
1059 476 1309 514 contenciosa
1343 477 1468 526 logica
1499 489 1577 515 non

249 544 395 582 habitat
415 544 628 583 difficultas.
685 544 734 582 Et
753 552 858 594 patet
879 545 984 595 quod
1011 558 1091 584 non
1120 553 1273 596 oportet
1299 547 1501 585 consulere
1529 561 1577 586 ne

249 614 355 652 Deus
387 615 541 665 inpellat
571 616 767 654 inimicum
801 616 850 653 ad
879 628 976 666 opus
1006 616 1234 666 nepharium
1263 618 1574 667 perpetrandum,

208 692 336 723 ccum
374 686 489 724 scitur
523 685 540 705 ’¹‘
574 686 784 724 certissime
824 687 929 736 quod
967 699 1048 725 non
1093 693 1243 736 potest,·
1293 687 1362 725 sed
1406 689 1576 738 proximi

247 756 398 793 malicia
426 762 482 793 est
508 756 691 802 timenda,
722 756 874 806 Deique
904 757 1106 795 liberalitas
1136 757 1405 795 collaudanda.
1464 757 1514 796 Et
1544 759 1573 796 si

245 833 421 875 gravetur
436 826 540 875 quod
555 826 663 864 Deus
679 827 919 865 iniuriantem
935 827 1023 866 facit
1039 828 1222 873 occidere,
1242 829 1338 866 sicut
1358 828 1573 866 adulterum

246 897 450 934 necessitat
493 909 704 946 procreare,
744 898 967 936 conceditur
1005 898 1216 945 conclusio,
1257 911 1347 936 cum
1389 899 1575 937 similibus

196 982 234 1004 10
246 967 450 1017 predicatis
480 980 554 1018 que
585 968 631 1006 de
662 980 701 1005 se
731 975 937 1018 peccatum
967 981 1047 1006 non
1076 969 1239 1018 sapiunt.
1297 969 1575 1006 Verumtamen

246 1051 336 1077 cum
364 1039 491 1076 omnis
522 1038 605 1076 talis
635 1039 840 1077 necessitas
870 1051 950 1077 non
979 1039 1082 1088 cogit
1111 1046 1340 1089 peccantem
1370 1041 1439 1078 sed
1466 1040 1577 1090 ponit

246 1109 285 1146 in
307 1109 478 1147 libertate
499 1109 556 1146 sui
576 1110 717 1147 arbitrii
738 1117 815 1147 tam
837 1117 966 1148 actum
990 1110 1172 1148 facinoris
1196 1122 1314 1160 quam
1342 1111 1424 1148 eius
1452 1122 1577 1160 oppo-

246 1181 372 1225 situm,
393 1187 497 1229 patet
517 1180 621 1230 quod
650 1193 698 1218 ex
718 1181 792 1218 ista
813 1193 966 1219 summa
987 1194 1069 1219 non
1090 1182 1306 1219 excluditur
1327 1182 1433 1219 racio
1453 1182 1578 1220 meriti

246 1251 304 1290 vel
325 1251 507 1289 demeriti.

195 1329 232 1362 Ι5
299 1322 509 1360 Difficultas
529 1329 656 1360 autem
677 1323 904 1362 scholastica
924 1329 996 1361 stat
1017 1324 1055 1360 in
1076 1324 1177 1361 istis:
1209 1324 1335 1361 videre
1356 1323 1482 1373 primo
1498 1335 1572 1373 que
1587 1337 1658 1365 care
1672 1338 1695 1365 is
1708 1338 1820 1365 needfui

245 1393 440 1443 predicata
466 1400 667 1443 peccatum
694 1395 856 1443 sapiunt,
884 1400 925 1431 ut
952 1401 1112 1443 negetur
1134 1394 1263 1432 Deum
1289 1395 1415 1446 ipsum
1448 1394 1572 1432 facere
1584 1377 1677 1444 ἓξὲξ
1690 1373 1827 1431 i'ssliilssn

245 1464 304 1501 vel
335 1476 503 1511 causare,
536 1465 632 1503 sicut
665 1471 771 1514 patet
799 1465 847 1502 de
875 1465 956 1502 istis
984 1472 1021 1502 et
1051 1465 1121 1502 sibi
1151 1465 1349 1510 similibus,
1379 1465 1572 1512 luxuriari,
1584 1440 1742 1499 {Jpofflicab'e
1755 1444 1785 1465 ¹⁰

245 1535 440 1584 impellere
475 1535 699 1585 implanare,
733 1536 961 1585 ydolatrare‚
992 1536 1160 1573 iniuriari
1192 1536 1485 1586 quomodolibet
1516 1536 1575 1574 vel

245 1618 427 1655 peccare:
453 1606 623 1644 secundo
644 1606 771 1644 videre
792 1618 867 1656 que
889 1607 1083 1655 predicata
1103 1614 1192 1644 sunt
1208 1607 1366 1657 propria
1381 1607 1572 1653 creaturis,

193 1687 233 1708 20
245 1684 286 1714 ut
310 1678 534 1727 ymaginari,
561 1677 678 1727 loqui,
705 1678 896 1727 progredi,
924 1684 960 1715 et
988 1677 1136 1724 redire;
1166 1684 1204 1715 et
1228 1684 1387 1727 utraque
1412 1678 1573 1715 istorum

244 1760 431 1798 generum
458 1748 637 1798 neganda
664 1755 752 1786 sunt
781 1749 828 1788 de
856 1749 942 1786 Deo
972 1748 1182 1786 formaliter
1210 1749 1421 1798 predicari:
1453 1749 1571 1787 tercio

242 1819 449 1857 videndum
477 1826 535 1857 est
563 1832 639 1870 que
664 1820 861 1871 predicata
890 1820 930 1856 in
959 1819 1078 1869 signis
1108 1820 1321 1857 secundum
1352 1819 1572 1869 analogiam

242 1890 302 1928 vel
322 1890 664 1941 equivocacionem
684 1891 758 1928 sint
777 1890 864 1929 Deo
885 1891 1108 1929 communia
1128 1897 1164 1927 et
1184 1891 1331 1936 creatis,
1353 1896 1394 1927 ut
1417 1902 1572 1928 movere

243 1973 457 2010 procreare,
491 1968 527 1999 et
561 1962 748 2007 occidere,
778 1968 814 1999 et
848 1962 927 1999 istis
962 1962 1123 2008 similia;
1165 1967 1203 1999 et
1234 1961 1298 1998 illa
1331 1961 1381 1998 ad
1415 1973 1572 1998 sensum

193 2039 230 2073 ²5
242 2032 474 2080 equivocum
494 2032 744 2070 concedenda
764 2038 852 2070 sunt
872 2032 959 2070 Deo
980 2038 1211 2082 competere,
1239 2037 1276 2069 et
1300 2044 1369 2081 per
1395 2032 1524 2070 locum
1551 2045 1573 2070 a

244 2103 381 2140 maiori
409 2103 606 2152 predicata
634 2115 710 2152 que
741 2109 828 2140 sunt
858 2102 944 2140 Deo
973 2103 1140 2152 propria,
1167 2115 1242 2152 que
1273 2103 1404 2141 omnia
1431 2115 1572 2141 concc—

246 2173 373 2220 denda
394 2180 481 2211 sunt
505 2173 553 2210 ad
577 2186 711 2211 sensus
740 2186 831 2211 suos
860 2173 944 2211 Deo
972 2174 1096 2211 inesse
1123 2173 1340 2211 formaliter.
1396 2173 1447 2211 Et
1470 2180 1574 2222 patet

245 2244 352 2293 quod
380 2256 461 2282 non
489 2244 669 2293 sequitur,
699 2244 763 2281 ‘Si
795 2245 960 2283 duorum
990 2245 1298 2283 convertibilium
1327 2256 1449 2281 unum
1482 2244 1522 2281 fit
1551 2257 1573 2281 a

199 2318 231 2346 D
248 2317 256 2333 ‘
269 2314 366 2362 Deo,
385 2322 474 2352 tunc
490 2314 596 2353 Deus
617 2315 693 2352 vult
712 2315 771 2353 vel
791 2315 879 2353 facit
896 2314 913 2334 *
929 2322 965 2352 et
985 2314 1196 2365 reliquum.'
1242 2314 1346 2352 Nam
1366 2322 1572 2364 peccatum

193 2398 235 2428 30
246 2391 283 2423 et
309 2398 409 2435 pena
434 2386 582 2435 peccati
608 2392 742 2423 mutuo
770 2392 1052 2431 convertuntur,
1074 2387 1122 2424 de
1147 2386 1296 2435 quibus,
1318 2384 1572 2423 concedendo

244 2468 328 2493 esse
349 2456 398 2493 ad
419 2468 554 2494 sensus
574 2457 791 2506 equivocos,
813 2457 1012 2494 manifeste
1033 2463 1137 2506 patet
1157 2457 1355 2494 instancia.
1405 2456 1510 2501 Ideo,
1535 2462 1573 2492 ut

244 2526 338 2564 alias
353 2527 443 2572 dixi,
460 2527 746 2576 consequencia
762 2539 861 2576 pene
883 2527 930 2564 ad
952 2527 1105 2576 culpam
1127 2533 1184 2564 est
1206 2539 1227 2564 a
1243 2525 1330 2564 Deo
1346 2526 1474 2571 volita,
1491 2537 1571 2563 non

244 2602 372 2635 autem
392 2597 670 2635 antecedencia
691 2597 896 2644 correlata;
927 2610 999 2635 nec
1021 2603 1181 2647 oportet,
1199 2597 1229 2635 si
1246 2596 1353 2634 Deus
1372 2596 1460 2633 velit
1480 2595 1573 2633 illud

243 2680 496 2717 consequens,
525 2668 631 2718 quod
661 2667 746 2706 velit
777 2668 943 2717 positum
974 2668 1069 2706 illud
1102 2666 1345 2705 antecedens.
1401 2666 1573 2704 Econtra

277 2773 300 2797 8.
318 2773 465 2805 gravetur
482 2772 521 2798 B:
541 2772 742 2798 contrarietur
758 2772 784 2798 A
797 2772 828 2798 C.
968 2781 1006 2804 14.
1028 2772 1110 2798 velA
1122 2772 1159 2798 C:
1180 2773 1241 2798 siue
1257 2772 1287 2797 B.
1418 2772 1455 2796 16.
1478 2771 1573 2802 ipsum

243 2805 436 2865 ᾒεῦίαξεὲξεῖἕ
448 2806 480 2831 B.
685 2816 724 2831 21.
747 2805 937 2838 [lformaliter
949 2806 971 2831 B
985 2807 1001 2831 f.
1020 2816 1068 2838 230
1076 2814 1104 2831 A.
1296 2814 1336 2837 24.
1357 2808 1384 2831 et
1396 2805 1518 2831 occidere
1533 2804 1571 2829 B:
