2008 3305
177 168 234 211 54
858 164 923 195 DE
954 162 1061 195 DOM
1071 162 1175 194 [Nlo
1207 161 1385 193 D1V1No
1569 148 1674 207 [CAP.
1690 162 1783 190 vm.

176 302 200 325 4.
218 292 358 332 osman's
370 291 445 318 lord-
457 280 505 318 de
525 280 650 329 specie
676 286 734 317 est
753 279 970 317 dominium
990 278 1095 328 quod
1120 277 1279 316 confuse
1302 277 1417 315 habet
1444 276 1491 314 de
1520 276 1602 314 eius
1622 275 1791 325 quolibet
1805 278 1897 320 [17])

176 326 378 392 &agathe
458 350 650 400 singulari.
704 350 755 387 Et
783 356 910 399 preter
936 349 1030 387 illud
1056 360 1263 387 commune
1284 348 1499 386 dominium
1523 352 1675 396 oportet
1699 345 1790 383 dare

458 421 649 470 singulare
679 421 892 459 dominium
919 420 1133 458 secundum
1153 426 1355 469 utrumque
1376 418 1594 463 terminum,
1615 423 1791 467 respectu

457 492 735 542 cuiuscumque
756 491 950 538 individui,
971 483 1170 540 proprium
1185 496 1222 528 et
1238 490 1459 528 distinctum
1480 489 1694 526 dominium
1715 488 1791 524 sin-

457 563 601 612 gulare,
622 569 660 600 et
679 562 1028 611 correspondentes
1049 561 1261 599 servicium.
1322 560 1433 598 Idem
1452 560 1558 597 enim
1578 558 1790 596 dominium
1805 567 1823 599 5

458 634 602 683 speciei
622 640 753 671 manet
765 644 1001 682 quocunque
1017 632 1210 670 individuo
1232 631 1430 669 desinente
1450 644 1457 667 :
1488 642 1569 667 non
1590 629 1644 667 sic
1665 634 1792 666 autem

459 705 672 744 dominium
694 704 743 741 ad
763 703 1002 741 individuum
1023 703 1290 753 singularitatis
1310 702 1568 740 terminatum.
1617 699 1669 737 Et
1688 705 1794 749 patet

460 776 482 799 *
513 775 620 825 quod
650 775 800 825 species
829 774 990 812 humani
1017 774 1178 811 dominii
1208 773 1323 811 habet
1353 772 1549 822 duplicem
1581 771 1792 809 maneriem
1805 776 1884 806 18A

460 846 675 896 singularis,
707 846 865 892 scilicet,
896 845 1119 882 individuati
1149 844 1274 882 solum
1304 845 1353 881 ab
1387 843 1506 881 altero
1540 842 1795 879 terminorum

460 917 634 964 dominii,
659 917 718 955 vel
747 916 1003 955 communiter
1032 917 1081 953 ab
1107 922 1292 965 utroque;
1326 920 1362 952 et
1390 920 1595 963 utrumque
1624 913 1795 962 priorum
1810 922 1849 945 10

461 988 697 1037 restringitur
718 987 810 1026 citra
830 987 1095 1036 specificatum
1111 986 1240 1036 quoad
1252 992 1468 1023 extremum
1486 984 1741 1030 individuans,
1759 990 1795 1020 et

461 1058 592 1108 quoad
614 1057 716 1095 aliud
742 1058 956 1107 ampliatur.
1016 1057 1094 1095 Sed
1123 1057 1241 1095 tercia
1269 1056 1459 1094 maneries
1488 1061 1545 1093 est
1574 1055 1797 1104 simpliciter

462 1128 689 1178 singularis;
731 1134 783 1173 ut,
814 1128 966 1177 signato
998 1127 1172 1165 dominio
1206 1127 1387 1176 specifico
1416 1138 1485 1175 per
1516 1139 1541 1164 A
1575 1137 1653 1175 quo
1687 1124 1797 1175 quid-

463 1199 557 1249 quid
578 1198 796 1237 dominatur
823 1198 966 1248 speciei
995 1198 1175 1244 humane,
1199 1204 1291 1235 tunc
1311 1210 1336 1235 A
1356 1203 1415 1234 est
1443 1196 1659 1234 dominium
1685 1196 1798 1241 Petri,

462 1270 583 1315 Pauli,
603 1276 640 1307 et
669 1269 725 1307 sie
752 1268 800 1307 de
827 1269 963 1307 ceteris
982 1269 1271 1307 dominantibus
1292 1268 1610 1318 quibuscunque:
1646 1267 1798 1316 signato
1816 1278 1852 1309 15

463 1353 554 1379 vero
578 1340 753 1378 dominio
774 1351 852 1389 quo
874 1339 1011 1378 Petrus
1033 1339 1272 1389 singulariter
1292 1339 1511 1377 dominatur
1531 1338 1657 1376 eidem
1676 1350 1745 1388 per
1764 1350 1798 1382 Β,

463 1412 592 1462 ipsum
621 1424 643 1448 B
669 1423 750 1449 non
781 1411 1091 1448 communicatur
1121 1410 1305 1448 dominiis
1338 1410 1420 1448 aliis
1447 1410 1487 1447 in
1517 1410 1702 1454 subiecto,
1732 1409 1801 1447 Sed

464 1483 627 1521 totidem
647 1481 836 1519 distinctis
856 1481 1025 1519 dominis
1045 1481 1176 1532 quoad
1195 1481 1389 1519 obiectum
1416 1493 1530 1530 super
1553 1492 1632 1530 quo
1651 1493 1720 1530 per
1738 1480 1801 1517 illa

464 1553 728 1604 principaliter
766 1552 1011 1599 dominatur3
1058 1558 1100 1590 ut
1138 1564 1160 1590 Β
1198 1559 1256 1590 est
1289 1551 1505 1589 dominium
1544 1564 1623 1601 quo
1666 1549 1801 1589 Petrus

465 1624 689 1662 dominatur
718 1623 959 1672 singulariter
989 1635 1103 1672 super
1122 1622 1297 1668 Paulum,
1318 1630 1356 1661 et
1385 1623 1439 1661 sic
1462 1623 1508 1660 de
1538 1623 1619 1660 aliis
1643 1623 1799 1672 quibus·
1815 1632 1857 1654 20

465 1706 631 1743 cunque.
661 1693 794 1732 Posito
808 1706 900 1743 ergo
921 1693 1028 1744 quod
1043 1706 1063 1733 c
1083 1694 1130 1732 sit
1149 1706 1295 1732 nornen
1307 1706 1515 1732 commune
1535 1693 1585 1731 ad
1605 1693 1802 1744 quodlibet

466 1765 660 1814 singulare
690 1764 797 1804 tercii
826 1765 921 1802 nudi
955 1764 1128 1811 dominii,
1163 1771 1268 1814 patet
1295 1764 1400 1814 quod
1431 1770 1680 1814 quotcunque
1714 1769 1803 1802 sunt

467 1836 599 1887 quoad
626 1836 823 1874 obiectum
850 1835 1044 1873 individua
1066 1848 1092 1873 A
1116 1836 1260 1885 speciei
1287 1835 1459 1881 dominii,
1480 1836 1651 1881 totidem,
1679 1847 1802 1885 quan-

467 1913 551 1944 tum
575 1906 624 1944 ad
643 1907 851 1952 obiectum,
876 1913 964 1944 sunt
987 1919 1010 1944 Β
1033 1906 1165 1953 modi;
1195 1906 1263 1944 sed
1283 1919 1308 1944 A
1328 1906 1479 1944 excedit
1498 1919 1520 1944 B
1547 1907 1804 1956 multipliciter

468 1978 509 2015 in
530 1978 715 2015 subiecto.
763 1977 814 2015 Et
829 1977 1177 2026 correspondenter
1192 1977 1327 2015 dicitur
1349 1977 1396 2015 de
1417 1978 1651 2027 paternitate,
1674 1977 1803 2015 simili·
1818 1986 1857 2019 25

468 2048 612 2093 tudine,
644 2054 682 2085 et
710 2047 791 2084 aliis
821 2048 1087 2085 consimilibus
1116 2048 1375 2086 relacionibus
1404 2048 1717 2098 quibuscunque:
1750 2054 1803 2094 ut,

468 2119 597 2169 posito
617 2118 722 2168 quod
738 2118 873 2156 Petrus
893 2118 1033 2156 habeat
1052 2119 1336 2156 multitudinem
1357 2119 1534 2165 filiorum,
1549 2119 1647 2157 sicut
1666 2131 1804 2157 omnes

469 2189 613 2239 posteri
644 2195 734 2227 sunt
767 2189 832 2226 filii
866 2189 978 2238 primi
997 2189 1137 2235 Adam,
1165 2196 1257 2228 tunc
1286 2196 1476 2240 quotquot
1510 2197 1598 2228 sunt
1627 2190 1805 2228 homines

470 2259 644 2305 secundi,
666 2266 722 2298 tot
752 2267 838 2297 sunt
858 2260 1106 2309 paternitates
1135 2260 1329 2298 individue
1349 2261 1388 2298 in
1409 2261 1535 2310 primo
1555 2261 1711 2299 homine
1727 2273 1737 2308 ς
1767 2266 1805 2299 et

472 2336 596 2380 preter
616 2330 691 2368 hoc
711 2336 769 2367 est
798 2343 876 2368 una
896 2331 1117 2369 communis
1137 2332 1357 2380 paternitas,
1378 2344 1461 2381 qua·
1473 2337 1530 2369 est
1552 2338 1661 2381 pater
1680 2332 1804 2370 tocius
1820 2351 1861 2381 30

472 2401 625 2449 generis
646 2400 898 2438 succedentis.
928 2401 1050 2438 Aliter
1070 2401 1174 2438 enim
1189 2401 1207 2421 '¹‘
1230 2414 1312 2439 non
1332 2402 1474 2440 diceret
1489 2402 1640 2440 Veritas
1663 2402 1804 2445 Iudeis,
1819 2415 1850 2444 B

471 2470 558 2508 Ioh.
592 2471 667 2507 viii.
694 2479 757 2519 37,
781 2470 868 2508 Scio
888 2470 1046 2522 (inquit)
1072 2473 1172 2520 quod
1185 2472 1443 2521 filz’z‘Abrahe
1474 2474 1559 2509 estis
1571 2486 1590 2517 ,·
1626 2479 1662 2510 et
1694 2474 1806 2511 beata

473 2541 606 2590 Virgo,
628 2541 724 2578 Luc.
746 2542 767 2578 i.
791 2552 852 2590 55,
875 2541 983 2579 Sicut
1000 2544 1138 2580 loculus
1157 2548 1210 2581 est
1226 2544 1278 2580 ad
1283 2548 1414 2592 patres
1434 2548 1585 2591 nostros,
1607 2543 1806 2581 Abraham

473 2617 508 2650 et
524 2613 657 2649 semini
672 2613 758 2649 eius.
802 2610 907 2650 Ymo
928 2612 975 2650 de
1002 2613 1191 2653 filiacione
1212 2613 1351 2660 Adam,
1371 2626 1474 2661 ecce,
1499 2614 1516 2651 I
1538 2614 1627 2652 Cor.
1649 2627 1710 2651 xv.
1732 2627 1778 2653 22
1797 2627 1805 2651 :

475 2681 585 2720 Sicut
620 2683 658 2719 z'n
688 2682 814 2719 Adam
845 2696 963 2719 omnes
992 2684 1151 2720 homines
1181 2685 1401 2731 moriuntur,
1434 2685 1487 2722 ita
1525 2689 1558 2723 et
1586 2686 1624 2722 z'n
1657 2684 1807 2724 Christo
1821 2695 1859 2727 35

873 2761 915 2784 24.
934 2757 996 2784 post
1010 2752 1147 2779 obiectum
1162 2753 1183 2779 B
1203 2754 1310 2779 attinet
1322 2753 1415 2780 habet.
