2008 3305
256 210 344 238 CAP.
363 195 470 254 xm]
728 205 873 238 LIBER
904 205 1103 238 PRIMUS.
1778 205 1795 233 1
1809 205 1826 233 1
1838 203 1858 244 7

127 327 223 367 380]
248 323 401 360 obviare
434 335 501 372 per
535 321 827 359 distinccionem
864 320 1151 370 supposicionis
1180 320 1304 367 tercie,
1336 318 1577 358 concordan-
1591 335 1621 353 a.
1640 327 1685 352 An
1699 332 1781 353 event
1795 335 1861 359 may

246 401 317 432 tur.
374 394 479 431 Nam
503 394 576 430 nisi
599 393 807 431 necessitas
831 406 879 430 ex
907 392 1181 441 supposicione
1208 391 1305 428 foret
1331 391 1380 427 ab
1407 390 1577 427 Auctore
1591 360 1827 427 ἓὲεᾨξειῗξνῗῗῐῗδε

247 465 412 502 veritatis
435 464 713 503 sentencialiter
741 464 966 513 approbata,
994 475 1073 500 non
1104 462 1256 507 diceret,
1287 461 1383 498 Mat.
1411 461 1510 499 xviii.
1539 428 1710 509 7‚}21‘‡{‚h“
1723 433 1819 455 comm

199 534 397 577 DlVecesse
424 539 477 572 est
507 539 549 572 ut
582 536 733 572 veniant
760 532 778 554 '¹‘
812 534 992 571 scandala
1004 547 1023 577 ,·
1064 541 1101 571 et
1136 532 1231 570 Luc.
1264 533 1364 569 xxiv.
1397 545 1459 579 44,
1501 530 1577 569 Ne-

213 619 335 650 5cesse
372 610 425 643 est
459 607 610 655 impleri
643 606 764 643 omnia
802 617 869 654 que
901 607 1041 653 scrzpto
1073 608 1163 641 sunt
1198 605 1237 640 z'n
1277 604 1351 652 lege
1382 602 1516 652 llloysz'
1547 606 1582 639 el

233 677 424 725 prophetis
460 681 494 713 et
519 677 681 725 psalmis
718 676 760 712 de
797 689 861 713 me.
931 674 982 712 Et
1021 682 1164 720 tamen,
1194 687 1285 712 curn
1323 674 1455 712 omnia
1490 674 1577 711 talia

242 747 460 797 dependent
486 761 508 786 a
534 748 726 794 creaturis,
747 760 844 798 quas
865 747 1267 795 contingentissimum
1292 752 1349 783 est
1377 758 1455 783 non
1478 758 1575 792 esse,

241 826 345 868 patet
378 819 483 869 quod
516 819 919 868 contingentissimum
958 825 995 855 et
1033 819 1293 856 necessarium
1325 830 1405 855 non
1438 829 1574 867 repug-

243 895 347 927 nant.
404 889 488 927 Nec
514 890 684 939 sequitur
709 902 756 927 ex
787 890 861 927 isto
890 889 995 938 quod
1029 889 1137 927 Deus
1169 889 1374 926 necessitat
1407 888 1574 938 aliquem
1588 895 1856 964 Ξὲρξὲὃείὶῒὲἰεέῃὲῗι

192 976 231 998 10
243 961 290 998 ad
311 960 564 1010 peccandum,
582 967 623 998 ut
642 960 927 1006 luxuriandum,
944 960 1081 998 iniuste
1101 960 1373 1006 occidendum,
1391 959 1449 996 vel
1469 959 1575 996 aliter
1587 969 1693 990 manto
1702 965 1857 998 dowrongz

241 1032 494 1081 operandum.
554 1031 629 1069 Pro
656 1043 735 1081 quo
762 1031 975 1069 notandum
1001 1031 1108 1081 quod
1134 1031 1173 1068 in
1197 1031 1303 1069 omni
1325 1037 1413 1068 actu
1433 1030 1574 1067 iniusto

239 1110 296 1140 est
323 1103 491 1152 quedam
512 1102 747 1149 deformitas,
770 1102 988 1151 obliquitas,
1011 1103 1070 1139 vel
1097 1108 1311 1151 peccatum,
1332 1108 1459 1151 preter
1485 1101 1575 1139 sub-

238 1174 377 1211 iectum
405 1181 511 1211 actus
532 1173 594 1211 cui
620 1172 842 1210 deformitas
869 1173 954 1210 talis
981 1173 1107 1219 inest3
1138 1180 1175 1210 et
1202 1173 1309 1210 Deus
1335 1173 1384 1210 ad
1414 1184 1574 1210 omnem

238 1251 366 1282 actum
392 1245 506 1281 talem
536 1245 752 1292 necessitat‚
784 1256 872 1282 cum
904 1245 950 1281 sit
977 1245 1137 1290 bonum,
1163 1244 1230 1281 sed
1260 1256 1332 1281 nec
1363 1243 1454 1281 facit
1481 1255 1572 1292 pec-

187 1328 224 1361 15
239 1323 365 1354 catum
387 1329 457 1354 nec
478 1317 681 1354 necessitat
697 1316 745 1353 ad
765 1316 1020 1366 peccandum.
1066 1315 1149 1353 Nec
1167 1316 1264 1365 sapit
1284 1316 1356 1353 ista
1373 1316 1570 1352 sentencia
1582 1320 1618 1346 he
1631 1321 1813 1348 necessitates

1581 1363 1599 1379 a
1617 1360 1626 1379 t
1749 1355 1754 1360 “

238 1387 309 1424 nisi
341 1386 583 1435 philosophis
614 1387 679 1435 qui
710 1387 839 1424 vident
871 1387 977 1437 quod
1008 1387 1135 1425 omnis
1170 1394 1277 1424 actus
1309 1386 1367 1423 vel
1397 1356 1853 1423 creaturair‘ftllirelffsvgllvcelgare

236 1457 339 1495 mala
377 1458 573 1495 moraliter
612 1465 669 1495 est
706 1458 989 1496 accidentaliter
1027 1458 1153 1495 solum
1187 1458 1311 1494 mala:
1357 1467 1396 1494 ut
1433 1467 1570 1495 omnes
1583 1421 1843 1488 &ffirtligrznghtnor

237 1535 345 1566 actus
384 1528 598 1574 extrinseci,
636 1529 733 1566 sicut
767 1528 954 1575 occidere,
989 1541 1203 1578 procreare,
1239 1534 1276 1565 et
1310 1534 1418 1564 actus
1453 1527 1569 1565 ceteri

238 1607 326 1637 sunt
354 1599 478 1637 solum
498 1599 589 1635 mali
610 1599 801 1636 moraliter
820 1605 974 1648 propter
995 1599 1187 1636 maliciam
1207 1598 1412 1637 voluntatis
1427 1610 1437 1644 ;
1468 1599 1570 1647 quia,

186 1686 226 1707 20
239 1669 365 1707 ablata
394 1669 456 1707 illa
484 1669 647 1715 malicia,
675 1682 756 1707 non
785 1676 900 1707 restat
930 1669 1023 1720 quid
1052 1670 1247 1707 moraliter
1272 1669 1368 1707 foret
1397 1669 1544 1706 malum
1560 1682 1569 1715 ;

235 1754 325 1779 cum
353 1741 506 1779 libertas
535 1741 678 1778 arbitrii
707 1753 786 1778 non
816 1742 942 1790 primo
971 1741 1110 1778 residet
1138 1741 1176 1777 in
1207 1747 1344 1778 natura
1368 1752 1567 1790 corporea,

235 1813 302 1850 sed
337 1812 463 1850 solum
501 1812 540 1848 in
576 1819 713 1850 natura
746 1812 990 1850 intellectuali
1024 1824 1100 1862 que
1134 1819 1260 1861 potest
1293 1812 1568 1849 indivisibiliter

235 1896 348 1933 super
369 1896 408 1921 se
432 1883 645 1921 voluntarie
673 1883 867 1921 reflectere
892 1890 1019 1921 actum
1044 1896 1167 1921 suum.
1226 1884 1277 1921 Et
1305 1883 1437 1933 quoad
1461 1890 1568 1920 actus

234 1955 464 1993 intrinsecos
491 1955 707 2000 voluntatis,
735 1966 823 1992 cum
851 1954 1138 1992 individuantur
1164 1967 1186 1992 a
1209 1955 1382 1992 subiecto
1402 1961 1440 1992 et
1459 1956 1566 1992 bono

183 2043 220 2076 25
234 2026 362 2070 volito,
388 2032 493 2075 patet
521 2025 627 2075 quod
657 2032 817 2074 possent
845 2037 1002 2062 manere
1031 2026 1147 2063 iidem
1177 2032 1214 2064 et
1242 2038 1332 2063 cum
1359 2026 1473 2063 bonis
1501 2026 1565 2063 eir-

232 2096 478 2134 cumstanciis
502 2096 595 2133 boni
619 2095 824 2141 moraliter,
850 2102 890 2132 ut
918 2108 1033 2133 omne
1059 2096 1153 2134 velle
1181 2104 1353 2134 creature
1384 2097 1565 2145 possibile

231 2173 361 2217 posset
381 2166 511 2216 perfici
531 2178 620 2203 cum
641 2167 943 2204 circumstanciis
964 2167 1077 2205 bonis
1097 2167 1303 2205 moraliter.
1346 2167 1450 2204 Nam
1470 2167 1565 2205 velle

232 2250 448 2287 procreare,
488 2237 673 2283 occidere,
713 2237 771 2274 vel
811 2249 1097 2287 quemcumque
1136 2246 1265 2276 actum
1304 2239 1563 2276 extrinsecum

135 2307 253 2344 39A*
276 2308 507 2358 signandum
540 2308 678 2353 facere,
709 2314 839 2357 posset
873 2308 990 2345 homo
1025 2309 1168 2345 nedum
1203 2309 1389 2346 merendo
1425 2310 1493 2346 sed
1527 2316 1565 2347 et

179 2394 221 2424 30
233 2386 360 2417 actum
387 2379 646 2416 extrinsecum
672 2379 944 2428 prosequendo
960 2391 970 2424 3
1004 2385 1045 2416 ut
1074 2385 1190 2428 patet,
1222 2380 1350 2429 posito
1380 2380 1563 2429 coniugio

230 2462 319 2488 cum
339 2449 532 2487 voluntate
563 2449 661 2486 licita
684 2449 928 2498 procreandi,
959 2449 1017 2486 vel
1037 2456 1227 2498 potestate
1252 2450 1450 2488 iudiciaria
1474 2463 1562 2488 reos

230 2521 366 2559 merito
386 2521 596 2567 occidendi,
619 2528 655 2558 et
676 2522 729 2558 sic
751 2521 798 2558 de
818 2521 925 2558 omni
945 2522 1050 2558 bono
1068 2521 1172 2571 quod
1191 2521 1310 2559 homo
1332 2522 1563 2559 intrinsecus

230 2598 357 2641 potest
377 2597 567 2640 appetere.
620 2590 737 2628 Nulla
757 2591 916 2640 quidem
936 2598 1108 2629 creatura
1127 2598 1255 2641 potest
1275 2599 1453 2641 appetere
1474 2592 1562 2629 Deo

232 2661 453 2710 simpliciter
474 2663 676 2711 coequari,
708 2662 776 2699 sed
795 2668 921 2711 potest
941 2662 980 2699 in
1004 2663 1124 2700 modo
1151 2663 1355 2712 appetendi
1383 2663 1559 2709 deficere,

267 2767 290 2783 1.
309 2758 524 2784 concordantur
534 2759 556 2784 B
568 2758 607 2784 C:
628 2758 836 2784 concordanter
847 2759 882 2784 A.
955 2760 992 2785 16.
1009 2760 1099 2785 nz'sz'ss
1111 2766 1116 2785 Ζ
1137 2768 1190 2785 orn.
1203 2760 1229 2785 A
1240 2760 1271 2785 C.
1352 2770 1389 2792 17.
1404 2760 1459 2786 Pro
1472 2760 1560 2786 altero

230 2792 321 2822 mala,
338 2792 360 2817 B
374 2793 481 2817 malus.
552 2794 592 2818 26.
613 2792 693 2818 boni:
715 2792 797 2818 codd.
812 2792 898 2818 bonis.
948 2795 983 2818 ut
999 2802 1080 2819 omne
1097 2794 1170 2819 velle
1181 2796 1317 2819 creature
1323 2794 1458 2826 possibile
1467 2796 1560 2825 posset

224 2825 334 2857 pc⁷fici
344 2834 410 2851 cum
422 2826 654 2852 circumstanciz's
666 2825 744 2852 bonis
758 2827 913 2852 moraliter
925 2826 948 2852 B
959 2833 964 2852 :
985 2835 1040 2852 om.
1054 2827 1080 2852 A
1092 2827 1122 2853 C.
