2008 3305
160 191 239 234 150

167 1464 190 1481 2.
214 1454 262 1481 No
271 1454 376 1480 human
390 1456 435 1478 act

167 1497 220 1514 can
234 1489 268 1514 be
281 1487 356 1520 right

168 1655 263 1680 unless
276 1653 296 1679 it
309 1653 344 1679 be
356 1661 420 1679 con-

168 1688 277 1714 formed
291 1694 319 1713 to
333 1687 420 1713 God's

169 1721 235 1753 will,

173 2014 311 2046 although
324 2012 379 2038 will

172 2048 228 2074 and
241 2053 287 2074 act
300 2048 336 2073 do
349 2050 399 2073 not

174 2081 343 2113 necessarily

174 2115 353 2148 correspond.

836 186 901 218 DE
934 185 1152 219 DOMINIO
1184 185 1360 217 DIV1No
1530 173 1634 232 [CAP.
1656 187 1762 216 xvn.

436 303 573 341 volicio
595 303 722 340 divina
743 314 822 340 non
843 309 969 352 potest
989 302 1126 340 servire
1149 301 1236 340 Deo
1255 302 1313 339 vel
1334 301 1492 347 homini,
1513 301 1599 338 licet
1619 300 1767 338 homini
1780 302 1881 345 [50B

436 375 483 412 sit
497 381 648 412 tantum
668 373 769 411 utilis
789 373 894 422 quod
914 385 994 410 non
1013 379 1139 422 potest
1160 373 1239 410 sine
1259 372 1323 409 illa
1343 371 1488 417 salvari,
1503 383 1621 421 quam
1637 377 1768 409 tamen

435 452 563 495 potest
582 457 737 483 causare
758 444 827 482 sed
854 456 935 481 non
963 444 1181 493 infringere,
1202 443 1290 482 licet
1310 443 1417 481 Deus
1446 455 1526 480 non
1555 442 1676 492 possit
1696 441 1770 478 nisi

436 517 518 566 ipse
546 516 705 554 voluerit
737 515 799 552 illa
827 514 933 553 velle.
1001 515 1051 552 Et
1084 526 1132 552 ex
1161 514 1301 551 talibus
1332 526 1400 563 per
1433 513 1562 551 locum
1600 525 1623 551 a
1657 512 1770 550 simili

439 588 553 624 nimis
581 586 738 624 faciliter
771 592 938 635 arguunt
967 585 1076 623 multi
1106 585 1208 623 docti
1238 584 1344 634 quod
1373 584 1492 622 homo
1521 582 1539 603 *
1568 583 1699 622 Deum
1727 583 1812 620 li-o

438 657 587 696 cenciat
608 657 656 694 ad
676 656 898 701 volendum,
919 656 1025 706 quod
1046 655 1182 694 volicio
1203 655 1276 692 Dei
1297 662 1429 693 eterna
1459 655 1506 692 sit
1535 655 1575 691 in
1603 654 1772 693 hominis

438 734 638 778 potestate,
670 734 707 765 et
746 727 801 765 sic
839 726 887 764 de
921 727 1050 764 multis
1084 726 1271 764 similibus
1306 726 1586 764 inevidentibus
1614 725 1772 763 sciendo

441 799 534 850 quid
554 799 722 837 nominis
742 798 1005 836 terminorum.
1064 797 1237 835 Potestas
1258 798 1362 835 enim
1390 803 1446 835 est
1469 803 1645 846 respectu
1665 803 1774 834 actus

440 870 583 921 proprii
604 869 828 919 temporalis
843 875 880 906 et
901 869 1063 906 aliorum
1081 869 1183 906 circa
1203 880 1303 918 quos
1323 874 1451 918 potest
1467 875 1574 907 actus
1594 868 1774 919 proprius

443 940 613 979 exerceri
642 939 910 990 promovendo
938 940 1074 989 ipsam,
1100 939 1362 989 impediendo,
1388 939 1447 977 vel
1478 939 1587 977 aliter
1614 944 1656 976 ut
1685 939 1773 977 sub·
1790 948 1830 970 10

445 1012 546 1049 ditos
566 1010 873 1049 transmutando.
921 1009 1017 1047 Ideo
1034 1009 1141 1047 Deus
1160 1021 1242 1047 non
1265 1009 1380 1047 habet
1399 1016 1632 1059 potestatem
1662 1021 1777 1059 super

445 1082 673 1120 volicionem
711 1081 919 1130 propriam,
951 1080 1018 1118 sed
1053 1092 1167 1130 super
1200 1093 1337 1118 omnes
1371 1087 1574 1125 creaturas,
1613 1091 1777 1129 quarum

446 1153 564 1191 multe
590 1152 734 1189 habent
760 1158 988 1200 potestatem
1019 1151 1068 1189 ad
1095 1150 1316 1189 faciendum
1337 1150 1467 1189 Deum
1486 1150 1582 1188 velle
1602 1150 1684 1187 sine
1704 1149 1779 1187 Dei

446 1223 654 1263 coaccione
674 1222 858 1272 possibili.
916 1221 1094 1260 Potestas
1113 1233 1206 1271 ergo
1226 1227 1283 1259 est
1304 1233 1418 1271 super
1438 1233 1535 1270 opus
1556 1220 1725 1259 hominis
1741 1227 1779 1258 et

446 1308 527 1333 non
547 1306 662 1343 super
680 1293 870 1331 volicione
891 1299 1020 1332 eterna
1039 1305 1157 1342 quam
1187 1298 1406 1342 potentatus
1433 1297 1561 1342 potest
1582 1291 1779 1329 causaliter
1795 1298 1834 1337 15

445 1366 661 1406 terminare.

501 1437 563 1475 Ex
583 1437 663 1475 istis
692 1442 794 1485 patet
824 1435 994 1473 secunda
1020 1435 1169 1480 veritas,
1191 1433 1296 1484 quod
1316 1440 1473 1484 propter
1491 1432 1780 1471 vehemenciam

448 1508 574 1546 divine
603 1507 787 1544 libertatis
814 1512 851 1543 et
870 1505 1089 1543 facilitatem
1117 1517 1185 1542 sue
1213 1505 1494 1543 conformitatis
1515 1504 1647 1542 omnia
1668 1516 1783 1554 regu-

447 1579 572 1624 lantis,
594 1590 675 1615 non
704 1583 762 1614 est
790 1576 973 1626 possibile
1004 1584 1122 1621 actus,
1143 1576 1271 1622 vitam,
1293 1575 1351 1613 vel
1375 1581 1590 1614 creaturam
1611 1575 1782 1624 aliquam

448 1650 549 1686 bene
580 1660 662 1686 esse
692 1647 764 1684 nisi
783 1646 963 1684 volicioni
989 1646 1114 1684 divine
1142 1647 1189 1684 sit
1210 1645 1432 1692 conforme,
1461 1646 1549 1683 licet
1578 1658 1658 1683 non
1688 1657 1781 1683 con·
1797 1658 1838 1680 20

450 1725 658 1768 sequantur
688 1729 739 1763 se,
766 1723 981 1755 creaturam
1011 1716 1246 1754 racionalem
1276 1717 1401 1754 solum
1419 1716 1515 1753 velle
1545 1715 1651 1766 quod
1674 1716 1783 1754 Deus

449 1790 528 1827 vult
547 1796 585 1827 et
604 1789 730 1838 ipsam
750 1788 875 1825 vivere
896 1787 1097 1834 meritorie,
1119 1787 1178 1825 vel
1198 1794 1367 1825 econtra.
1415 1787 1544 1824 Prima
1565 1799 1652 1836 pars
1678 1792 1785 1836 patet

450 1872 498 1898 ex
518 1859 592 1897 hoc
612 1858 720 1908 quod
740 1870 820 1895 non
841 1863 898 1895 est
918 1857 1099 1907 possibile
1125 1864 1249 1895 create
1276 1857 1449 1895 essencie
1470 1858 1571 1895 bene
1601 1869 1684 1894 esse
1711 1857 1783 1894 nisi

453 1929 560 1980 quod
579 1929 686 1967 Deus
710 1928 926 1977 complacet
952 1928 1003 1965 ita
1031 1940 1140 1976 esse3
1171 1940 1277 1978 ergo,
1299 1928 1329 1966 si
1356 1928 1469 1966 alicui
1494 1934 1664 1965 creature
1684 1928 1784 1964 bene

452 2001 575 2047 fuerit,
605 2000 667 2038 illa
696 1999 957 2048 congruencia
995 1998 1069 2036 Dei
1099 1999 1341 2048 beneplacito
1372 2005 1429 2036 est
1458 1998 1679 2036 conformis.
1735 1997 1785 2035 Et
1800 2006 1840 2037 25

454 2070 623 2109 secunda
642 2076 747 2119 patet
768 2069 816 2107 de
837 2069 946 2115 Iuda,
968 2069 1109 2115 Iudeis,
1130 2076 1166 2107 et
1186 2070 1366 2118 gentibus
1385 2069 1603 2107 volentibus
1626 2068 1787 2106 demeri-

454 2142 548 2180 torie
570 2141 764 2179 Christum
790 2140 898 2186 mori,
922 2140 1029 2189 quod
1059 2148 1097 2177 et
1122 2147 1203 2178 tota
1223 2140 1393 2178 Trinitas
1420 2140 1561 2186 voluit;
1592 2146 1628 2177 et
1656 2145 1788 2176 tamen

453 2214 566 2251 beata
585 2211 708 2261 Virgo
737 2223 826 2248 cum
854 2211 990 2249 ceteris
1015 2211 1201 2260 apostolis
1228 2211 1419 2248 meritorie
1440 2210 1641 2247 doluerant
1660 2209 1789 2258 ipsum

454 2282 563 2321 mori.
612 2281 662 2319 Et
681 2281 785 2319 idem
799 2287 905 2330 patet
921 2281 939 2301 *
957 2282 1004 2319 de
1021 2282 1343 2319 martirisantibus
1359 2287 1516 2319 sanctos
1536 2280 1621 2317 Dei.
1664 2279 1716 2317 Et
1739 2292 1787 2317 ex
1801 2285 1833 2314 D

457 2353 531 2391 alio
557 2352 676 2390 latere
703 2350 812 2389 Deus
832 2353 910 2389 vult
930 2352 1036 2402 quod
1056 2353 1177 2390 multa
1197 2353 1275 2390 suis
1305 2352 1456 2390 famulis
1476 2351 1690 2389 volentibus
1714 2350 1789 2388 sint
1802 2364 1844 2395 30

457 2423 650 2468 mandata,
673 2435 748 2472 que
768 2435 848 2460 non
869 2423 945 2460 vult
965 2435 1048 2460 esse
1075 2436 1190 2472 opere
1215 2429 1389 2469 executa,
1411 2428 1452 2460 ut
1471 2428 1576 2471 patet
1596 2421 1643 2459 de
1664 2421 1789 2459 omni-

457 2493 530 2529 bus
560 2499 783 2530 sanctorum
813 2493 1095 2531 benevolenciis
1124 2506 1240 2543 opere
1270 2493 1526 2543 incompletis,
1547 2499 1588 2530 ut
1613 2498 1716 2542 patet
1742 2492 1791 2529 de

456 2563 670 2609 Abraham,
702 2563 801 2601 Gen.
825 2565 916 2602 xxii.
974 2564 1023 2602 Et
1052 2565 1288 2614 pertinenter
1318 2578 1339 2612 3
1365 2564 1462 2612 Reg.
1480 2564 1553 2600 viii.
1576 2565 1634 2609 18,
1661 2575 1718 2611 19,
1741 2574 1789 2599 ex

457 2634 678 2671 testimonio
712 2635 877 2672 veritatis
916 2635 1049 2684 inquit,
1088 2634 1279 2684 Cogz‘lastz'
1308 2636 1347 2671 z'n
1378 2635 1483 2671 corde
1521 2638 1581 2671 luo
1618 2634 1792 2682 edficare

458 2705 601 2740 domum
641 2706 784 2742 nomini
814 2718 886 2742 meo
900 2719 912 2742 .·
945 2706 1027 2743 bene
1049 2707 1188 2756 ficz'slz'
1216 2707 1280 2743 hoc
1314 2707 1433 2754 zpsum
1466 2709 1575 2741 mente
1612 2708 1789 2741 tractans.
1805 2713 1843 2745 35

493 2798 515 2821 9.
537 2798 605 2821 quos
619 2797 671 2815 om.
689 2789 719 2815 B.
823 2800 863 2816 20.
880 2790 978 2816 divine
990 2790 1015 2816 A
1026 2790 1065 2816 C:
1085 2790 1199 2816 domini
1212 2791 1242 2816 B.
1349 2800 1389 2816 22.
1411 2791 1504 2822 ipsam
1518 2789 1543 2815 A
1554 2789 1592 2816 C:
1614 2790 1709 2821 ifisum
1724 2788 1756 2815 B.
