2095 3278
56 159 142 188 CAP.
161 145 239 204 ηπ]
589 162 653 192 DE
687 161 927 194 PAUPERIE
959 161 1272 193 SALVATORIS.

158 264 258 306 16A]
272 273 346 297 non
364 263 431 298 fuit
450 263 663 308 simpliciter
682 264 820 299 sedicio
839 264 921 309 ipsa
937 266 1088 308 malum,
1108 271 1163 299 set
1187 265 1315 309 pocius
1334 263 1450 298 tocius
1470 262 1598 297 mundi

272 318 370 352 salus
390 331 399 360 ;
425 318 599 363 quoniam
625 326 764 354 sectam
783 321 818 354 N
823 331 1060 354 azarenorum
1087 331 1109 354 a
1134 321 1219 354 Iesu
1247 321 1441 353 Nazareno
1460 325 1598 353 sectam

273 376 567 411 Christianorum
585 378 757 421 appellat.

319 435 409 468 IOH.
438 435 532 468 Cum
566 441 700 477 orator,
735 435 797 479 qui
836 435 959 479 quoad
989 435 1184 469 verborum
1217 446 1366 469 sensum
1396 434 1596 468 imitandus

239 498 256 529 5
271 490 424 534 videtur,
444 498 482 526 ut
500 498 628 526 auctor
651 504 861 537 supponens
881 492 1106 527 sedicionem
1130 492 1230 526 illam
1257 492 1448 526 continere
1468 504 1596 536 pecca-

268 555 357 590 tum,
383 561 427 584 ex
453 549 637 584 sedicione
663 550 724 584 illa
748 551 874 584 volens
901 551 1058 595 probare
1084 551 1239 584 Paulum
1269 550 1456 584 hominem
1483 549 1598 584 fuisse

269 606 491 650 pestiferum,
505 607 603 651 quod
621 607 671 641 ibi
689 614 775 642 ante
793 607 840 642 de
859 619 902 642 eo
920 607 1148 652 premiserat,
1162 608 1394 651 Invenimus,
1414 607 1597 652 inquiens,

269 664 370 698 hunc
389 663 573 698 hominem
592 666 821 709 pestiferum,
841 666 953 699 verbo
977 666 1037 699 illo
1060 665 1320 699 nichilominus
1347 665 1399 700 sic
1425 677 1512 700 usus
1531 672 1598 709 est,

270 722 369 756 credi
390 722 499 756 debet
520 721 573 766 (ut
591 722 750 767 videtur)
771 735 793 756 a
811 722 919 757 nobis
938 722 975 756 id
993 723 1138 767 proprie
1157 723 1297 757 dictum
1314 735 1406 758 esse.

219 782 258 802 10
317 780 404 814 RIC.
433 781 515 814 Nec
541 787 704 814 oratores
728 792 798 815 nec
823 781 1000 824 rethores,
1020 781 1080 825 qui
1103 793 1147 815 ex
1172 781 1261 816 artis
1288 792 1352 815 sue
1378 780 1596 815 condicione
1614 790 1640 813 Ι.

270 837 471 881 figurative,
492 837 796 881 similitudinarie,
817 838 1048 882 enigmatice,
1067 845 1101 873 et
1120 838 1220 872 iuxta
1245 838 1336 873 alios
1355 840 1486 873 modos
1506 851 1597 884 quos

269 895 410 929 colores
443 895 647 929 rethoricos
688 896 895 938 nominant,
930 896 1054 940 sepius
1090 896 1321 941 eloquuntur,
1356 903 1395 931 ut
1429 903 1595 931 auctores

269 963 445 986 sensuum
464 953 658 987 verborum
676 965 698 987 a
715 953 878 988 veritatis
897 953 1173 998 inquisitoribus
1200 966 1264 988 seu
1282 965 1386 989 sacre
1407 954 1594 999 Scripture

269 1010 482 1044 doctoribus
509 1017 594 1044 sunt
620 1010 809 1053 habendi3
851 1017 905 1046 set
932 1011 1049 1054 magis
1077 1024 1096 1046 e
1122 1018 1260 1054 contra,
1283 1024 1367 1046 cum
1400 1013 1497 1046 Vani
1519 1013 1598 1046 sint

217 1074 254 1105 15
268 1079 390 1102 omnes
406 1067 571 1101 homines
586 1068 720 1112 quibus
736 1080 809 1102 non
826 1069 946 1102 subest
960 1070 1116 1103 sciencia
1137 1070 1210 1103 Dei
1227 1069 1330 1115 (Sap.
1348 1070 1418 1104 xiii.
1443 1069 1475 1114 1)
1491 1082 1499 1113 3
1526 1081 1596 1105 nec

268 1124 476 1159 auctoritati
493 1125 649 1169 Spiritus
668 1126 798 1168 sancti,
813 1126 873 1171 qui
892 1138 1042 1160 omnem
1060 1127 1202 1161 habens
1218 1127 1444 1172 sapienciam
1462 1134 1596 1162 cuncta

268 1182 306 1216 in
325 1183 439 1217 sacris
452 1182 651 1227 Scripturis
669 1190 809 1218 asserta
824 1183 987 1226 dictavit,
1001 1184 1124 1229 aliqua
1139 1185 1327 1219 rethorum
1345 1196 1409 1220 seu
1423 1197 1595 1230 quorum-

267 1239 323 1274 vis
341 1240 508 1283 aliorum,
527 1241 651 1285 quoad
671 1252 820 1275 sensum
839 1242 1046 1285 verborum,
1065 1242 1199 1287 poterit
1225 1243 1423 1278 auctoritas
1447 1255 1594 1288 compa-

268 1298 351 1332 rari.
380 1299 486 1340 Item,
499 1309 584 1332 cum
601 1298 846 1343 primordialis
859 1299 934 1334 sive
948 1300 1134 1344 originalis
1149 1300 1275 1344 lingua
1288 1302 1450 1335 humane
1463 1308 1593 1336 nature
1609 1309 1638 1332 2·

216 1366 255 1389 20
269 1355 512 1390 verisimiliter
537 1356 727 1390 estimetur
750 1357 864 1391 fuisse
892 1358 1052 1401 Hebrea,
1074 1369 1146 1402 qua
1171 1358 1296 1403 lingua
1323 1360 1486 1403 Moyses,
1510 1371 1593 1404 pro-

268 1413 388 1457 phete,
407 1420 443 1447 et
462 1414 619 1457 apostoli
636 1426 658 1447 a
676 1414 798 1458 pueris
816 1414 961 1449 educati
979 1422 1144 1449 nostram
1163 1415 1399 1460 Scripturam,
1415 1429 1437 1450 a
1455 1417 1593 1461 Spiritu

268 1476 397 1505 sancto
423 1470 564 1513 directi,
583 1471 825 1515 tradiderunt,
845 1484 920 1506 non
947 1473 1067 1507 solum
1091 1472 1296 1518 improvide
1320 1480 1375 1508 set
1403 1474 1439 1508 in
1468 1475 1592 1509 Deum

266 1529 445 1563 artificem
472 1529 713 1573 impingendo
740 1530 875 1564 sentire
900 1529 1054 1572 videtur,
1074 1532 1134 1575 qui
1161 1532 1206 1566 ab
1234 1532 1445 1566 hominibus
1471 1543 1590 1576 gram—

266 1586 442 1621 maticam
468 1587 707 1622 adinventam
733 1587 828 1622 illius
854 1587 1026 1632 primarie
1051 1588 1174 1632 lingue
1192 1589 1434 1633 grammatica
1455 1590 1593 1624 indicat

215 1658 252 1688 25
267 1643 465 1688 apciorem.
519 1646 625 1687 Item,
645 1645 674 1679 si
694 1645 742 1679 ad
755 1657 876 1680 rerum
893 1646 1096 1690 primordia
1113 1647 1247 1681 mentis
1266 1647 1438 1681 intuitum
1457 1647 1592 1692 diriga-
1607 1661 1636 1690 3.

268 1713 360 1743 mus,
386 1713 483 1745 ecce,
509 1714 584 1737 non
611 1702 765 1736 dubium
793 1703 879 1747 quin
910 1704 1033 1737 Adam
1062 1703 1202 1747 primus
1233 1705 1345 1738 homo
1371 1711 1434 1739 aut
1462 1717 1484 1739 a
1512 1706 1592 1740 Deo
1606 1717 1636 1737 a.

222 1766 252 1794 B
268 1759 560 1803 significaciones
579 1761 800 1795 verssborum
818 1760 970 1805 accepit,
989 1767 1024 1795 et
1043 1762 1095 1795 sic
1113 1773 1176 1796 eas
1202 1761 1239 1795 in
1259 1774 1365 1796 suam
1388 1774 1537 1798 uxorem
1555 1770 1592 1798 et

266 1829 393 1851 eorum
417 1829 632 1852 communes
654 1818 748 1852 filios
767 1818 946 1853 derivavit
964 1831 971 1862 ;
999 1826 1034 1853 et
1053 1820 1172 1853 nullus
1192 1820 1310 1854 fidelis
1337 1820 1445 1855 debet
1472 1821 1591 1855 ambi-

265 1887 350 1919 gere
369 1875 455 1920 quin
469 1876 632 1910 Artificis
647 1876 779 1911 summi
792 1876 1033 1920 grammatica
1048 1877 1094 1911 sit
1107 1878 1154 1911 ad
1171 1877 1451 1922 significandum
1470 1891 1592 1913 rerum

49 1938 155 1979 atzagz's
177 1942 254 1978 apta
266 1939 415 1968 naturas
441 1934 560 1978 magis
586 1934 745 1978 propria,
764 1934 883 1978 magis
908 1941 1006 1979 apta,
1025 1941 1060 1970 et
1086 1935 1215 1970 melius
1242 1937 1452 1981 expressiva
1479 1949 1591 1982 quarn

50 1989 98 2012 M²
122 1992 222 2021 quam
266 1991 388 2036 aliqua
428 1993 475 2026 ab
517 1991 728 2026 hominibus
768 1992 991 2027 adinventa:
1035 1999 1097 2027 aut
1131 1994 1254 2028 Adam
1296 1994 1630 2037 significacionesb.

48 2029 124 2065 apta
141 2032 172 2055 B'
266 2050 460 2083 verborum
486 2049 652 2091 instituit,
669 2050 841 2084 facultate
859 2061 966 2084 voces
990 2050 1142 2094 aptandi
1168 2052 1216 2085 ad
1234 2058 1361 2086 votum
1386 2064 1408 2086 a
1433 2054 1515 2087 Deo
1536 2065 1589 2087 re-

266 2114 382 2152 cepta,
395 2107 498 2142 sicud
516 2107 551 2141 in
570 2107 808 2142 edificacione
825 2108 933 2142 turris
952 2109 1067 2142 Babel
1087 2109 1319 2153 septuaginta
1337 2111 1428 2144 duas
1445 2110 1590 2155 linguas

266 2165 399 2200 diversi
430 2172 655 2210 receperant.
698 2167 747 2199 Et
773 2165 826 2200 sic
851 2166 969 2200 eciam
997 2167 1116 2201 nullus
1144 2167 1254 2202 debet
1284 2169 1472 2212 ambigere
1502 2169 1590 2213 quin

210 2226 250 2258 35
265 2223 399 2266 Adam,
435 2223 556 2257 omnis
598 2223 806 2257 mortalium
848 2224 1050 2267 prudencie
1093 2224 1313 2269 inexpertus,
1349 2227 1436 2260 solis
1467 2227 1590 2261 adhuc

267 2281 501 2325 speculativis
531 2281 737 2323 attendens,
769 2281 990 2315 conformius
1020 2293 1092 2326 quo
1128 2283 1283 2317 sciverat
1316 2295 1438 2318 rerum
1472 2284 1590 2329 expri-

265 2339 408 2374 mendis
427 2339 566 2374 naturis
580 2339 786 2384 primiciam
805 2347 936 2374 cuncta
948 2341 1191 2384 grammatice
1203 2341 1371 2386 primitus
1386 2343 1588 2387 adaptavit,

265 2404 532 2442 consequenter
549 2409 592 2431 ex
609 2397 661 2432 eis
679 2398 951 2432 naturalissime
975 2398 1111 2432 racioni
1130 2400 1364 2433 conformiter
1381 2401 1588 2445 composita

265 2455 491 2490 derivando:
522 2462 558 2490 et
583 2455 635 2489 sic
651 2467 776 2489 veram
802 2456 1085 2499 grammaticam
1108 2457 1268 2492 traduxit
1295 2458 1332 2492 in
1358 2466 1525 2502 posteros
1550 2459 1587 2493 in

209 2530 251 2562 40
264 2512 387 2556 lingua
415 2513 574 2555 Hebrea,
602 2519 640 2546 ut
667 2513 850 2555 creditur3
877 2514 1063 2558 quoniam,
1090 2526 1206 2559 usque
1232 2516 1281 2549 ad
1311 2516 1588 2551 edificacionem

265 2570 373 2604 turris
408 2570 523 2604 Babel
556 2577 640 2614 post
675 2570 853 2604 diluvium
887 2578 965 2605 erat
999 2584 1073 2606 una
1103 2573 1295 2607 dumtaxat
1329 2574 1454 2617 lingua
1488 2576 1588 2619 apud

264 2639 393 2661 omnes
423 2627 614 2670 homines;
650 2639 733 2662 cum
764 2629 908 2662 dicatur
938 2630 1031 2663 Gen.
1058 2630 1104 2663 xi.
1135 2639 1163 2672 Ι,
1195 2631 1297 2664 Erat
1328 2636 1451 2665 aulem
1485 2635 1588 2666 terra

49 2688 130 2720 Gen.
150 2689 193 2719 xi.
211 2688 240 2719 6.
264 2686 357 2719 labii
380 2686 494 2719 unius
518 2689 554 2719 et
576 2686 774 2719 eorundem
803 2697 1039 2728 sermonzcm;
1068 2694 1103 2722 et
1130 2688 1255 2722 statim
1282 2690 1456 2733 sequitur,
1483 2691 1586 2733 Ecce,

265 2754 363 2777 unus
387 2747 441 2777 est
455 2744 623 2788 populus
646 2748 682 2777 et
704 2755 820 2778 unum
844 2745 984 2778 labium
1011 2746 1204 2780 omnibus.-
1229 2758 1312 2790 ecce,
1331 2758 1428 2792 erge,
1446 2749 1585 2782 descen-

883 2819 953 2851 22

1795 164 1877 207 339
