2008 3305
183 211 265 255 172

188 1417 234 1449 Of
238 1415 321 1443 Goa‘s
332 1415 400 1442 will

185 1450 373 1483 (continued).

673 209 737 242 DE
770 208 989 243 DOMINIO
1022 208 1196 241 DIVINO
1230 207 1375 240 LIBER
1408 206 1604 241 PRIMUS.

460 332 518 364 est
551 325 782 375 contingens
797 338 806 372 ;
847 338 940 374 ergo
970 324 1142 362 absolute
1172 323 1387 362 necessario
1415 323 1542 360 divina
1569 322 1705 360 volicio
1733 328 1788 360 est
1802 326 1897 368 [580

460 397 717 446 contingens;
758 408 852 445 ergo
881 396 985 445 prius
1014 394 1233 432 naturaliter
1262 405 1377 444 quam
1406 394 1469 431 illa
1498 393 1624 430 divina
1652 393 1790 431 volicio

463 473 520 504 est
548 467 787 516 contingens.
847 465 945 503 Satis
983 478 1076 514 ergo
1111 472 1168 503 est
1197 465 1246 502 ad
1276 465 1583 514 descripcionem
1613 461 1792 513 potencie

464 537 759 575 contradictorie
806 537 923 574 libere
958 536 1065 586 quod
1098 536 1145 573 sit
1176 536 1357 584 potencia
1389 535 1539 572 volitiva
1579 540 1721 583 potens
1754 534 1793 570 in

463 607 761 645 contradictoria
781 607 966 644 incoacte.
1039 606 1101 644 Sic
1128 618 1219 656 ergo
1244 618 1323 643 non
1347 612 1474 655 potest
1504 617 1589 643 esse
1614 605 1825 654 potencia5

463 678 582 716 libera
601 678 673 715 nisi
693 677 804 714 suerit
825 677 1118 715 contradictorie
1134 676 1253 714 libera
1274 676 1392 714 modo
1413 687 1507 713 suo:
1537 676 1661 725 prima
1681 675 1794 712 liber-

462 750 569 794 rima,
592 760 666 798 que
687 761 734 786 ex
756 760 797 786 se
818 748 900 785 sine
921 748 1172 797 possibilitate
1190 746 1395 796 superioris
1416 746 1650 784 necessitatis
1671 752 1795 795 potest

463 820 503 856 in
546 826 653 856 actus
696 819 918 867 oppositos;
963 818 1131 855 secunda
1174 824 1310 863 creata,
1351 829 1425 867 que
1472 816 1700 854 necessitata
1746 828 1795 853 ex

464 889 649 939 superiori
669 889 848 938 potencia
878 894 1004 937 potest
1033 888 1072 924 in
1100 894 1206 925 actus
1227 888 1442 937 oppositos.
1498 887 1697 924 Naturalia
1726 887 1794 923 ita-

463 972 538 1009 que
569 961 739 1009 agenda,
770 959 801 996 si
830 965 991 1008 possent
1023 965 1222 1008 expectare
1252 965 1340 1008 post
1369 970 1528 996 ornnem
1564 957 1795 1007 applicacio-
1812 972 1851 995 10

465 1042 556 1067 nem
586 1036 623 1067 et
652 1030 953 1079 proporcionem
983 1029 1170 1078 corporei,
1191 1029 1289 1066 sicut
1316 1035 1479 1078 possunt
1506 1028 1683 1078 potencie
1703 1027 1796 1065 voli—

463 1102 548 1148 tive,
570 1108 732 1151 possent
752 1100 967 1150 producere
987 1100 1104 1138 libere
1125 1106 1232 1137 actus
1254 1111 1356 1137 suos.

920 1302 1251 1342 CAPITULUM
1294 1303 1402 1342 XIX.

520 1408 539 1430 '⁰‘
558 1409 763 1447 ULTERan
793 1414 897 1458 patet
927 1408 1127 1458 responsio
1156 1407 1205 1445 ad
1239 1414 1466 1457 argumenta
1499 1407 1727 1452 consimilia,
1758 1412 1843 1445 utD

465 1481 637 1518 videatur
653 1480 778 1530 primo
794 1479 900 1529 quod
917 1477 990 1516 Dei
1010 1479 1147 1516 volicio
1169 1479 1215 1516 sit
1231 1490 1327 1528 pura
1347 1478 1487 1516 relacio
1503 1478 1678 1523 racionis,
1693 1477 1798 1527 quod
1815 1485 1852 1517 ι5

465 1564 546 1590 non
566 1551 808 1600 distinguitur
832 1563 854 1587 a
874 1550 1068 1599 prioritate
1095 1549 1153 1587 vel
1173 1550 1344 1588 dominio
1364 1549 1438 1587 Dei
1459 1562 1570 1599 super
1589 1550 1739 1594 scitum,
1761 1555 1799 1586 et

466 1636 535 1674 per
554 1633 800 1671 consequens
823 1622 951 1659 omnis
978 1621 1062 1658 talis
1082 1620 1220 1658 volicio
1248 1620 1345 1658 foret
1369 1627 1518 1658 tantum
1544 1619 1794 1669 temporalis;

466 1700 503 1731 et
528 1693 814 1742 consequencia
842 1704 889 1729 ex
918 1690 993 1729 hoc
1023 1691 1168 1729 videtur
1197 1690 1366 1737 evidens,
1388 1691 1494 1740 quod
1516 1691 1678 1727 omnino
1702 1690 1800 1727 inter

469 1765 605 1803 eadem
635 1772 808 1801 extrema
837 1763 918 1800 sine
949 1762 1191 1800 distinctione
1215 1761 1344 1811 aliqua
1370 1761 1609 1799 fundamenti
1636 1772 1717 1798 non
1740 1766 1797 1797 est

468 1834 652 1886 ponenda
671 1834 848 1872 distincta
868 1833 1023 1871 relacio.
1069 1833 1135 1870 Ad
1149 1832 1240 1869 illud
1254 1833 1388 1870 dicitur
1400 1832 1506 1881 quod
1522 1832 1649 1869 omnis
1664 1832 1799 1871 volicio
1815 1844 1855 1866 20

469 1905 555 1952 Dei,
569 1917 659 1944 cum
675 1906 722 1943 sit
738 1905 906 1942 sciencia
926 1911 964 1942 et
978 1903 1245 1952 intelligencia,
1260 1903 1469 1952 intelligere
1484 1909 1613 1940 autem
1629 1909 1685 1940 est
1700 1904 1800 1940 intus

467 1979 594 2026 legere,
610 1977 833 2014 terminatur
848 1975 1069 2013 immediate
1090 1974 1381 2024 quodammodo
1397 1974 1445 2011 ad
1460 1974 1600 2023 ydeam
1612 1986 1622 2021 5
1644 1974 1713 2012 sed
1726 1975 1800 2012 hoc

469 2048 671 2097 dupliciter
691 2054 748 2084 est
761 2047 832 2084 sub
853 2056 948 2095 pura
968 2046 1123 2083 racione
1143 2045 1399 2094 intelligibilis,
1418 2051 1455 2083 et
1476 2046 1527 2083 sic
1547 2051 1605 2083 est
1625 2045 1799 2082 absolute

468 2119 686 2157 necessaria
723 2118 820 2155 sicut
853 2116 972 2163 Deus,
1003 2116 1062 2153 vel
1096 2117 1168 2153 sub
1202 2116 1355 2154 racione
1385 2129 1461 2165 qua
1494 2115 1593 2165 ydea
1625 2127 1697 2165 pro
1729 2127 1800 2153 suo

469 2196 644 2238 tempore
683 2195 740 2226 est
787 2188 955 2233 effectus,
995 2193 1033 2225 et
1072 2187 1126 2224 sic
1165 2187 1363 2236 quodlibet
1402 2186 1541 2224 horum
1589 2187 1702 2225 trium
1744 2193 1799 2224 est
1815 2194 1853 2225 25

471 2267 646 2298 eternum
667 2259 889 2309 simpliciter
909 2258 977 2296 sed
996 2258 1227 2307 contingens

708 2361 726 2382 >k
841 2361 859 2381 *
975 2361 993 2382 *
1109 2361 1128 2381 *
1243 2359 1261 2380 *
1377 2360 1395 2380 *
1511 2359 1529 2379 *

507 2481 530 2504 5.
550 2473 606 2498 sic:
627 2471 710 2497 codd.
724 2471 757 2497 εἰ.
832 2480 855 2504 9.
878 2472 886 2500 ΙΙ
900 2471 999 2503 itaque
1018 2470 1050 2496 Β.
1066 2469 1084 2496 s.
1098 2471 1145 2502 238
1158 2478 1185 2496 D.
1308 2477 1348 2501 15.
1367 2469 1407 2495 sz't
1424 2468 1499 2495 AC:
1525 2468 1553 2494 si
1568 2468 1608 2494 sit
1627 2468 1658 2493 Β.
1697 2468 1802 2494 relacio

473 2505 506 2536 C,
528 2506 633 2531 relacio
652 2506 730 2531 racio
745 2505 776 2535 B,
794 2506 872 2530 racio
885 2505 920 2530 A.
1041 2506 1079 2530 26.
1103 2503 1170 2529 Post
1182 2503 1347 2536 contingens
1360 2502 1387 2528 in
1401 2503 1426 2528 A
1438 2503 1460 2528 B
1473 2502 1581 2535 reliqua
1593 2510 1658 2535 pars
1670 2501 1799 2535 paginae,

474 2538 502 2565 in
516 2539 539 2566 C
553 2538 638 2565 etiam
651 2547 699 2566 sex
714 2538 860 2565 columnae
873 2542 1023 2571 sequentes
1036 2542 1145 2564 vacant.
