2008 3305
231 252 318 281 CAP.
342 237 419 296 rx]
708 247 855 280 LIBER
887 246 1084 278 PRIMUS.

119 363 211 405 190]
226 364 381 414 aliquod
411 364 595 409 aliorum;
636 369 673 400 et
702 375 770 411 per
800 373 1057 410 consequens,
1089 372 1178 397 curn
1207 364 1339 396 causat
1368 357 1558 395 mundum

226 441 427 484 tamquam
447 434 529 471 eius
550 432 758 483 principale
779 431 1033 481 suppositum,
1056 436 1093 467 et
1114 442 1204 467 cum
1231 428 1458 466 universalia
1479 439 1558 465 non

226 511 378 555 ponunt
396 504 446 540 'in
471 515 675 540 numerum
704 514 793 540 cum
823 502 901 539 suis
930 501 1197 550 singularibus,
1220 505 1324 548 patet
1344 497 1450 548 quod
1479 508 1560 534 non

228 582 285 612 est
307 585 429 610 unum
451 579 705 622 aggregatum
727 585 775 610 ex
794 572 1071 609 universalibus
1091 577 1128 608 et
1156 569 1359 607 individuis
1388 568 1559 618 partibus

197 645 342 682 5huius
379 643 525 681 mundi.
597 643 716 681 Tunc
754 642 858 680 enim
906 641 1146 686 universalia,
1185 652 1260 690 que
1309 645 1396 676 sunt
1433 644 1561 687 partes

228 714 450 765 quiditative
479 719 517 751 et
545 713 739 758 formales,
762 712 886 750 forent
908 712 1031 749 eciam
1060 711 1276 748 indistincte
1307 715 1434 759 partes
1465 708 1561 745 inte-

229 785 367 835 graleS‚
402 796 493 822 cum
524 789 657 821 tamen
691 794 848 836 propter
887 782 1231 832 equivocacionem
1273 780 1448 830 parcium
1491 778 1560 815 iste

230 855 398 892 mundus
425 861 483 892 est
506 866 628 891 unum
657 860 908 903 aggregatum
938 865 986 890 ex
1014 852 1195 890 omnibus
1224 850 1428 888 individuis
1456 861 1561 887 crea-

183 925 334 970 Dturis‚
360 925 467 974 quod
496 930 555 962 est
584 925 778 961 maximus
806 930 842 961 et
868 923 1036 972 optimus
1066 922 1225 960 effectus
1254 920 1458 970 possibilis,
1482 917 1500 938 *
1524 925 1562 956 et

179 1010 219 1032 10
230 1008 300 1045 per
328 1006 571 1044 consequens
596 1000 653 1032 est
683 1006 771 1044 pars
802 993 1011 1031 subiectiva
1040 998 1176 1030 natura
1204 991 1393 1041 posterior
1421 1002 1562 1039 genere

231 1065 451 1103 substancie
480 1071 595 1114 atque
626 1065 736 1102 entis.
792 1064 844 1101 Et
866 1063 919 1101 sic
944 1074 1014 1100 ens
1041 1068 1211 1100 creatum
1231 1068 1288 1099 est
1316 1060 1402 1097 finis
1431 1060 1562 1109 proxi-

231 1147 318 1172 mus
334 1135 405 1172 sub
421 1134 518 1180 Deo,
531 1135 660 1183 gracia
679 1135 787 1172 cuius
807 1140 863 1171 est
883 1133 1053 1170 mundus
1072 1138 1108 1170 et
1138 1131 1288 1180 singule
1309 1131 1390 1168 eius
1410 1136 1561 1179 partes;

230 1211 268 1243 et
295 1205 423 1255 ipsum
452 1210 576 1242 totum
607 1205 770 1242 finaliter
798 1210 955 1254 propter
984 1203 1125 1249 Deum,
1156 1203 1251 1240 sicut
1279 1201 1446 1252 quelibet
1475 1211 1563 1249 pars

231 1276 479 1326 quantitativa
508 1275 643 1313 mundi
673 1281 730 1313 est
757 1275 922 1313 finaliter
950 1280 1108 1324 propter
1136 1274 1274 1322 ipsum.
1330 1271 1392 1309 Ex
1422 1271 1563 1320 quibus

180 1355 218 1387 15
234 1346 434 1395 colligitur,
458 1358 547 1383 cum
567 1346 734 1395 quelibet
754 1358 844 1396 pars
865 1345 1072 1383 subiectiva
1093 1343 1233 1394 speciei
1254 1343 1300 1380 sit
1326 1342 1410 1391 ipsa
1437 1341 1564 1391 specie

232 1424 371 1455 natura
407 1417 606 1466 posterior,
645 1417 751 1466 quod
789 1423 869 1454 tota
912 1415 1134 1453 universitas
1182 1413 1472 1463 suppositorum
1519 1412 1566 1449 sit

232 1493 368 1525 natura
396 1487 585 1536 posterior
613 1486 780 1536 analogo
810 1486 919 1532 entis,
941 1485 1047 1535 quod
1076 1491 1132 1523 est
1160 1484 1386 1522 universitas
1414 1482 1565 1520 univer-

235 1557 396 1604 salium3
427 1569 475 1594 eo
497 1557 604 1607 quod
623 1563 751 1606 partes
773 1569 812 1595 se
833 1557 978 1594 habent
993 1554 1336 1605 proporcionaliter
1357 1553 1406 1591 ad
1426 1559 1567 1603 partes,

235 1628 332 1666 sicut
355 1634 479 1665 totum
507 1627 557 1665 ad
584 1633 718 1665 totum.
775 1626 915 1664 Utrum
944 1633 1073 1664 autem
1103 1625 1250 1676 species
1270 1624 1330 1663 vel
1358 1635 1482 1673 genus
1510 1623 1568 1660 in-

183 1710 223 1732 20
235 1698 466 1736 termedium
487 1698 534 1735 sit
557 1698 660 1747 paris
680 1697 931 1747 perfeccionis
951 1697 1009 1734 vel
1028 1697 1185 1746 imparis
1207 1708 1296 1734 curn
1317 1695 1391 1733 hoc
1410 1694 1569 1740 mundo,

234 1768 381 1806 videtur
399 1768 494 1805 mihi
515 1768 620 1818 quod
641 1767 778 1805 melius
798 1774 856 1805 est
875 1779 959 1805 esse
980 1778 1252 1817 quamcunque
1283 1765 1452 1815 speciem
1481 1765 1570 1802 sub-

236 1839 383 1877 stancie
413 1851 530 1888 quarn
558 1838 662 1876 hunc
692 1838 895 1884 mundum,
927 1838 958 1875 si
988 1838 1135 1887 species
1167 1837 1290 1886 possit
1319 1836 1459 1875 servari
1488 1836 1571 1873 sine

236 1909 311 1947 hoc
330 1909 490 1946 mundo.
548 1908 652 1946 Nam
672 1908 821 1946 creacio
843 1909 933 1946 novi
959 1908 1094 1945 mundi
1118 1914 1210 1946 tunc
1240 1907 1338 1945 foret
1366 1906 1572 1956 possibilis,

237 1986 275 2017 et
294 1991 362 2029 per
382 1991 628 2029 consequens
648 1979 734 2028 plus
759 1979 1013 2028 imperficeret
1037 1979 1209 2029 speciem
1239 1977 1374 2015 mundi
1402 1977 1572 2027 privacio

187 2063 226 2095 25
240 2049 378 2098 speciei
407 2049 575 2087 humane
595 2049 653 2087 vel
683 2050 962 2099 cuiuscumque
993 2049 1146 2087 alterius
1177 2049 1328 2098 speciei,
1350 2060 1467 2098 quarn
1496 2047 1572 2097 pri-

242 2119 350 2157 vacio
370 2120 483 2157 huius
499 2119 643 2157 mundi.
686 2119 794 2169 Ergo
811 2132 900 2157 cum
919 2119 1130 2169 privacioni
1144 2119 1265 2169 peiori
1284 2119 1409 2156 maius
1424 2120 1574 2156 bonum

240 2190 460 2239 opponitur,
489 2190 661 2239 sequitur
689 2189 1015 2228 concludendum.
1072 2189 1123 2227 Et
1154 2190 1229 2227 hoc
1263 2195 1321 2227 est
1353 2188 1574 2227 evidencius

242 2260 290 2297 de
336 2272 477 2309 genere
524 2266 562 2298 et
609 2261 801 2299 ambobus
852 2261 1040 2310 proximis
1087 2260 1293 2310 generibus
1332 2259 1572 2298 subalternis.

243 2330 377 2369 Genus
406 2337 535 2368 autem
562 2331 660 2368 entis
689 2338 746 2369 est
771 2331 906 2368 melius
934 2331 1007 2369 isto
1036 2331 1208 2369 mundo:
1237 2342 1341 2380 ymo,
1362 2330 1498 2368 melior
1517 2336 1576 2367 est

191 2415 232 2446 30
244 2401 418 2439 essencia
442 2400 643 2450 singularis
670 2401 783 2439 huius
806 2401 942 2439 mundi
962 2413 1081 2451 quam
1107 2401 1233 2439 forma
1260 2413 1283 2439 a
1309 2413 1387 2450 qua
1407 2406 1464 2438 est
1484 2399 1577 2449 quid

244 2472 285 2508 in
318 2483 470 2521 genere,
501 2472 591 2522 quia
627 2471 709 2509 eius
747 2471 917 2521 privaeio
952 2471 1051 2510 foret
1082 2471 1313 2510 anichilacio
1347 2470 1407 2509 vel
1441 2470 1576 2508 saltem

245 2541 395 2578 malum
418 2541 628 2579 induceret.

301 2611 377 2649 Pro
420 2611 538 2650 tercia
583 2611 802 2649 difficultate
850 2617 961 2658 tacta,
1004 2611 1228 2650 conceditur
1272 2610 1379 2661 quod
1421 2616 1478 2649 tot
1519 2609 1579 2648 vel

1782 239 1836 284 59

1590 2622 1610 2639 c.
1632 2611 1724 2644 Ofthe
1732 2611 1856 2637 relation

1589 2646 1677 2678 oftlae
1689 2644 1811 2671 rationes

246 2681 357 2730 plura
402 2687 490 2719 sunt
532 2682 708 2720 raciones
747 2682 787 2719 in
825 2682 913 2720 Deo
951 2682 1102 2720 adintra
1139 2688 1233 2732 quot
1280 2681 1453 2720 essencie
1491 2687 1578 2718 sunt
1590 2679 1857 2711 exemp¹³re⁵t02x·

249 2751 408 2789 adextra
423 2764 432 2799 ;
463 2752 564 2802 quia,
605 2764 695 2790 cum
732 2764 870 2791 omnes
907 2752 1057 2790 adintra
1101 2759 1191 2790 sunt
1228 2751 1354 2790 divina
1395 2751 1578 2798 essencia‚

153 2820 270 2856 20A*
290 2821 446 2860 adextra
484 2829 613 2861 autem
651 2830 739 2861 sunt
776 2823 961 2874 equivoce
999 2823 1212 2862 secundum
1251 2822 1498 2861 existenciam
1546 2821 1585 2860 in

1590 2713 1690 2740 ternal
1700 2711 1847 2739 essentiae.
