2008 3305
230 241 316 270 οΑΡ.
340 225 416 285 nx]
721 236 864 268 LIBER
896 237 1092 269 PRIMUS.
1797 232 1848 276 25

118 363 193 405 ΞΒ]
226 354 482 404 principaliter
515 353 747 399 terminatur,
773 360 928 391 vocetur
958 354 1124 403 primum
1151 352 1341 390 essenczkzle
1370 353 1567 389 servicium

227 432 263 462 et
297 425 510 462 secundum
537 425 755 461 accidentale
780 425 997 461 servicium:
1032 431 1122 461 tunc
1151 424 1237 461 dico
1266 423 1372 472 quod
1400 423 1570 472 quelibet

226 502 410 542 creatura,
451 495 581 544 quoad
620 494 830 532 essenciale
866 494 1079 541 servicium,
1110 494 1241 544 quoad
1279 494 1457 530 ultimum
1498 493 1570 530 sibi

229 566 410 615 possibile
437 566 551 603 servit
577 565 686 612 Deo;
717 565 785 603 sed
816 565 944 615 quoad
979 565 1217 603 accidentale
1251 564 1453 602 servicium
1483 576 1570 613 pro-

195 636 491 686 5portionaliter
521 636 570 674 ad
597 636 855 674 variacionem
888 636 1183 674 accidentalium
1208 635 1384 673 variatur.
1441 635 1571 671 Prima

229 719 316 757 pars
337 714 439 756 patet
460 720 507 744 ex
528 707 637 745 dictis
655 722 662 749 ;
696 719 784 744 cum
806 707 973 756 quelibet
993 713 1167 744 creatura
1186 719 1254 756 per
1274 719 1314 744 se
1336 707 1448 743 servit
1471 705 1569 751 Deo,

229 786 265 816 et
286 791 354 828 per
374 789 630 827 consequens,
652 777 749 815 sicut
776 777 948 815 essencia
975 784 1147 815 creature
1168 789 1247 814 non
1270 777 1427 824 suscipit
1449 776 1573 825 magis

230 856 266 886 et
293 849 432 895 minus,
456 848 510 885 sic
540 860 612 886 nec
641 848 734 885 illud
764 861 832 897 per
861 860 901 885 se
932 848 1135 885 servicium
1164 848 1292 896 quoad
1323 847 1464 884 Deum.
1522 846 1573 883 Et

232 919 400 957 secunda
420 931 508 968 pars
528 925 631 968 patet
652 931 699 956 eo
720 918 825 968 quod
847 931 964 956 omne
980 918 1159 956 accidens
1176 924 1346 956 creature
1366 924 1422 955 est
1443 929 1573 955 essen-

180 990 375 1027 10cialiter
412 990 562 1035 eadem,
592 996 630 1027 et
667 989 875 1027 formaliter
904 989 961 1027 vel
1002 989 1217 1027 secundum
1258 989 1452 1026 racionem
1492 988 1573 1026 eius

232 1060 389 1107 modus;
420 1067 457 1098 et
482 1072 549 1109 per
575 1072 818 1110 consequens
848 1072 965 1098 omne
995 1060 1195 1098 servicium
1224 1059 1445 1097 huiusmodi
1475 1059 1573 1096 acci-

233 1131 356 1169 dentis
384 1138 440 1168 est
466 1131 667 1169 servicium
698 1132 754 1168 sui
781 1144 850 1181 per
877 1144 917 1169 se
949 1131 1133 1169 subiecti:
1165 1138 1207 1168 ut
1236 1143 1316 1167 non
1346 1130 1457 1167 servit
1487 1129 1574 1167 Deo

233 1203 339 1252 quod
379 1202 514 1240 Petrus
553 1203 665 1240 currit
704 1203 775 1240 nisi
815 1203 862 1240 de
901 1209 1048 1252 quanto
1088 1202 1236 1247 Petrus,
1267 1208 1308 1239 ut
1339 1200 1572 1246 huiusmodi,

234 1273 345 1311 servit
374 1273 486 1321 Deo3
519 1281 555 1310 et
584 1273 634 1310 ita
664 1273 711 1310 de
741 1273 824 1311 aliis
858 1273 1132 1318 accidentibus,
1162 1279 1204 1310 ut
1242 1278 1379 1310 notum
1408 1277 1465 1309 est
1494 1271 1574 1309 cui-

194 1349 221 1379 0
235 1356 402 1393 cumque
425 1342 443 1362 '¹‘
466 1343 747 1392 methaphisico
767 1356 848 1380 non
869 1344 1019 1381 erranti.

289 1414 350 1451 Ex
382 1415 456 1451 isto
487 1414 659 1452 secundo
693 1415 865 1464 sequitur
899 1414 1005 1464 quod
1038 1414 1086 1452 de
1118 1414 1288 1464 qualibet
1321 1419 1574 1463 permanente
1587 1427 1609 1454 b.
1632 1428 1732 1455 Asthe
1745 1428 1816 1455 acci.

237 1492 408 1523 creatura
431 1485 539 1523 Deus
566 1485 682 1523 habet
706 1485 921 1523 domimum
951 1485 1221 1531 successivum,
1243 1498 1290 1522 eo
1318 1484 1424 1534 quod
1448 1484 1574 1522 omnis
1587 1463 1845 1528 {lfgfflf-eocfissffge,

236 1557 320 1594 talis
340 1563 511 1594 creatura
531 1557 710 1594 continue
730 1556 894 1593 variatur
914 1557 951 1592 in
979 1557 1109 1606 aliquo
1138 1556 1336 1594 accidente
1365 1555 1573 1593 crescendo
1586 1530 1794 1590 ignisslsvgcifme
1808 1539 1831 1555 ¹⁵

237 1627 295 1665 vel
333 1627 615 1665 decrescendo:
655 1639 744 1664 cum
782 1627 897 1676 igitur
926 1627 1032 1664 Deus
1067 1627 1287 1664 dominatur
1325 1626 1452 1664 omnis
1489 1627 1579 1663 recti

186 1712 226 1735 20
239 1698 398 1744 servicii,
419 1698 590 1747 sequitur
610 1697 715 1747 quod
736 1698 784 1735 ad
805 1698 1098 1735 innovacionem
1119 1698 1262 1734 servicii
1283 1696 1356 1734 Dei
1377 1697 1580 1734 servicium

239 1770 450 1807 innovatur.
508 1767 591 1806 Nec
626 1781 673 1806 ex
713 1769 785 1806 isto
824 1769 995 1818 sequitur
1024 1769 1129 1818 quod
1158 1769 1197 1806 in
1228 1768 1407 1806 dominiis
1437 1774 1471 1806 et
1501 1780 1578 1805 ser-

238 1840 342 1877 viciis
370 1840 415 1877 sit
435 1852 642 1888 processus
663 1840 880 1889 reciprocus
901 1840 1058 1886 infinite,
1083 1839 1174 1889 quia
1195 1839 1398 1876 servicium
1420 1839 1577 1885 servicii,

240 1918 276 1948 et
306 1911 519 1948 dominium
549 1911 708 1948 dominii
737 1911 957 1948 nullatenus
985 1910 1281 1960 distinguuntur.
1341 1910 1446 1948 Sicut
1475 1911 1579 1948 enim

242 1981 461 2019 substancia
490 1988 546 2019 est
575 1981 786 2031 quantitate
819 1981 997 2019 distincta
1026 1988 1181 2031 quanta,
1212 1988 1248 2018 et
1277 1981 1340 2019 illa
1369 1993 1448 2019 non
1479 1981 1581 2019 acci-

190 2062 227 2093 25
242 2053 356 2090 dente
394 2052 574 2089 distincto
614 2052 681 2090 sed
714 2064 782 2101 per
818 2064 857 2089 se
892 2059 1047 2101 quanta,
1079 2053 1132 2090 sic
1167 2052 1275 2089 Deus
1308 2059 1365 2089 est
1400 2052 1580 2089 dominus

241 2130 411 2160 creature
432 2123 606 2160 absolute
627 2123 806 2161 distincto
826 2123 1012 2169 dominio,
1033 2130 1070 2161 et
1091 2123 1272 2160 dominus
1295 2123 1393 2160 illius
1420 2123 1580 2161 dominii

243 2206 283 2231 se
307 2194 393 2243 ipso
414 2194 599 2231 dominio.
658 2193 741 2231 Nec
762 2193 861 2231 valet
885 2206 955 2243 pro
976 2194 1157 2243 opposito
1186 2194 1292 2243 quod
1313 2194 1484 2231 dominia
1505 2194 1580 2231 dis-

242 2265 471 2314 tinguuntur
494 2276 613 2314 penes
639 2265 826 2302 terminos
847 2264 894 2301 ad
916 2276 1015 2314 quos
1036 2265 1296 2313 principaliter
1315 2265 1578 2311 terminantur,

244 2335 334 2384 quia
367 2341 559 2383 oporteret
588 2336 752 2384 probare
782 2335 910 2384 previe
936 2335 1041 2385 quod
1069 2335 1286 2373 dominium
1314 2335 1476 2372 dominii
1506 2342 1580 2372 ter-

192 2406 410 2452 gominatur
447 2405 496 2442 ad
533 2406 658 2454 ipsum
697 2406 922 2452 dominium,
962 2412 1004 2443 ut
1047 2418 1161 2443 suum
1200 2406 1429 2452 terminum;
1478 2405 1581 2454 quod

244 2483 417 2526 negatur,
439 2489 525 2513 cum
547 2476 652 2513 nulla
671 2476 755 2513 talis
774 2476 913 2514 relacio
933 2477 1159 2514 terminatur
1183 2476 1442 2526 principaliter
1466 2476 1514 2513 ad
1542 2489 1582 2514 se

244 2547 377 2596 ipsam.
436 2547 563 2584 Maior
589 2548 718 2596 itaque
749 2559 840 2596 pars
870 2547 1196 2584 contendencium
1236 2548 1274 2584 in
1313 2547 1385 2585 ista
1423 2548 1582 2585 materia

244 2624 398 2666 propter
417 2618 684 2667 ignoranciam
704 2618 826 2666 logice
848 2618 1049 2666 nugatorie
1070 2619 1320 2655 barbarisant.

304 2688 446 2725 Tercio
467 2689 611 2725 elicitur
632 2701 677 2725 ex
699 2688 879 2737 predictis
900 2688 1006 2737 quod
1027 2688 1135 2725 Deus
1161 2689 1355 2738 tripliciter
1382 2689 1420 2726 in
1441 2701 1581 2737 genere
1595 2705 1615 2723 c.
1639 2696 1702 2723 God
1716 2705 1767 2723 can
1780 2704 1825 2723 ae-

196 2768 234 2799 35
248 2766 373 2808 potest
404 2760 598 2808 acquirere
634 2760 701 2796 sibi
738 2759 952 2796 dominium
987 2765 1183 2806 creature3
1215 2760 1370 2805 scilicet,
1406 2772 1475 2809 per
1502 2760 1582 2798 eius
1596 2731 1813 2790 ξῑιὶἓὶὲτὲῗῖῑῖἷὲῳ
1826 2730 1857 2757 Of

684 2866 721 2889 34.
745 2857 864 2882 elicitur
877 2856 899 2881 B
910 2863 915 2881 z
936 2857 1059 2889 eligitur
1070 2857 1095 2881 A
1105 2856 1137 2882 C.
