2095 3278
214 203 300 246 470

214 1649 236 1668 1.
257 1640 433 1673 Consuming

212 1676 281 1701 does
294 1681 342 1700 not
356 1675 466 1700 involve

212 1709 261 1734 the
274 1709 362 1734 entire
375 1709 422 1734 de-

212 1743 349 1768 struction
363 1742 396 1767 of
405 1742 452 1767 the

213 1776 295 1809 thing
308 1776 469 1802 consumed.

873 204 1078 236 RICARDI
1111 203 1414 236 ARMACHANI
1869 191 1971 249 [Lm.
1989 204 2048 232 1v.

498 308 752 352 exterminare,
773 314 809 343 et
827 315 960 343 cuncta
986 320 1113 343 earum
1139 309 1239 343 bona
1265 308 1343 343 sive
1368 307 1537 343 vivencia
1564 307 1640 342 sive
1666 306 1743 341 vita
1768 317 1828 341 ca·
1844 310 1935 351 [460

498 367 622 401 rencia
645 367 751 409 ferro,
778 378 886 411 aqua,
917 378 961 401 ac
987 367 1146 401 flammis
1177 378 1406 410 consumere,
1433 366 1539 400 sicuti
1568 366 1605 400 in
1633 365 1830 411 Scripturis

499 427 611 460 claret
630 425 883 470 propriissime
902 426 948 460 de
965 425 1071 460 factis
1100 426 1198 469 Saul,
1217 426 1335 469 Iosue,
1355 432 1390 460 et
1408 424 1567 470 plurium
1590 424 1755 467 aliorum,
1769 424 1830 469 qui

497 484 717 518 auctoritate
748 483 831 526 Dei,
859 494 935 517 non
963 483 1127 528 ipsorum
1151 483 1302 528 propria
1327 483 1556 526 auctoritate,
1588 483 1640 518 sic
1668 489 1829 527 egerunt.

499 542 611 576 Unde
631 541 866 586 consequitur
890 542 989 586 quod
1015 541 1139 586 aliqua
1163 541 1376 575 huiusmodi
1403 547 1575 586 poterant
1601 541 1720 575 eciam
1738 541 1828 575 den·
1844 548 1861 580 5

497 600 595 635 tibus
614 599 765 634 lacerari
784 607 819 635 et
837 600 873 634 in
892 600 1086 634 stomacho
1114 611 1181 634 suo
1207 599 1383 644 digerere,
1402 605 1438 635 et
1466 599 1518 634 sic
1543 598 1830 633 ministerialiter

498 671 543 693 ea
561 670 778 693 consumere
797 658 1068 692 commedendo
1089 657 1167 692 sive
1185 657 1357 692 bibendo.
1410 658 1492 702 Que
1509 656 1609 691 enim
1627 656 1727 691 racio
1747 668 1830 691 esse

496 723 622 761 posset
641 716 740 761 quod
758 717 850 751 tales
868 716 1025 750 ministri
1044 722 1198 761 possent
1221 717 1319 750 bona
1346 715 1416 750 Dei
1437 714 1647 749 huiusmodi
1668 714 1829 748 flammis

497 783 559 810 aut
583 776 677 810 ferro
701 777 758 810 vel
781 787 889 820 aqua,
916 787 990 809 non
1012 775 1185 810 dentibus
1214 781 1251 809 et
1281 774 1486 816 stomacho,
1516 773 1578 808 ubi
1608 773 1730 807 minor
1754 772 1829 807 vio-

497 833 616 867 lencia
633 833 841 877 adhibetur,
861 834 956 868 iuste
975 843 1205 876 consumere,
1224 832 1378 866 omnino
1395 843 1472 866 non
1490 831 1609 866 video.
1847 838 1887 860 10

547 893 638 926 IOH.
669 892 789 925 Immo
815 891 914 926 racio
941 897 997 926 est
1024 897 1178 935 aperta;
1206 889 1381 935 quoniam
1401 889 1500 932 Saul,
1523 890 1641 931 Iosue,
1662 888 1829 931 Gedeon,

500 950 694 994 Sampson,
718 951 831 994 Iepte,
851 961 895 984 ac
912 949 1036 992 ceteri,
1056 948 1237 992 civitates,
1256 947 1439 991 homines,
1458 954 1493 982 et
1516 947 1680 982 iumenta
1706 946 1831 992 sepius

496 1008 543 1042 de
573 1007 752 1042 mandato
780 1008 852 1042 Dei
879 1007 1025 1052 penitus
1055 1007 1309 1041 consumendo
1339 1007 1376 1041 in
1408 1006 1570 1040 cinerem
1599 1005 1829 1049 redegerunt,

496 1067 575 1100 sola
593 1065 810 1100 auctoritate
831 1064 901 1100 Dei
922 1064 1071 1109 suffulti,
1090 1064 1203 1099 nichil
1222 1064 1293 1099 sibi
1308 1063 1493 1099 commodi
1506 1064 1749 1108 acquirentes,
1762 1074 1831 1097 nec

496 1124 659 1168 ipsorum
678 1124 801 1158 adhuc
827 1123 1064 1168 im*pellente
1082 1130 1236 1159 natura:
1264 1130 1417 1158 econtra
1434 1129 1559 1157 autem
1578 1123 1625 1157 de
1642 1121 1830 1157 alimentis
1844 1121 1876 1148 D

494 1188 530 1216 et
549 1181 713 1216 vestibus
739 1193 806 1226 per
830 1193 894 1216 eos
922 1181 1166 1226 consumptis,
1185 1181 1361 1226 quoniam
1387 1192 1462 1216 non
1490 1192 1534 1215 ea
1559 1180 1831 1215 consumebant

494 1250 538 1274 ex
556 1239 682 1274 divina
696 1240 914 1274 auctoritate
932 1239 1147 1284 preceptiva
1165 1239 1241 1274 sive
1255 1245 1443 1284 precepto,
1459 1245 1515 1273 set
1528 1238 1574 1273 de
1589 1237 1662 1272 Dei
1676 1237 1832 1272 licencia

492 1304 605 1343 atque
636 1297 780 1332 iusticia
809 1298 979 1343 (Dzjgnzcs
1007 1302 1062 1332 est
1088 1298 1187 1331 enim
1219 1297 1416 1342 operarius
1445 1297 1520 1331 cibo
1548 1294 1643 1340 suo),
1666 1295 1832 1339 ipsorum
1845 1295 1929 1327 Mat.
1946 1306 1978 1327 x-

491 1363 624 1391 natura
644 1357 973 1401 consumpcionem
991 1355 1205 1390 huiusmodi
1223 1354 1393 1400 exigente
1408 1365 1416 1398 ;
1443 1361 1479 1389 et
1497 1355 1545 1389 ob
1564 1355 1635 1388 hoc
1653 1354 1701 1388 ad
1719 1354 1832 1388 talem
1849 1347 1898 1370 ¹0·

491 1414 824 1459 consumpcionem
842 1414 975 1449 iustam
995 1413 1151 1458 exigitur
1168 1413 1205 1447 in
1224 1419 1466 1448 consumente
1489 1413 1599 1457 plena
1616 1412 1829 1455 auctoritas,
1847 1424 1887 1445 20

491 1484 577 1507 cum
594 1472 709 1507 nichil
728 1472 847 1507 maius
865 1471 983 1517 possit
1002 1471 1101 1507 circa
1118 1483 1198 1506 rem
1223 1477 1484 1516 consumptam
1510 1470 1557 1505 ab
1584 1470 1708 1515 aliquo
1726 1481 1828 1505 exer-

491 1530 564 1566 ceri
585 1542 697 1575 quam
725 1531 825 1575 quod
852 1530 935 1575 quis
961 1542 1045 1565 eam
1071 1535 1276 1565 consumat.
1327 1529 1440 1564 Unde
1467 1528 1704 1573 consequitur
1728 1528 1828 1573 quod

492 1596 598 1624 actus
616 1589 828 1624 huiusmodi
848 1589 998 1634 plenam
1017 1588 1277 1623 auctoritatem
1296 1587 1438 1632 recipit.

542 1648 628 1681 RIC.
657 1646 812 1681 Falleris
840 1646 877 1680 in
908 1647 1065 1681 duobus.
1118 1646 1242 1680 Primo
1277 1645 1428 1690 quidem
1457 1643 1662 1689 improvide
1695 1644 1829 1679 asseris

494 1705 608 1739 talem
635 1711 759 1739 actum
785 1704 1085 1749 consumpcionis
1111 1703 1313 1737 maximum
1339 1709 1465 1737 actum
1492 1714 1586 1746 esse,
1617 1709 1653 1737 et
1680 1703 1728 1737 ob
1758 1703 1828 1738 hoc
1845 1709 1883 1742 25

493 1764 695 1799 maximam
713 1763 973 1798 auctoritatem
999 1763 1169 1807 exigere3
1198 1761 1374 1807 quoniam
1399 1767 1504 1796 actus
1529 1760 1759 1796 vendicionis
1785 1773 1830 1796 eo

492 1822 606 1857 modo
626 1829 682 1857 est
701 1822 829 1864 maior,
858 1821 1034 1866 quoniam
1061 1820 1098 1854 in
1124 1826 1209 1854 actu
1228 1819 1459 1854 vendicionis
1487 1819 1605 1854 civilis
1632 1819 1751 1854 tocius
1776 1819 1828 1854 rei

492 1880 642 1915 vendite
668 1879 881 1914 necessario
907 1879 1100 1913 abdicatur
1118 1877 1346 1912 dominium:
1373 1877 1411 1911 in
1435 1877 1723 1922 consumpcione
1740 1888 1829 1912 vero

494 1939 568 1973 iam
588 1944 687 1973 tacta
704 1950 779 1972 non
798 1944 948 1982 propter
972 1937 1216 1972 sufficientem
1240 1935 1499 1971 auctoritatem
1524 1936 1562 1970 in
1586 1941 1829 1970 consumente

493 1997 542 2031 ad
560 2003 685 2031 actum
704 1996 805 2030 illum
823 1995 1035 2030 necessario
1061 1995 1255 2029 abdicatur
1279 1994 1332 2030 rei
1359 1994 1477 2029 tocius
1504 1993 1721 2037 dominium,
1740 1992 1829 2039 quin
1842 2002 1950 2042 {upra
1967 1992 2025 2024 lib·

496 2054 611 2097 (iuxta
629 2054 666 2088 in
685 2054 849 2088 secundo
868 2053 977 2087 huius
1004 2052 1176 2097 tractata)
1205 2052 1324 2097 possit
1349 2052 1610 2087 alimentorum
1636 2063 1828 2086 assumen-
1840 2045 1887 2110 2¹}
1903 2045 1956 2110 ΖΞ·
1976 2091 1983 2097 ,

495 2112 638 2155 dorum,
667 2112 826 2146 vestium
856 2118 1170 2156 consumptarum,
1199 2117 1235 2145 et
1261 2111 1337 2145 fimi
1364 2117 1475 2156 atque
1501 2110 1602 2145 urine
1629 2121 1828 2155 consump-
1841 2103 2023 2154 a5}um}2}07

495 2176 618 2204 torum
660 2169 840 2212 ciborum,
885 2168 991 2204 civile
1034 2169 1239 2203 dominium
1282 2168 1319 2202 in
1362 2169 1592 2203 concedente
1633 2167 1828 2202 licenciam
1841 2173 1872 2197 B·

494 2240 698 2264 remanere.
749 2229 843 2262 Esto
870 2228 969 2272 quod
996 2233 1145 2272 propter
1170 2227 1499 2272 consumpcionem
1526 2226 1662 2260 iustam
1685 2226 1721 2260 in
1740 2237 1828 2260 con-

496 2294 665 2322 sumente
691 2287 852 2332 aliquale
879 2285 1085 2320 dominium
1111 2285 1327 2329 exigeretur,
1347 2285 1521 2330 quoniam
1547 2284 1752 2319 dominium
1776 2283 1828 2318 rei
1844 2286 1883 2318 35

495 2351 716 2390 consumpte
733 2351 860 2390 posset
878 2344 1032 2379 concedi
1059 2343 1200 2378 homini
1228 2343 1473 2387 consumenti,
1500 2349 1681 2387 quatenus
1699 2353 1830 2377 neces-

495 2403 634 2437 sarium
647 2409 745 2438 esset
763 2403 811 2437 ad
823 2409 958 2446 actum,
971 2408 1113 2436 retento
1131 2401 1296 2436 dominio
1308 2400 1425 2436 tocius
1438 2400 1590 2435 materie
1604 2400 1828 2435 remanentis

494 2468 580 2495 actu
607 2460 908 2505 consumpcionis
934 2460 1139 2504 complet03
1166 2458 1271 2493 sicuti
1297 2470 1341 2493 eo
1368 2458 1480 2493 modo
1497 2469 1555 2493 res
1575 2458 1829 2492 consumenda

494 2518 557 2552 uni
572 2530 636 2563 per
648 2518 763 2552 alium
770 2518 880 2553 vendi
897 2524 1033 2563 posset,
1043 2517 1091 2551 ita
1106 2518 1205 2562 quod
1217 2528 1291 2551 non
1304 2517 1508 2561 acquireret
1521 2522 1666 2560 emptor
1677 2515 1829 2550 materie

495 2576 644 2611 vendite
663 2576 714 2611 rei
733 2576 961 2619 dominium3
990 2582 1044 2610 set
1062 2575 1114 2609 sic
1141 2586 1216 2609 non
1242 2581 1340 2609 esset
1367 2576 1477 2619 plena
1503 2573 1620 2608 civilis
1647 2573 1828 2617 vendicio,
1843 2583 1886 2613 40

495 2634 582 2679 quia
607 2646 681 2668 non
708 2640 805 2668 esset
833 2633 987 2668 dominii
1014 2633 1110 2678 pleni
1137 2632 1348 2675 translacio,
1368 2632 1455 2677 quin
1475 2631 1596 2666 verius
1621 2638 1831 2666 censeretur

494 2692 662 2736 aliqualis
689 2691 841 2726 locacio.
894 2691 1007 2726 Unde
1042 2697 1185 2725 constat
1223 2691 1321 2735 quod
1352 2689 1522 2724 vendicio
1553 2689 1604 2724 rei
1631 2689 1750 2723 maior
1774 2695 1829 2724 est

495 2756 598 2784 actus
634 2750 757 2794 quoad
791 2749 995 2783 dominium
1030 2748 1252 2792 exigendum
1287 2759 1398 2793 quam
1433 2759 1554 2782 rerum
1589 2746 1828 2791 consumpcio

496 2808 641 2852 qualem
670 2808 781 2841 homo
812 2807 923 2842 efficit
952 2806 986 2840 in
1016 2806 1198 2848 alimentis
1226 2805 1388 2850 corporis
1415 2812 1449 2840 et
1478 2805 1622 2840 vestitu.
1674 2804 1828 2839 Falleris
