2008 3305
148 324 245 367 4813]

40 604 211 646 fragiliter

42 656 70 679 M
84 659 90 680 :
105 648 236 689 forma-

42 692 121 722 liter
134 699 165 724 Β.

655 216 998 250 PRELIMINARY
1029 217 1223 251 NOTICE.

314 319 491 366 Quintum
510 319 709 365 capitulum
728 321 923 357 obiciendo
941 333 985 357 ac
1002 321 1264 367 respondendo
1277 320 1402 356 nititur
1412 320 1599 357 affirmare>
1613 331 1642 363 5.

265 378 365 423 quod
383 390 448 423 per
465 378 641 423 originale
665 380 880 425 dominium,
900 380 929 415 si
954 380 1124 415 homines
1150 380 1314 414 viverent
1337 386 1376 414 ut
1403 380 1592 424 deberent,

263 443 415 481 possent
435 435 470 470 in
488 437 647 481 presenti
668 437 786 472 ditari.

311 495 464 529 Sextum
482 494 683 539 capitulum
703 495 900 530 obiciendo
918 507 961 530 ac
985 495 1223 530 dissolvendo
1246 495 1410 530 declarat
1437 494 1594 540 qualiter
1611 497 1641 529 6.

264 551 310 586 de
328 552 424 586 facto
451 552 488 586 in
514 553 676 597 presenti
694 560 814 598 potest
840 554 954 588 homo
979 565 1045 598 per
1070 553 1248 597 originale
1274 553 1480 587 dominium
1506 564 1592 588 vere

264 608 384 653 ditari,
412 609 496 644 licet
526 610 701 655 fragiliter
726 617 762 646 et
788 611 901 646 etiam
927 622 993 656 per
1018 611 1226 645 dominium
1257 610 1467 646 contentive
1493 622 1593 645 com-

262 679 374 702 mune
392 674 428 702 et
447 667 559 703 etiam
577 668 788 704 subiective.

313 726 520 770 Septimum
553 726 750 771 capitulum
785 726 949 762 obiciens
982 737 1027 761 ac
1060 726 1267 761 dissolvens
1300 726 1463 761 ostendit
1493 726 1592 772 quod
1611 730 1640 765 7·

263 784 404 818 mundo
422 785 608 819 destructo
628 785 731 820 Deus
748 796 817 819 nec
843 784 1093 830 temporaliter
1116 784 1219 819 dives
1245 796 1314 819 nec
1336 795 1476 829 pauper
1500 785 1592 819 exis-

263 848 366 885 teret,
384 841 468 876 licet
491 841 597 887 inops
623 842 659 876 in
683 843 951 887 temporalibus
972 841 1177 886 diceretur3
1206 842 1293 887 quia
1319 853 1388 877 nec
1413 848 1500 877 actu
1525 853 1594 877 nec

263 899 394 934 habitu
412 899 618 945 possideret
638 900 805 944 divicias,
828 901 914 936 licet
938 900 1151 946 potenciam
1176 901 1329 935 haberet
1354 912 1418 936 seu
1441 900 1594 935 faculta-

264 964 339 993 tem
357 957 470 993 libere
488 958 702 1003 possidendi
721 958 885 994 divicias.

312 1017 497 1051 Octavum
524 1016 725 1061 capitulum
750 1016 914 1052 obiciens
941 1027 985 1051 ac
1012 1015 1219 1052 dissolvens
1248 1014 1375 1051 nititur
1403 1015 1591 1050 declarare
1610 1019 1640 1051 8.

266 1075 363 1120 quod
398 1080 547 1119 propter
579 1074 788 1119 potenciam
825 1074 1094 1120 multiplicandi
1134 1080 1245 1120 atque
1282 1073 1452 1108 mutandi
1488 1074 1592 1108 Deus

263 1132 392 1177 paucis
425 1133 534 1167 rebus
563 1132 804 1167 existentibus
839 1132 943 1167 dives
977 1139 1088 1176 esset,
1123 1131 1208 1177 quia
1241 1143 1425 1177 perpauce
1459 1130 1593 1166 divicie

263 1190 428 1226 subiecte
445 1190 508 1225 tali
524 1190 693 1235 potencie
711 1190 946 1226 habitualiter
961 1197 1086 1225 essent
1104 1191 1230 1226 multe.

313 1250 467 1283 Nonum
509 1248 708 1293 capitulum
749 1248 861 1283 obicit
903 1249 1004 1294 quod
1039 1250 1155 1292 Deus,
1189 1248 1317 1293 paucis
1351 1247 1591 1283 existentibus
1609 1256 1639 1288 9·

265 1306 408 1352 opibus,
427 1318 566 1351 pauper
583 1313 681 1341 esset
700 1317 708 1351 ;
733 1313 769 1342 et
791 1307 899 1342 solvit
926 1307 1126 1342 ostendens
1152 1306 1285 1341 clarius
1311 1305 1592 1351 responsionem

264 1364 414 1410 capituli
433 1364 677 1409 precedentis.

313 1422 512 1458 Decimum
532 1422 733 1467 capitulum
758 1429 913 1458 conatur
938 1422 1135 1457 ostendere
1161 1421 1318 1467 qualiter
1339 1428 1376 1457 et
1394 1433 1438 1457 ex
1455 1422 1590 1467 quibus
1610 1431 1661 1454 10.

264 1480 387 1525 angeli
410 1480 498 1515 boni
522 1480 595 1516 sint
617 1480 751 1515 divites
777 1487 812 1515 et
837 1491 965 1515 eorum
986 1481 1097 1526 aliqui
1123 1481 1204 1515 aliis
1226 1480 1393 1525 diciores,
1421 1480 1591 1525 quamvis

218 1548 246 1578 c
265 1539 378 1574 nichil
398 1539 415 1558 *
435 1539 597 1573 habeant
617 1539 711 1573 ultra
730 1538 1015 1583 congruenciam
1034 1545 1150 1574 status
1169 1538 1236 1573 sui.

52 2888 171 2920 magna
188 2886 227 2911 M.

313 1596 564 1632 Undecimum
598 1595 798 1641 capitulum
832 1596 952 1641 primo
986 1596 1148 1631 ostendit
1175 1597 1292 1631 bonos
1321 1596 1474 1640 angelos
1500 1606 1589 1640 pau·
1610 1607 1660 1630 11.

265 1666 370 1700 peres
388 1666 470 1689 esse
488 1666 563 1689 non
589 1666 709 1699 posse,
733 1665 801 1689 nec
827 1655 971 1699 aliquos
998 1655 1117 1689 malos
1140 1654 1293 1698 angelos
1319 1665 1429 1698 posse
1455 1653 1590 1688 divites

264 1712 437 1758 appellari
457 1719 518 1747 aut
536 1712 644 1747 rebus
670 1711 721 1746 uti
747 1712 920 1747 ostendit.
974 1714 1080 1756 Item,
1103 1712 1202 1757 quod
1225 1712 1455 1757 perditorum
1480 1723 1592 1756 ange-

264 1772 383 1806 lorum
401 1770 512 1816 aliqui
532 1777 616 1805 sunt
632 1771 869 1816 pauperiores
883 1770 964 1805 aliis
981 1770 1168 1815 patefacit.

313 1829 589 1863 Duodecimum
615 1828 815 1873 capitulum
841 1828 1004 1864 declarat
1035 1828 1224 1863 inferiores
1251 1828 1401 1872 angelos
1430 1827 1592 1873 perditos
1612 1839 1661 1864 12.

264 1887 463 1922 alcioribus
481 1886 719 1931 pauperiores
737 1886 902 1930 existere,
921 1893 957 1921 et
984 1887 1084 1932 quod
1110 1886 1221 1931 aliqui
1247 1886 1475 1931 perditorum
1500 1885 1594 1921 forte

265 1946 404 1981 habent
417 1951 673 1990 paupertatem
687 1945 857 1990 equalem
876 1951 912 1980 et
930 1956 1022 1990 eque
1040 1944 1274 1989 profundam,
1292 1951 1327 1979 et
1345 1944 1484 1979 habent
1501 1955 1594 1989 pau-

265 2010 446 2049 pertatem
463 2002 724 2038 nichilominus
743 2002 921 2037 arciorem
938 2014 946 2046 3
973 2009 1009 2037 et
1025 2002 1136 2038 adicit
1154 2009 1288 2048 patens
1306 2003 1528 2047 exemplum.

314 2062 513 2096 Decimum
540 2061 696 2096 tercium
723 2060 924 2106 capitulum
956 2060 1132 2106 patefacit
1168 2067 1203 2095 et
1238 2061 1388 2106 quando
1417 2067 1453 2095 et
1479 2071 1593 2105 quare
1616 2066 1665 2098 13-

266 2121 390 2154 Adam
420 2119 524 2155 dives
551 2126 641 2163 erat,
673 2125 709 2154 et
737 2119 837 2164 quod
867 2130 941 2153 non
971 2118 1094 2154 minus
1124 2118 1227 2154 dives
1261 2125 1339 2154 erat
1373 2118 1450 2153 eius
1484 2130 1595 2154 uxore

266 2184 400 2221 creata,
419 2183 454 2212 et
473 2177 571 2222 quod
589 2188 718 2211 omnes
737 2176 815 2211 eius
835 2176 896 2211 filii
917 2175 1050 2211 divites
1071 2176 1281 2212 extitissent
1300 2176 1330 2211 si
1344 2176 1414 2221 ipsi
1432 2175 1541 2221 primi
1558 2176 1595 2210 in

266 2235 483 2270 innocencia
499 2235 757 2280 perstitissent.

316 2295 498 2339 Quartum
517 2293 703 2327 decimum
726 2291 928 2337 capitulum
951 2291 1116 2327 obiciens
1139 2303 1183 2326 ac
1205 2292 1412 2327 dissolvens
1434 2291 1593 2327 affirmat
1614 2299 1665 2331 14·

268 2352 378 2397 quod,
414 2351 443 2385 si
471 2349 579 2396 primi
610 2357 783 2395 parentes
814 2350 851 2384 in
881 2351 979 2384 bono
1007 2349 1207 2384 creacionis
1237 2349 1436 2390 stetissent,
1464 2361 1594 2383 omnes

268 2421 395 2444 eorum
414 2409 476 2443 filii
494 2409 611 2443 eciam
630 2409 666 2442 in
686 2414 766 2442 ortu
784 2407 915 2443 divites
938 2407 1152 2451 extitissent,
1172 2414 1207 2443 et
1235 2407 1334 2452 quod
1352 2406 1533 2452 principia
1551 2418 1596 2441 eo

269 2474 366 2502 statu
385 2466 609 2501 sufficiencia
627 2466 674 2500 ad
693 2466 885 2501 ditandum
904 2477 978 2500 non
1000 2465 1187 2500 sufficiunt
1214 2466 1250 2500 in
1269 2465 1429 2510 presenti
1447 2465 1597 2499 obstan-

268 2525 366 2560 tibus
384 2525 524 2569 legibus
543 2523 721 2569 positivis.

318 2583 496 2628 Quintum
522 2582 709 2617 decimum
732 2582 934 2627 capitulum
961 2581 1073 2616 obicit
1099 2592 1143 2616 ac
1169 2581 1406 2616 dissolvendo
1432 2581 1595 2615 declarat
1616 2592 1666 2625 15.

270 2642 369 2687 quod
391 2653 466 2675 non
487 2647 637 2685 propter
659 2640 929 2685 preposituram
957 2640 993 2674 in
1023 2646 1122 2674 statu
1152 2639 1369 2674 innocencie
1398 2638 1596 2684 quisquam

271 2699 387 2734 dicior
404 2700 519 2733 altero
538 2697 728 2741 extitisset,
748 2704 803 2734 set
826 2709 956 2732 omnes
984 2709 1076 2742 eque
1101 2697 1234 2732 divites
1257 2696 1475 2740 extitissent,
1494 2707 1595 2741 repe-

270 2764 352 2793 tens
370 2757 613 2802 probaciones
630 2756 810 2791 adductas
829 2755 865 2789 in
885 2756 1047 2791 secundo
1064 2756 1158 2790 libro
1175 2767 1219 2790 ac
1232 2755 1357 2790 tercio.

323 2817 471 2851 Sextum
491 2814 675 2849 decimum
695 2813 894 2860 capitulum
913 2820 1041 2848 contra
1061 2812 1296 2858 equalitatem
1318 2812 1513 2847 ditacionis
1531 2824 1598 2857 pro
1619 2813 1668 2844 16.

275 2873 374 2908 omni
409 2883 497 2907 casu
531 2872 652 2917 obicit,
683 2879 718 2907 et
749 2871 960 2908 racionibus
993 2870 1168 2918 patefacit
1195 2871 1294 2917 quod
1326 2882 1370 2907 ex
1400 2869 1599 2916 magnifica

1802 209 1883 263 265
