2008 3305
224 207 313 236 CAP.
331 194 388 251 v.]
678 205 825 237 LIBER
856 205 1077 238 TERT1us.
1744 209 1821 248 241

104 323 205 364 83D]
221 319 376 357 Thome
399 326 435 357 et
454 319 615 356 aliorum
636 319 1012 369 philosophancium‚
1034 325 1209 358 cessante
1228 326 1337 358 motu
1357 320 1426 358 celi
1447 320 1544 369 lapis

219 390 373 427 molaris
406 391 552 439 positus
589 390 628 426 in
667 396 1008 439 quantumcunque
1048 391 1174 428 subtili
1205 390 1334 429 medio
1364 403 1444 429 non
1478 391 1545 428 de-

219 460 387 498 scendit:
418 461 471 497 sic
493 460 614 497 multo
637 460 855 497 evidencius
885 460 988 498 nulla
1014 467 1187 498 creatura
1213 460 1331 498 libera
1350 467 1476 510 potest
1497 473 1546 498 ex

121 534 206 564 84A
219 542 260 567 se
292 529 310 549 *
343 530 554 580 quidquam
597 530 791 579 perficere,
837 531 910 568 nisi
951 543 974 568 a
1017 531 1208 569 volicione
1251 531 1378 568 divina
1416 531 1545 581 previe

185 609 204 640 5
218 601 414 638 excitetur.

270 671 331 708 Ex
348 671 429 708 istis
445 670 615 709 secundo
629 677 732 721 patet
748 672 853 722 quod
873 671 946 709 Dei
965 672 1094 722 gracia
1115 685 1162 710 ex
1181 672 1331 721 integro
1350 672 1542 722 principa·
1556 671 1579 697 b·
1594 671 1681 698 G0d'S
1693 681 1776 705 grace

1556 705 1636 731 takes
1648 714 1665 731 a
1677 705 1782 731 chiefer

216 741 287 778 lius
307 741 395 778 facit
414 742 592 778 meritum
612 754 728 791 quarn
747 748 907 780 natura:
936 755 987 780 ex
1010 744 1149 792 integro
1169 743 1267 789 dico,
1283 742 1373 791 quia
1393 755 1472 780 non
1486 748 1544 780 est
1556 738 1823 798 ssffigliffissans'

216 811 505 861 intelligendum
525 812 631 860 quod
650 824 727 850 una
745 824 834 862 pars
859 813 983 850 meriti
1012 813 1229 862 apropriate
1248 813 1398 850 attribui
1418 818 1544 862 potest
1556 805 1805 864 ζζιξξζξξξξίῃὲ

215 882 344 930 gracie
371 888 408 919 et
437 882 555 920 altera
583 889 717 920 nature
747 882 904 920 exclusa
931 883 1060 933 gracia
1074 896 1084 930 ;
1116 883 1183 921 sed
1204 883 1302 921 sicut
1321 882 1429 920 Deus
1455 882 1544 920 facit
1556 872 1645 898 “¹²¹²'S
1657 871 1747 898 merit·

163 959 203 982 10
216 958 337 989 totum
358 963 455 1001 opus
476 959 644 990 creature
664 953 865 1002 ipsamque
885 953 975 991 facit
994 966 1042 991 ex
1063 954 1214 1003 integro
1233 953 1337 991 idem
1357 965 1467 1004 opus,
1489 953 1543 991 sic

215 1022 515 1072 concipiendum
533 1030 591 1061 est
618 1023 665 1061 de
688 1036 878 1062 concursu
905 1025 1033 1073 gracie
1058 1031 1096 1062 et
1119 1031 1264 1062 nature.
1321 1023 1436 1063 Unde
1455 1024 1543 1061 vani

215 1098 303 1130 sunt
322 1105 433 1130 casus
454 1094 593 1143 quibus
613 1094 767 1143 ponitur
780 1094 885 1144 quod
901 1094 1007 1132 Deus
1024 1095 1221 1132 continuat
1233 1095 1406 1143 graciam
1420 1106 1542 1140 suam,

214 1164 440 1213 permittens
461 1171 673 1202 creaturam
700 1176 811 1202 suam
837 1164 1073 1215 aliquantum
1093 1165 1228 1202 mereri
1249 1165 1330 1202 sine
1350 1176 1541 1202 concursu

214 1242 338 1272 create
360 1235 487 1284 gracie
500 1234 734 1281 adiuvantis;
765 1242 857 1272 tunc
873 1235 1031 1284 quidem
1048 1235 1187 1273 faceret
1202 1234 1309 1272 Deus
1324 1242 1538 1273 creaturam

161 1313 199 1346 15
214 1316 322 1342 suam
343 1304 397 1343 sic
417 1317 464 1342 ex
485 1316 525 1343 se
544 1311 756 1342 merentem
776 1317 861 1343 esse
881 1305 1020 1342 Deum.
1076 1305 1126 1342 Et
1138 1317 1208 1354 per
1222 1305 1324 1342 idem
1336 1305 1537 1354 negandus

212 1381 269 1412 est
289 1387 400 1413 casus
414 1387 492 1424 quo
506 1375 662 1424 ponitur
675 1374 804 1413 Deum
820 1375 1056 1425 suspendere
1071 1387 1229 1413 omnem
1246 1381 1375 1414 actum
1390 1375 1536 1413 varium

211 1446 441 1483 naturalium
470 1452 651 1491 creature,
686 1452 723 1483 et
756 1451 910 1483 moveat
938 1452 1103 1483 creatam
1132 1445 1304 1494 graciam
1332 1452 1373 1483 ut
1401 1457 1471 1495 per
1497 1457 1537 1483 se

210 1515 413 1565 principiet
432 1528 531 1566 opus
551 1517 708 1553 bonum.
766 1514 858 1553 Non
878 1515 983 1553 enim
1002 1522 1060 1553 est
1073 1516 1243 1565 predicta
1263 1516 1392 1564 gracia
1411 1527 1533 1564 agens

210 1586 440 1632 huiusmodi,
473 1587 540 1624 sed
570 1587 668 1624 sicut
702 1586 903 1636 qualitates
940 1586 1192 1624 elementares
1225 1586 1408 1635 equivoce
1447 1592 1534 1623 sunt

158 1669 200 1691 20
212 1657 342 1702 active,
363 1658 451 1706 quia
471 1664 558 1694 sunt
578 1657 855 1706 disposiciones
870 1656 1060 1694 naturales
1081 1656 1120 1693 in
1139 1656 1349 1702 elementis,
1366 1656 1419 1694 sic
1431 1655 1536 1705 quod

209 1727 410 1774 elementa,
442 1729 482 1765 in
512 1734 701 1777 quantum
734 1726 962 1772 huiusmodi,
994 1727 1148 1775 proprie
1184 1733 1273 1764 sunt
1303 1727 1447 1773 activa;
1482 1726 1535 1763 sic

209 1798 360 1836 habitus
380 1799 508 1848 gracie
528 1805 616 1836 sunt
636 1797 915 1846 disposiciones
939 1797 1244 1846 supernaturales
1270 1796 1399 1847 quoad
1418 1796 1535 1835 totale

209 1868 375 1906 efficiens
404 1875 441 1906 et
469 1868 658 1906 naturales
678 1867 807 1917 quoad
836 1868 1051 1905 subiectum
1086 1867 1203 1917 quod,
1233 1872 1274 1904 ut
1304 1867 1357 1905 sic
1388 1867 1536 1917 qualifi-

209 1946 349 1985 catum,
377 1945 435 1976 est
463 1939 690 1989 dispositum
715 1938 764 1976 ad
795 1938 1033 1976 merendum.
1093 1937 1221 1983 Unde,
1251 1944 1292 1974 ut
1320 1937 1413 1976 alias
1443 1938 1533 1984 dixi,

165 2014 196 2042 B
211 2010 442 2056 accidencia,
463 2022 552 2047 cum
572 2021 649 2047 non
671 2009 841 2047 habeant
861 2008 1099 2059 appe*titum
1115 2009 1172 2047 vel
1187 2009 1387 2059 proprium
1404 2015 1532 2046 actum

208 2079 468 2125 intrinsecum,
488 2079 604 2117 nichil
633 2080 786 2129 proprie
815 2086 922 2118 extra
951 2087 1097 2129 agunt3
1128 2080 1197 2118 sed
1229 2079 1348 2117 modo
1382 2091 1452 2117 suo
1479 2078 1534 2116 fa-

208 2150 311 2187 ciunt
330 2149 450 2187 multa
468 2151 582 2196 bona,
603 2157 643 2187 ut
664 2149 786 2199 figura
804 2149 893 2187 facit
907 2150 1145 2197 incisionem,
1167 2150 1324 2188 tenebra
1336 2156 1531 2195 terrorem,

208 2220 386 2269 specifica
405 2220 679 2258 conveniencia
699 2232 882 2265 amorem,
905 2221 999 2257 sicut
1025 2220 1230 2270 proporcio
1250 2220 1339 2258 facit
1359 2226 1531 2257 motum:

208 2290 270 2328 illa
289 2296 419 2328 tamen
440 2290 658 2328 accidencia
678 2302 754 2340 que
773 2303 841 2339 per
862 2303 901 2328 se
918 2297 1005 2328 sunt
1021 2290 1298 2339 disposiciones
1313 2290 1533 2327 substancie

156 2375 198 2406 30
209 2360 258 2398 ad
278 2361 471 2409 agendum
491 2366 676 2398 vocantur
696 2360 896 2410 qualitates
917 2361 1037 2398 active
1058 2360 1108 2397 ad
1128 2372 1284 2398 sensum
1300 2360 1533 2409 expositum.

209 2430 329 2476 Quod
357 2437 483 2468 autem
513 2430 586 2468 Dei
614 2431 746 2479 gracia
776 2431 821 2468 sit
844 2431 1089 2480 principalior
1118 2431 1156 2467 in
1176 2430 1341 2479 agendo,
1361 2435 1464 2479 patet
1485 2442 1533 2467 ex

209 2500 283 2538 hoc
304 2500 408 2549 quod
431 2507 602 2538 creatura
630 2500 876 2550 principalius
905 2501 1117 2550 disponitur
1146 2512 1195 2537 ex
1224 2499 1297 2537 Dei
1326 2500 1454 2548 gracia
1482 2500 1532 2537 ad

208 2570 433 2608 merendum
454 2582 572 2620 quam
593 2582 822 2621 quacunque
842 2571 1098 2620 disposicione
1118 2570 1191 2609 alia
1210 2570 1384 2609 naturali.
1428 2569 1533 2607 Nam

208 2641 311 2679 nulla
341 2641 413 2679 alia
443 2641 577 2679 sufficit
607 2642 637 2679 si
666 2641 737 2679 hec
767 2641 875 2688 desit,
896 2641 964 2678 sed
984 2640 1068 2688 hec,
1093 2652 1140 2678 eo
1170 2641 1256 2691 ipso
1285 2640 1391 2690 quod
1419 2640 1530 2685 inest,

243 2768 264 2784 1.
284 2761 409 2785 cessante
421 2759 458 2785 A2
472 2759 494 2784 Β
505 2758 544 2785 C:
564 2761 669 2784 cessato
681 2758 727 2784 A1.
929 2768 940 2783 r
945 2767 968 2790 3.
989 2757 1056 2784 Post
1069 2766 1154 2784 suam
1167 2757 1205 2783 A?
1216 2756 1239 2784 C
1252 2757 1387 2790 aliquam
1400 2756 1509 2785 addunt
1524 2762 1531 2783 :

208 2801 261 2818 om.
277 2792 313 2818 Αι
326 2792 357 2819 Β.
534 2802 571 2825 19.
593 2793 667 2818 sicut
680 2792 718 2818 Al
729 2792 768 2818 B:
789 2800 842 2817 om.
859 2791 896 2817 Α2
906 2791 939 2818 C.

846 2855 870 2880 R
