2008 3305
3 170 7 180 ‘
40 179 129 207 CAP.

153 168 295 220 xv111.]
607 177 671 208 DE
706 177 947 209 PAUPERIE
980 176 1293 208 SALVATORIS.
1782 180 1865 225 305

169 286 244 326 8B]
259 286 455 324 momento,
487 280 684 315 verisimile
714 287 768 315 est
801 282 924 315 Deum
953 281 1160 315 exercuisse
1193 292 1260 325 per
1291 282 1442 324 angelos
1478 280 1586 324 (sicut

258 337 330 371 iam
355 349 465 382 supra
489 337 700 382 suasimus),
721 338 825 373 sicuti
848 339 989 373 fuerant
1009 338 1108 372 facta
1126 350 1196 383 que
1215 339 1586 374 commemoravimus

256 406 365 439 supra
383 396 429 429 de
450 397 591 440 Moyse.

305 454 394 487 IOH.
424 454 500 487 Ista
519 453 682 497 intelligo
702 466 707 487 :
737 464 847 498 perge
865 454 912 488 ad
931 454 1012 488 alia.

221 649 239 680 5
302 641 531 675 RICARDUS.
560 642 619 675 De
636 646 720 675 actu
739 639 1013 684 multiplicandi
1033 639 1109 675 sive
1127 641 1289 683 augendi
1302 652 1361 675 res
1376 641 1504 676 divino
1519 642 1582 676 do·
1595 643 1744 677 XVIII.

253 696 366 731 minio
385 697 580 741 subiectas,
599 709 672 742 quo
698 697 811 731 modo
839 698 943 732 Deus
965 697 1065 731 auxit
1089 708 1132 731 ac
1158 697 1416 742 multiplicavit
1442 706 1584 744 septem
1599 706 1864 744 Osynultiplication

252 765 368 799 panes
394 761 429 790 et
456 755 546 789 alias
565 755 726 800 quinque
749 761 785 790 et
810 766 949 800 paucos
974 755 1105 799 pisces,
1125 755 1241 789 multa
1258 756 1359 790 milia
1376 757 1531 800 sacians,
1550 764 1585 791 et
1598 740 1831 806 ῗζῑᾏῐξζῖῗῖ-,ζᾎ

254 813 514 848 nichilominus
548 815 837 858 fragmentorum
870 814 1005 848 multas
1039 820 1184 858 sportas
1219 814 1349 858 plenas
1377 816 1586 861 relinquens

258 870 319 915 (de
341 871 473 916 quibus
499 871 630 916 legitur
649 873 742 906 Mat.
760 871 831 905 xvi.
848 877 885 906 et
904 872 990 905 Luc.
1011 871 1056 905 ix.
1082 871 1267 916 capitulis)
1285 883 1293 916 3
1329 874 1494 919 nunquid
1522 874 1587 909 fuit

256 934 362 963 actus
380 929 496 963 divini
515 929 680 971 dominii,
700 929 760 964 dic
779 929 866 974 quid
884 928 950 963 tibi
968 928 1124 963 videtur.

304 987 532 1021 IOHANNES.
561 988 604 1020 In
640 986 948 1031 augmentacione
982 993 1018 1022 et
1051 987 1367 1032 multiplicacione
1396 998 1518 1022 rerum
1548 986 1587 1021 fit

253 1055 348 1078 nove
372 1044 423 1078 rei
456 1044 567 1089 priori
597 1044 769 1088 addicio;
808 1045 907 1079 unde
946 1056 1021 1079 non
1058 1045 1168 1080 video
1199 1045 1302 1080 cuius
1334 1044 1385 1080 rei
1419 1055 1507 1080 usus
1542 1044 1588 1079 sit

254 1101 337 1136 talis
362 1101 624 1147 multiplicacio
643 1102 719 1137 sive
736 1101 1006 1146 augmentacio.

303 1160 388 1194 RIC.
416 1159 455 1195 Si
497 1171 563 1205 per
604 1160 853 1202 addicionem,
888 1166 927 1194 ut
968 1159 1072 1203 dicis,
1108 1160 1171 1194 fiat
1212 1159 1477 1205 multiplicacio
1510 1156 1587 1191 sive
1601 1158 1692 1184 which
1705 1158 1789 1185 isnot
1803 1158 1851 1184 the

202 1228 241 1260 15
255 1217 512 1261 augmentacio
542 1229 564 1252 a
595 1219 678 1252 Deo
708 1217 785 1252 sive
812 1217 860 1252 ab
886 1218 964 1252 eius
991 1217 1167 1259 dominio,
1195 1218 1383 1263 utriusque
1408 1216 1459 1251 rei
1490 1221 1587 1249 esset
1600 1194 1727 1259 ῗιῗῑῖἒζῗη
1741 1194 1844 1218 ofnew

29 1274 204 1328 procedens
256 1286 344 1308 usus
367 1287 390 1309 a
408 1274 581 1309 dominiis
608 1275 770 1320 ipsarum
795 1286 916 1309 rerum
941 1281 975 1309 et
1002 1274 1238 1320 possessione
1263 1276 1494 1320 procedens:
1531 1278 1587 1306 set

37 1318 246 1391 ξῖῥίεόεω
257 1332 338 1366 talis
364 1332 625 1377 multiplicacio
659 1333 737 1367 sive
770 1332 1028 1377 augmentacio
1063 1333 1154 1367 solet
1185 1345 1207 1366 a
1240 1331 1588 1378 philosophantibus

255 1389 431 1424 naturalis
472 1397 593 1425 motus
625 1390 761 1433 vocari,
796 1391 923 1435 quales
965 1401 1039 1424 non
1073 1390 1219 1424 fuerunt
1259 1388 1589 1435 multiplicaciones

254 1458 393 1492 panum
426 1454 462 1482 et
487 1447 645 1492 piscium
670 1448 891 1493 supradicte.
942 1447 1116 1492 Alioquin
1142 1448 1275 1482 falsum
1301 1454 1400 1482 esset
1426 1446 1525 1492 quod
1551 1445 1588 1479 in

37 1504 230 1546 affirmatur
253 1505 445 1549 evangelio
471 1506 685 1549 affirmatur,
713 1505 864 1548 scilicet,
885 1506 983 1550 quod
1011 1505 1207 1548 Dominus,
1232 1506 1418 1551 accipiens
1445 1510 1589 1549 septem

38 1558 103 1579 0111.
122 1555 154 1578 B.

253 1574 368 1607 panes
395 1569 430 1598 et
457 1563 579 1608 pisces
608 1569 645 1598 et
670 1563 813 1608 gracias
839 1574 968 1607 agens,
994 1563 1103 1607 fregit
1127 1570 1163 1598 et
1191 1564 1294 1598 dedit
1321 1563 1523 1608 discipulis,
1549 1568 1588 1595 ut

38 1623 118 1655 Luc.
132 1623 175 1654 ix.
193 1620 424 1666 16.discipuli
470 1622 600 1656 darent
646 1622 794 1666 populo.
862 1622 981 1656 Lucas
1028 1628 1152 1656 autem
1202 1621 1305 1656 addit
1348 1622 1419 1656 hoc
1461 1621 1585 1663 modo,

254 1678 425 1723 Acceptis
457 1682 580 1712 autem
610 1679 774 1723 quinque
794 1679 960 1723 panibus
987 1682 1023 1713 et
1053 1679 1193 1713 duobus
1214 1679 1392 1723 piscibus,
1426 1679 1590 1723 respexit

255 1737 296 1770 in
313 1736 429 1771 celum
447 1740 483 1770 et
498 1736 684 1771 benedixit
700 1737 789 1780 illis,
813 1741 849 1771 et
862 1737 990 1782 fregit
1004 1741 1040 1771 et
1053 1737 1252 1771 distribuit
1266 1736 1475 1781 discipulis,
1493 1742 1563 1771 etc,
1579 1748 1587 1780 ;

202 1805 240 1837 25
255 1793 317 1828 ubi
345 1800 489 1829 constat
517 1794 616 1839 quod
646 1806 761 1839 panes
789 1806 882 1840 quos
911 1795 1053 1840 accepit
1082 1795 1189 1839 fregit
1216 1801 1252 1829 et
1283 1794 1480 1838 distribuit,
1514 1804 1590 1828 non

254 1851 357 1895 alios,
383 1858 418 1887 et
447 1851 526 1887 illos
551 1864 625 1887 non
652 1852 741 1887 alios
768 1853 870 1888 dedit
897 1852 1099 1898 discipuliS.
1151 1854 1258 1895 Item,
1285 1852 1315 1887 si
1345 1852 1501 1887 fuissent
1527 1851 1589 1886 alii

256 1922 370 1955 panes
395 1910 447 1945 eis
473 1910 619 1953 adiecti,
637 1922 711 1945 non
737 1910 788 1944 illi
815 1911 851 1945 in
878 1923 916 1945 se
942 1910 1174 1956 multiplicati
1199 1918 1234 1946 et
1255 1910 1366 1953 aucti,
1384 1922 1458 1945 non
1476 1911 1590 1945 bene-

255 1968 406 2002 dixisset
424 1968 504 2002 z'llis
530 1968 590 2013 qui
617 1968 654 2002 in
677 1969 778 2003 nullo
802 1969 932 2003 mutati
958 1969 1113 2012 fuerunt,
1133 1975 1187 2004 set
1214 1969 1296 2003 aliis
1321 1980 1413 2014 quos
1437 1968 1505 2002 illis
1523 1979 1590 2002 sua

39 2037 75 2064 at
88 2036 127 2063 [ἡ
145 2041 191 2064 Μ;
217 2025 427 2071 cpotencia
456 2026 665 2070 copulavit3
707 2032 744 2061 at
762 2038 845 2061 cum
871 2033 1023 2061 econtra
1049 2026 1118 2061 illis
1149 2037 1224 2061 non
1251 2026 1332 2061 aliis
1351 2026 1370 2047 '¹‘
1392 2025 1589 2068 benedixit,

39 2087 75 2107 ac
90 2080 123 2107 ²7²
142 2084 170 2107 Β·
258 2083 307 2117 illi
321 2083 419 2118 aucti
434 2084 578 2118 fuerunt
593 2089 627 2118 et
642 2083 679 2118 in
694 2095 734 2119 se
747 2084 979 2127 multiplicati
998 2085 1098 2119 nullo
1122 2084 1343 2119 adveniente
1360 2084 1587 2118 extrinseco:

257 2148 293 2176 et
317 2141 386 2175 hec
415 2142 468 2175 10.
486 2140 533 2176 vi.
556 2151 608 2184 13,
627 2148 752 2186 aperte
776 2148 945 2176 narratur
964 2142 1035 2176 hoc
1054 2142 1176 2186 modo,
1199 2142 1438 2187 Collegerunt
1452 2153 1540 2187 ergo
1556 2145 1592 2175 et

255 2199 510 2244 impleverunt
549 2200 739 2234 duodecim
780 2199 953 2244 cophinos
988 2200 1298 2245 fragmentorum
1340 2211 1389 2234 ex
1426 2201 1592 2244 quinque

249 2258 416 2302 panibus
442 2256 625 2292 ordeaceis
649 2261 685 2291 et
709 2268 757 2291 ex
779 2257 919 2291 duobus
936 2258 1104 2302 piscibus
1129 2269 1200 2302 que
1224 2258 1494 2302 superfuerunt
1516 2257 1592 2291 hiis

257 2315 326 2359 qui
370 2314 702 2349 manducaverant.
770 2316 852 2349 Hec
892 2326 980 2359 ergo
1019 2315 1281 2360 multiplicacio
1320 2315 1372 2349 rei
1416 2314 1592 2360 cuiusque
1604 2322 1746 2361 bqtause
1759 2320 1848 2346 ofthe

204 2381 243 2413 35
259 2372 469 2407 immediate
494 2384 516 2406 a
541 2372 666 2407 divina
691 2372 863 2417 potencia
887 2379 942 2407 est
968 2372 1018 2407 rei
1045 2373 1138 2407 illius
1162 2384 1249 2407 usus
1267 2384 1290 2407 a
1309 2374 1403 2415 Deo,
1422 2379 1457 2407 et
1476 2372 1591 2407 iustus
1604 2355 1803 2422 {fflegsithem‘

258 2430 344 2475 quia
370 2430 571 2464 adominio
597 2430 649 2464 rei
674 2430 769 2465 illius
794 2430 982 2465 mediante
1009 2430 1246 2475 possessione
1270 2430 1461 2475 procedit;
1498 2430 1592 2464 sicut

259 2487 517 2531 augmentacio
544 2494 645 2522 coste
671 2487 755 2522 Ade
782 2488 827 2522 de
851 2498 923 2532 qua
948 2487 1015 2522 fuit
1049 2489 1131 2522 Eva
1157 2488 1316 2522 formata
1341 2487 1420 2522 sine
1445 2487 1592 2522 addita-

260 2550 385 2580 mento
417 2544 622 2579 extrinseco
653 2543 766 2589 (iuxta
795 2556 898 2579 sacre
938 2545 1126 2590 Scripture
1164 2544 1369 2589 exordium)
1404 2545 1471 2580 fuit
1504 2556 1593 2579 usus

261 2608 363 2637 coste
390 2601 484 2636 illius
510 2608 573 2636 aut
600 2603 731 2637 saltem
757 2602 835 2637 eius
861 2602 1038 2638 materie:
1065 2609 1101 2638 et
1128 2603 1216 2637 inde
1247 2602 1364 2637 iustus
1390 2603 1508 2637 fuerat
1535 2603 1594 2637 ille

205 2671 248 2702 40
261 2671 350 2694 usus
376 2659 461 2704 quia
486 2671 508 2694 a
535 2660 606 2695 Dei
633 2660 809 2702 dominio,
828 2666 997 2705 respectu
1022 2660 1129 2704 illius,
1148 2660 1334 2695 mediante
1356 2660 1594 2705 possessione

260 2716 438 2762 processit
453 2728 461 2759 3
488 2723 523 2752 et
541 2717 608 2752 fuit
625 2717 738 2752 divini
757 2716 909 2751 dominii
927 2728 1034 2752 verus
1053 2724 1169 2752 actus.

313 2775 402 2809 IOH.
432 2775 507 2809 Ista
537 2775 631 2810 bene
665 2775 843 2819 advert03
881 2781 936 2810 set
969 2786 1043 2810 non
1078 2775 1242 2819 intelligo
1276 2786 1341 2810 cur
1374 2775 1491 2810 adicis
1525 2778 1596 2809 aut

932 2848 964 2874 X
