2095 3278
226 197 311 240 472
883 191 1087 224 RICARDI
1120 189 1426 223 ARMACHANI
1871 175 1974 236 [Lm.
1993 190 2050 220 1v.
2090 203 2091 213 2

225 305 273 330 the
287 304 367 337 thing
381 304 459 342 usegff,
506 297 651 334 videtur
668 297 769 342 quod
787 296 824 331 in
843 297 936 332 iuste
954 301 1194 331 consumente
1211 306 1288 330 rem
1303 294 1465 339 aliquam
1484 304 1529 329 ea
1542 292 1680 329 utendo
1690 298 1835 338 oportet
1849 296 1945 337 [47A

225 337 491 403 ξξῗέἕζὴεζθωεεά
504 357 638 391 adesse
655 355 874 397 dominium,
892 360 928 389 et
948 354 1000 389 sic
1028 353 1214 389 sufficiens
1241 353 1296 388 ius
1322 359 1379 388 est
1405 362 1489 387 cum
1510 351 1745 397 possessione
1771 351 1834 385 do-

224 404 352 438 deputy?
503 414 671 449 minium.

551 474 783 506 RICARDUS.
809 471 949 505 Verum
983 469 1147 504 affirmas
1182 469 1227 504 de
1262 467 1429 512 originali
1465 467 1641 511 dominio,
1673 466 1772 512 quod
1798 465 1834 501 in

503 529 605 564 omni
624 540 692 563 usu
710 529 807 563 iusto
826 529 872 563 de
889 528 986 562 facto
1004 527 1160 571 exigitur
1175 539 1183 568 ;
1210 527 1257 561 de
1276 525 1372 560 civili
1390 536 1637 570 nequaquam.
1688 525 1752 559 Set
1767 535 1836 559 nec
1849 532 1866 562 5

505 599 570 632 per
587 587 657 621 hoc
675 593 875 621 evacuatur
901 586 1001 630 quod
1027 585 1198 627 diximus,
1226 584 1375 626 scilicet,
1395 584 1493 628 quod
1520 589 1641 627 potest
1666 582 1722 617 ius
1748 593 1834 617 con-

503 645 673 679 sumendi
692 656 770 679 rem
787 655 869 678 esse
888 643 924 677 in
942 643 1066 688 aliquo
1085 643 1217 687 angelo
1234 648 1297 676 aut
1316 642 1388 675 alia
1406 647 1574 676 creatura
1586 640 1738 675 factibili
1755 639 1836 675 sine

503 702 669 737 dominio
686 714 694 745 3
721 702 895 746 quoniam
914 701 967 735 sic
985 707 1110 745 posset
1136 712 1219 735 esse
1245 700 1282 734 in
1308 699 1388 734 istis
1406 699 1595 743 ministris,
1615 699 1645 733 si
1664 699 1836 734 dominus

502 769 630 792 eorum
664 768 738 792 non
768 756 1015 791 ministerium
1044 762 1098 790 set
1128 762 1353 800 potestatem
1384 754 1628 790 consumendi
1655 766 1700 789 ac
1729 755 1836 799 plene

503 816 632 851 utendi
651 815 702 850 sic
720 816 830 850 rebus
848 814 923 849 suis
942 814 1201 849 committeret.
1851 823 1891 845 10

553 875 644 909 IOH.
670 875 788 916 Tunc,
818 873 939 907 taliter
967 872 1232 907 committendo
1258 884 1280 906 a
1309 883 1347 906 se
1381 871 1525 905 illarum
1559 882 1693 913 rerum,
1728 881 1835 905 suum

503 932 711 967 dominium
744 930 946 974 abdicaret,
980 937 1016 966 et
1052 931 1102 965 illi
1136 931 1269 976 quibus
1299 930 1351 965 ita
1380 929 1629 965 committeret
1657 929 1837 964 haberent

502 990 719 1025 dominium.

224 1041 430 1108 ἷζὲνὲζῑψῖᾓξξ
439 1042 491 1102 ξζξ
550 1050 637 1083 RIC.
664 1049 801 1082 Annon
821 1047 1019 1091 Sathanas‚
1039 1047 1100 1092 qui
1118 1048 1302 1092 expetivit
1319 1050 1364 1081 ut
1372 1046 1481 1080 sicud
1489 1046 1661 1080 triticum
1679 1045 1839 1080 cribaret
1850 1052 1930 1083 Luc.
1948 1052 2024 1084 xxii.

222 1110 331 1147 though
342 1110 377 1135 he
390 1109 441 1136 has
455 1118 491 1136 no
505 1106 709 1151 apostolos,
729 1106 791 1150 qui
811 1116 944 1150 porcos
964 1106 1010 1139 de
1030 1105 1234 1140 Salvatoris
1253 1104 1407 1140 licencia
1421 1104 1457 1139 in
1475 1104 1569 1138 rnari
1588 1104 1837 1138 submerserat
1851 1104 1901 1135 3¹·

223 1143 357 1176 lord⁵h¹p'
503 1171 540 1199 et
558 1164 798 1199 demoniacos
825 1170 993 1208 occupat,
1019 1163 1074 1198 eis
1100 1170 1135 1198 et
1161 1164 1243 1198 aliis
1269 1163 1432 1208 peccatis
1459 1162 1627 1196 obnoxiis
1653 1168 1761 1197 utens
1787 1162 1836 1196 ad

502 1230 642 1266 votum,
671 1228 894 1267 potestatem
925 1233 990 1256 seu
1018 1222 1233 1257 facultatem
1268 1220 1396 1256 utendi
1423 1221 1481 1255 vel
1508 1220 1629 1255 verius
1659 1221 1836 1255 abutendi

501 1281 612 1316 rebus
627 1280 812 1325 aliquibus
830 1286 953 1325 potest
967 1280 1103 1314 habere
1122 1280 1202 1314 sine
1220 1279 1411 1314 dominio?
1444 1278 1595 1323 Utique.
1637 1279 1712 1313 Cur
1726 1278 1838 1323 igitur

502 1340 657 1383 angelus
682 1339 803 1373 bonus
830 1338 886 1372 ius
913 1338 1041 1372 utendi
1067 1338 1202 1372 talibus
1228 1337 1339 1372 rebus
1365 1350 1387 1372 a
1407 1337 1424 1356 '¹‘
1446 1338 1530 1372 Deo
1557 1337 1722 1382 ipsarum
1746 1346 1881 1374 veroB

503 1397 656 1432 domino
675 1397 816 1441 absque
834 1396 1000 1430 dominio
1020 1407 1095 1430 non
1119 1402 1246 1441 posset
1273 1395 1453 1441 accipere,
1472 1396 1589 1430 habes
1612 1395 1810 1430 ostendere
1825 1407 1833 1439 ;
1848 1405 1953 1447 ampe
1969 1413 2001 1438 Β,

503 1456 602 1499 quod
620 1466 695 1489 non
712 1455 824 1498 vales,
844 1461 882 1489 ut
900 1453 1034 1489 estimo
1052 1465 1060 1489 :
1088 1465 1163 1488 non
1181 1453 1294 1498 igitur
1314 1454 1465 1499 plenum
1484 1453 1540 1488 ius
1558 1453 1685 1488 utendi
1704 1464 1836 1488 conce-

502 1514 596 1548 dens
630 1513 780 1548 abdicat
814 1524 837 1547 a
870 1524 909 1547 se
941 1512 1151 1547 necessario
1186 1522 1294 1547 suum
1327 1511 1545 1546 dominium.
1598 1512 1683 1546 Hoc
1716 1511 1836 1546 eciam

222 1569 480 1630 {Zesljflassstgtlelseb
503 1571 677 1606 dominus
712 1570 920 1605 Nicholaus
954 1571 1011 1605 III
1044 1570 1081 1604 in
1111 1571 1278 1615 predicta
1312 1570 1487 1605 decretali
1516 1571 1632 1604 Exiit
1663 1580 1836 1614 expresse
1849 1580 1958 1612 supra,
1974 1581 2007 1612 p.

221 1613 346 1675 ξὴᾳιδηζς
358 1646 410 1663 can
502 1629 637 1665 diffinit
655 1630 691 1664 in
709 1628 853 1672 maiori,
867 1628 1017 1670 scilicet,
1034 1629 1133 1673 quod
1147 1628 1223 1662 vita
1240 1628 1451 1663 mortalium
1470 1639 1596 1663 carere
1613 1634 1734 1673 potest
1753 1640 1836 1673 pro-
1848 1615 1924 1654 438·

221 1671 426 1738 {egcgcslgffig'hout
502 1688 669 1733 prietate‚
688 1687 934 1732 possessione,
953 1687 1153 1730 usufructu,
1172 1692 1208 1721 et
1235 1686 1312 1721 iure
1337 1686 1477 1729 utendi,
1501 1692 1536 1721 et
1560 1686 1698 1721 habere
1716 1693 1836 1731 potest
1851 1695 1890 1728 25

501 1757 568 1790 pro
595 1745 692 1779 iusto
718 1756 787 1779 usu
813 1744 1020 1789 simplicem
1045 1743 1131 1778 facti
1158 1756 1266 1778 usum
1295 1755 1381 1778 cum
1405 1743 1559 1778 licencia
1585 1743 1835 1788 dominorum,

502 1804 606 1838 sicud
643 1803 736 1837 infra
765 1804 951 1837 clarescet.
1003 1802 1217 1837 Secundum
1247 1802 1347 1847 quod
1374 1801 1508 1837 astruis
1538 1801 1731 1837 veritatem
1759 1813 1835 1837 non

502 1862 627 1903 habet,
647 1861 785 1895 scilicet
805 1860 905 1905 quod
931 1872 975 1895 ex
1001 1860 1241 1895 concessione
1265 1860 1364 1905 pleni
1388 1859 1476 1894 iuris
1503 1860 1630 1895 utendi
1649 1859 1834 1905 aliquibus

500 1919 680 1954 haberent
700 1919 736 1953 in
754 1919 863 1953 rebus
890 1918 1077 1953 concessis
1101 1918 1318 1962 dominium,
1337 1918 1512 1963 quoniam
1537 1918 1744 1953 dominium
1762 1918 1835 1953 tale

501 1989 524 2011 a
553 1988 772 2022 quocunque
800 1977 914 2011 libere
946 1976 1146 2011 voluntatis
1178 1975 1232 2019 (ut
1264 1987 1374 2021 supra
1401 1974 1534 2021 patuit)
1568 1982 1691 2020 potest
1721 1976 1834 2011 libere
1849 1992 1955 2023 supra,
1972 1993 2028 2023 pp.

501 2035 624 2080 respui
644 2046 728 2069 cum
747 2034 909 2069 offertur.
960 2035 1049 2068 Non
1067 2045 1154 2078 ergo
1181 2033 1378 2078 quisquam
1402 2033 1459 2068 cui
1486 2033 1541 2068 ius
1560 2033 1688 2068 utendi
1706 2045 1834 2069 conce·
1849 2033 1924 2066 455,
1941 2025 2017 2066 466·

502 2093 610 2136 ditur,
629 2099 782 2137 propter
798 2104 876 2127 rem
895 2092 932 2126 in
950 2092 1227 2137 possessionem
1245 2092 1451 2126 admissam
1470 2098 1508 2126 ut
1520 2103 1564 2127 ea
1577 2092 1685 2136 plene
1700 2097 1835 2134 utatur,

501 2150 707 2185 dominium
738 2150 947 2185 necessario
973 2162 996 2184 a
1021 2150 1248 2184 concedente
1278 2150 1465 2193 admittit3
1493 2149 1679 2194 quoniam,
1707 2149 1837 2184 habita

500 2208 738 2253 possessione
765 2220 850 2243 cum
878 2219 944 2242 suo
973 2208 1099 2253 previo
1129 2207 1298 2253 originali
1333 2208 1512 2251 dominio,
1547 2208 1695 2242 sublato
1728 2207 1835 2243 titulo

502 2266 655 2301 dominii
675 2265 793 2301 civilis
812 2265 848 2300 in
868 2266 1019 2300 domino
1037 2266 1275 2308 concedente,
1296 2266 1406 2300 habet
1425 2266 1482 2299 ille
1500 2265 1717 2300 licenciatus
1736 2266 1832 2301 suffi-
1848 2279 1888 2312 35

501 2325 603 2359 ciens
622 2325 678 2359 ius
697 2324 845 2367 utendi3
873 2335 958 2358 curn
985 2335 1051 2358 suo
1078 2323 1154 2358 iure
1180 2323 1348 2367 originali
1374 2323 1488 2358 nichil
1512 2323 1670 2358 obsistat
1697 2323 1734 2357 in
1759 2323 1833 2358 alio

500 2383 652 2417 obtenta
669 2382 824 2417 licencia
841 2383 890 2417 ad
909 2382 1099 2424 utendum,
1114 2389 1151 2417 et
1164 2383 1211 2416 ob
1223 2383 1294 2417 hoc
1312 2393 1387 2416 non
1401 2383 1520 2417 solum
1534 2394 1608 2416 non
1623 2383 1833 2418 necessario
1846 2383 1902 2414 hoc
1917 2393 1983 2414 om.
2002 2389 2032 2413 B.

501 2440 706 2475 dominium
729 2439 835 2475 civile
860 2440 1036 2482 admittit,
1056 2446 1112 2475 set
1137 2440 1257 2474 eciam
1282 2440 1478 2475 admittere
1503 2447 1603 2475 esset
1630 2440 1679 2475 illi
1707 2452 1833 2486 super-

500 2498 639 2534 fluum:
665 2498 773 2533 etsie
792 2498 995 2533 dominium
1013 2499 1070 2533 vel
1097 2498 1274 2533 retinetur
1299 2509 1322 2533 a
1347 2499 1574 2533 concedente
1599 2504 1662 2533 aut
1687 2499 1834 2544 penitus

500 2556 699 2600 evanescit,
725 2557 830 2591 sicud
857 2557 893 2590 in
920 2556 1043 2591 multis
1070 2557 1217 2591 casibus
1245 2556 1477 2601 supratactis‚
1497 2557 1534 2591 in
1559 2568 1632 2602 quo
1658 2568 1746 2592 casu
1773 2557 1832 2592 ille
1846 2575 1888 2605 40

501 2615 716 2649 donatarius
738 2614 783 2659 (si
801 2614 931 2649 liberet
949 2626 1033 2649 eum
1053 2615 1102 2649 ita
1116 2614 1261 2658 vocare)
1276 2621 1337 2649 aut
1353 2615 1570 2650 licenciatus
1587 2614 1700 2650 libere
1712 2622 1832 2660 potest

500 2673 536 2705 in
556 2684 595 2707 se
613 2673 769 2715 efficere,
789 2672 1085 2717 quandocunque
1103 2673 1268 2716 voluerit,
1292 2673 1398 2707 civile
1422 2672 1639 2716 dominium,
1658 2685 1742 2708 cum
1761 2673 1830 2709 sibi

498 2730 609 2764 nichil
629 2730 785 2765 obsistat
805 2732 840 2765 in
858 2732 984 2773 altero,
1004 2737 1041 2764 ut
1061 2742 1171 2775 supra
1188 2730 1447 2776 expressimus.
1501 2733 1549 2766 Et
1563 2731 1613 2765 ita
1630 2743 1695 2776 per
1706 2732 1832 2766 omnia

498 2795 553 2823 est
572 2789 802 2824 censendum
830 2790 874 2824 de
902 2789 1001 2823 omni
1030 2789 1212 2834 acquisito
1240 2789 1314 2824 iure
1341 2790 1478 2834 utendi,
1506 2790 1681 2835 quoniam
1708 2790 1829 2825 nullus
