2095 3278
210 168 292 223 338

891 171 1094 204 RICARDI
1127 169 1430 201 ARMACHANI
1867 156 1966 215 [Lm.
1980 169 2027 199 11.

477 281 639 312 *servata
672 285 862 320 nunquam
903 274 1165 310 exterminatus
1197 273 1345 308 fuisset:
1388 271 1609 306 Inmortalz's
1636 273 1690 305 est
1717 270 1815 305 enim
1828 276 1924 318 [1513

420 1262 483 1297 IV.

218 1329 242 1346 c.
260 1320 287 1345 It
298 1319 320 1345 is
329 1319 484 1352 authority,

220 1359 268 1380 not
282 1363 383 1386 power.

490 335 654 369 iusticia.
706 333 770 368 Set
796 332 916 367 eciam
935 343 1087 366 causam
1107 331 1245 374 mortis,
1272 342 1347 365 non
1369 330 1451 365 dico
1478 328 1723 371 mortalitatis,
1740 335 1818 362 tam

489 392 738 437 propinquam
756 401 868 435 quarn
885 396 1066 425 remotam
1084 388 1273 434 expressit,
1292 388 1458 432 Invidia,
1478 387 1657 432 inquiens,
1672 386 1820 431 dyaboli

491 461 591 484 mors
607 450 774 483 intravit
787 461 800 483 .·
826 459 921 491 ecce,
941 459 1055 482 causa
1071 447 1199 481 mortis
1217 452 1369 481 remota.
1418 445 1619 479 an'ustz‘cia
1629 449 1753 479 autem
1767 447 1822 478 est

492 508 625 542 mortis
642 506 844 550 acqzcz‘sz‘cz'o
859 518 872 540 .·
897 516 983 539 ecce
1008 516 1121 539 causa
1138 504 1268 539 mortis
1292 502 1541 548 propinquior.
1592 503 1641 537 Et
1667 501 1819 536 nichilo·
1834 510 1852 542 5

492 565 615 599 minus
648 564 803 598 verbum
835 562 1020 597 sanabiles
1053 569 1179 606 aperte
1212 561 1394 606 pretendit
1426 560 1703 603 mortalitatem,
1736 571 1820 594 curn

493 621 710 657 sanabilitas
727 633 801 656 non
820 620 866 655 sit
884 619 955 654 nisi
974 620 1036 654 ubi
1055 619 1172 664 prime
1189 625 1288 654 extat
1306 619 1509 653 mortalitas
1524 630 1531 653 :
1559 618 1716 663 qualiter
1733 628 1821 652 vero

492 679 663 714 homines
682 679 837 713 fuissent
857 678 1055 721 sanabiles,
1074 677 1126 711 ita
1143 684 1183 711 ut
1201 688 1392 722 nunquam
1409 676 1639 711 exterminati
1657 675 1821 718 fuissent,

492 738 659 782 nunquid
685 748 751 782 per
775 747 878 771 esum
903 736 1087 770 fructuum
1112 735 1200 779 ligni
1219 735 1293 770 vite
1321 735 1433 769 semel
1458 740 1603 778 gestum
1628 745 1676 768 an
1697 733 1823 778 sepius

493 796 676 839 iteratum,
695 806 743 829 an
761 806 826 839 per
844 794 922 828 sola
940 793 1152 828 communia
1170 793 1406 836 nutrimenta,
1426 804 1473 827 an
1498 803 1565 836 per
1581 797 1734 836 utraque
1752 791 1822 825 usi·
1839 803 1878 825 10

493 860 582 896 tata,
595 864 669 887 non
684 858 739 887 est
757 858 923 886 nostrum
942 850 980 885 in
998 850 1156 896 presenti
1177 850 1359 885 discutere
1376 861 1383 893 ;
1411 857 1466 885 set
1479 849 1586 884 nobis
1604 850 1652 884 ad
1670 860 1823 894 presens

494 911 605 946 debet
631 910 797 945 sufficere
827 909 973 943 firmum
1003 920 1085 944 esse
1112 909 1212 953 quod
1238 908 1379 953 primus
1404 909 1516 942 homo
1541 908 1659 943 fuerat
1689 907 1726 941 in
1758 918 1826 941 sua

494 969 685 1004 creacione
710 967 887 1011 mortalis,
906 967 957 1001 ita
980 973 1019 1001 ut
1045 973 1194 1011 propter
1220 967 1448 1011 corporalem
1471 966 1586 1001 vitam
1611 965 1826 1000 naturaliter

493 1026 774 1070 transigendam
806 1025 956 1059 deberet
984 1036 1006 1058 a
1032 1035 1098 1058 suo
1124 1035 1269 1058 summo
1295 1024 1395 1058 bono
1424 1030 1460 1058 et
1487 1035 1631 1058 summo
1661 1022 1826 1067 sapiente

495 1092 605 1129 atque
631 1089 784 1128 potente
809 1082 962 1117 Artifice
988 1082 1193 1117 dominium
1224 1081 1519 1127 competencium
1545 1092 1666 1118 rerum
1692 1080 1762 1115 sibi
1788 1079 1825 1114 in
1841 1088 1879 1121 15

497 1153 562 1177 suo
581 1148 663 1177 ortu
678 1140 856 1186 accipere.

547 1256 779 1291 IOHANNES.
805 1254 970 1289 Attendo
995 1265 1060 1289 cur
1083 1255 1237 1289 verbum
1263 1253 1419 1288 mortale
1444 1259 1499 1289 est
1529 1253 1702 1298 positum.
1754 1254 1828 1288 Cur

499 1315 759 1349 auctoritatem
792 1324 855 1347 seu
888 1313 949 1346 ius
982 1312 1089 1357 ponis
1122 1312 1252 1358 pocius
1285 1323 1397 1357 quam
1421 1314 1644 1357 potestatem
1677 1311 1716 1345 in
1757 1311 1828 1345 hac

500 1371 764 1416 descripcione,
790 1382 866 1405 non
891 1370 1012 1405 video.

546 1432 780 1465 RICARDUS.
806 1429 1020 1463 Auctoritas
1036 1439 1100 1463 seu
1112 1427 1167 1462 ius
1182 1428 1249 1463 soli
1267 1427 1445 1462 racionali
1457 1427 1629 1462 convenit
1644 1433 1807 1462 creature
1820 1436 1828 1470 ;
1843 1437 1886 1460 20

499 1494 665 1533 potestas
693 1486 770 1521 sive
795 1486 952 1521 facultas
974 1485 1291 1520 irracionabilibus
1318 1485 1494 1530 competit
1520 1497 1564 1520 ex
1589 1497 1655 1520 sua
1681 1485 1828 1520 institu-

500 1546 607 1580 cione
633 1544 831 1589 primaria;
859 1543 1037 1589 quoniam
1065 1544 1164 1578 iuxta
1191 1555 1303 1588 supra
1327 1543 1450 1587 posita
1467 1543 1581 1578 verba
1606 1543 1651 1579 de
1671 1544 1827 1587 Genese,
1840 1549 2045 1592 suppositas.

508 1604 558 1638 Ut
579 1604 657 1637 sint
677 1603 780 1636 vobis
803 1603 844 1636 z'n
867 1613 996 1645 escam,
1011 1606 1047 1636 et
1069 1603 1211 1636 cunctis
1236 1601 1503 1645 animantibus,
1521 1601 1697 1635 animalia
1722 1607 1828 1645 terre,
1844 1606 1927 1637 Gen.
1944 1605 1966 1636 i.
1985 1613 2035 1646 29,

501 1662 550 1696 ad
568 1660 864 1696 confirmandum
879 1671 943 1695 sue
961 1659 1140 1694 naturalis
1160 1659 1407 1694 institucionis
1425 1670 1619 1694 excursum
1637 1660 1685 1694 ad
1699 1670 1829 1694 consu·
1844 1658 1896 1689 30·

502 1720 679 1754 mendum
704 1730 762 1753 res
788 1718 841 1753 eis
867 1718 916 1753 ad
944 1719 1015 1753 hoc
1040 1718 1088 1752 ab
1114 1719 1274 1753 Auctore
1300 1717 1467 1752 omnium
1499 1717 1516 1736 '¹‘
1537 1717 1735 1762 deputatis,
1763 1728 1830 1752 suo
1842 1720 1923 1751 16A

500 1777 657 1812 naturali
676 1776 788 1811 modo
806 1777 945 1811 habent
963 1776 1204 1820 congenitum
1222 1775 1581 1820 irreprehensibilem
1594 1775 1806 1811 facultatem
1822 1787 1829 1811 :

501 1842 622 1880 preter
644 1836 716 1869 hoc
734 1835 833 1879 quod
852 1834 907 1869 ius
932 1834 1009 1869 sive
1027 1834 1226 1869 auctoritas
1252 1835 1370 1868 solum
1391 1845 1474 1868 esse
1491 1833 1637 1868 videtur
1661 1839 1832 1878 respectu

502 1893 598 1927 illius
612 1893 709 1937 quod
726 1904 801 1926 non
819 1891 943 1926 obviat
963 1892 1100 1926 racioni
1117 1903 1125 1935 ;
1142 1903 1228 1934 ,non
1248 1891 1299 1926 ita
1317 1892 1362 1926 de
1379 1897 1560 1936 potestate
1577 1891 1733 1934 videtur,
1748 1902 1832 1926 cum
1844 1894 1881 1925 de
1892 1897 2024 1935 potest.:

504 1950 551 1985 sit
578 1950 767 1995 scripturn,
789 1950 867 1995 Qui
884 1951 1014 1995 poluit
1036 1950 1256 1995 transgredi
1278 1953 1314 1983 et
1337 1960 1412 1983 non
1437 1952 1491 1983 est
1514 1953 1780 1994 transgressus,
1799 1953 1835 1983 et
1845 1937 1979 1979 depfflite
1996 1944 2027 1967 B·

493 2009 622 2053 facere
640 2008 742 2042 mala
759 2012 795 2041 et
809 2019 883 2041 non
891 2008 997 2052 fecit,
1016 2008 1130 2042 Eccli.
1149 2007 1239 2042 xxxi.
1265 2017 1306 2041 10
1321 2020 1330 2050 ;
1355 2013 1391 2042 et
1412 2009 1498 2041 Luc.
1516 2006 1598 2041 xxii.
1620 2015 1673 2051 53,
1686 2008 1766 2041 Hec
1780 2010 1835 2041 est
1846 2008 1935 2038 Luc:
1953 2005 2049 2038 codd.

503 2066 598 2100 hora
622 2068 749 2100 vestra
774 2069 809 2100 et
825 2068 993 2110 poteslas
1018 2065 1281 2100 tenebrarum:
1304 2071 1340 2100 et
1365 2075 1385 2099 2
1414 2066 1496 2100 Cor.
1524 2065 1569 2099 ix.
1600 2064 1651 2107 18,
1686 2065 1736 2099 Ut
1758 2076 1832 2099 non
1845 2052 1901 2082 mt,

504 2125 643 2158 abutar
649 2126 832 2168 potestate
849 2135 930 2157 mea
955 2125 995 2157 in
1013 2124 1231 2169 evangelio;
1256 2130 1292 2158 et
1315 2124 1420 2157 Data
1438 2127 1492 2157 est
1512 2124 1547 2156 ei
1556 2125 1724 2168 potestas
1739 2123 1836 2156 sicut

504 2182 638 2216 habent
653 2182 872 2226 scorpiones,
888 2183 1005 2225 Apoc.
1024 2181 1067 2215 ix,
1089 2191 1126 2224 3:
1155 2188 1190 2216 et
1208 2181 1322 2215 multa
1339 2181 1411 2215 alia
1437 2181 1489 2215 sic
1509 2181 1546 2214 in
1564 2180 1678 2215 sacris
1704 2180 1835 2215 litteris

505 2240 770 2284 exprimuntur.
828 2240 888 2274 De
913 2239 1132 2273 auctoritate
1160 2250 1247 2273 vero
1274 2238 1351 2273 sive
1378 2245 1526 2273 auctore
1553 2250 1617 2273 seu
1644 2237 1731 2282 iure,
1758 2248 1833 2271 non

506 2297 630 2331 recolo
649 2297 877 2341 Scripturam
895 2297 1141 2331 affirmantem
1153 2297 1253 2341 quod
1272 2295 1486 2341 simpliciter
1502 2295 1741 2330 nominentur
1758 2295 1834 2330 sive
1849 2307 1889 2340 35

506 2356 678 2390 dicantur
694 2355 743 2389 ad
760 2355 899 2389 malum
918 2354 995 2389 sive
1013 2354 1049 2388 in
1068 2355 1167 2388 malo
1185 2354 1340 2399 peccati.

558 2415 647 2448 IOH.
677 2414 811 2447 Paulus
831 2413 867 2446 in
888 2412 1080 2457 Scriptura
1098 2424 1214 2455 sacra,
1228 2413 1310 2447 Act.
1324 2424 1404 2446 xxv.
1424 2420 1452 2456 5,
1468 2418 1619 2446 vocatus
1635 2417 1690 2446 est
1704 2415 1836 2446 auctor
1846 2429 1944 2450 xxa:

507 2472 701 2505 sedz‘cz'onz's
713 2475 803 2505 secte
819 2471 1110 2505 Nazarenorum
1126 2483 1139 2505 .·
1157 2470 1295 2505 sedicio
1314 2476 1438 2505 autem
1455 2470 1506 2515 (ut
1521 2469 1679 2514 videtur)
1692 2469 1834 2514 peccati
1846 2463 1942 2495 codd·
1957 2472 2007 2504 24·

508 2529 647 2563 malum
667 2529 839 2573 inportat.

556 2588 643 2621 RIC.
671 2588 758 2621 Non
777 2593 832 2620 est
850 2586 920 2620 hoc
939 2585 975 2619 in
995 2585 1182 2630 Scriptura
1200 2586 1277 2621 sive
1294 2586 1372 2621 eius
1390 2592 1537 2621 auctore
1555 2591 1738 2620 assertum
1754 2597 1760 2620 :
1781 2590 1836 2620 set
1849 2595 1891 2626 40

508 2650 564 2679 est
582 2644 629 2678 ab
648 2650 793 2678 oratore
811 2644 987 2678 Tertullio
1011 2644 1254 2688 propalatum,
1275 2644 1388 2686 cuius,
1408 2643 1513 2677 sicuti
1538 2649 1573 2678 et
1596 2643 1751 2677 aliorum
1771 2654 1835 2678 sue

510 2702 736 2736 condicionis
760 2702 954 2744 artificum,
973 2708 1051 2736 erat
1074 2702 1235 2736 officium
1257 2701 1485 2746 pulcrificare
1510 2700 1704 2736 mendacia
1723 2712 1730 2744 ;
1757 2707 1791 2735 et
1813 2713 1836 2735 a

510 2759 703 2804 Scriptura
721 2766 755 2795 et
776 2771 840 2794 suo
859 2766 1007 2795 auctore
1025 2761 1284 2795 tantummodo
1302 2760 1504 2795 recitatum.
1545 2760 1834 2803 Verumptamen
