2095 3278
4 2779 11 2806 .ῳ
3 2703 11 2769 fle?

3 605 5 624 3,
31 597 96 618 am.

3 156 5 196 ἒ
34 160 257 220 GAP.X111.]
591 173 655 204 DE
688 173 932 205 PAUPERIE
966 171 1283 205 SALVATORIS.

139 275 232 317 300]
246 277 413 311 omnium
431 287 501 321 que
516 280 606 311 sunt
621 278 662 311 z'n
683 277 750 311 hoc
765 276 903 311 mundo
920 277 1088 311 omnibus
1104 287 1178 310 esse
1193 275 1404 311 hominibus
1420 274 1545 309 debuit
1557 288 1570 309 .-

3 333 5 353 ³
21 326 120 368 fiunt
136 333 166 357 B.
247 338 301 368 set
308 337 383 380 per
397 335 635 379 iniquitatem
649 335 751 368 alius
766 334 834 369 hoc
847 335 940 369 dicit
954 345 1028 369 esse
1049 345 1171 378 suum,
1191 334 1292 368 alius
1314 333 1421 368 istud
1423 346 1444 375 ;
1468 337 1503 367 et
1518 334 1572 368 sic

3 385 5 396 1

247 393 348 427 inter
371 393 545 426 mortales
567 393 677 437 fizcta
706 397 760 426 est
785 392 933 427 divisio.
983 393 1155 436 Denique
1184 392 1384 426 Grecorum
1414 392 1570 436 quidam

4 483 5 488 ,
32 467 95 488 am.
112 466 174 487 esse
247 451 515 493 sanctissimus,
533 450 596 484 lzec
611 451 727 484 sciens
746 451 801 484 ita
818 461 892 483 esse
911 450 1122 483 communia
1139 449 1271 492 debere,
1290 450 1347 483 ait
1362 450 1570 484 amicorum

2 499 5 535 ,²
33 500 146 531 Dec¹'·²
247 519 321 541 esse
348 509 475 542 omnia
504 509 740 543 communia:
772 508 813 541 z'n
839 508 1007 541 omnibus
1036 511 1160 541 autem
1184 510 1275 541 sunt
1297 507 1378 541 sine
1402 507 1513 541 dubio
1537 510 1574 540 et

33 543 127 574 codd.
144 543 233 574 enim
247 566 427 611 coniuges,
436 570 472 600 et
482 567 579 600 sicut
588 577 661 600 non
667 568 789 610 potest
799 566 923 599 dividi
930 564 1082 609 (inquit)
1093 576 1159 598 aer
1166 576 1282 609 neque
1292 565 1571 609 splendorsolz's,

248 624 304 657 ila
320 635 384 657 nec
395 624 542 668 reliqua
559 635 629 668 que
642 625 887 658 communiter
895 623 1064 657 omnibus
1085 623 1176 656 data
1192 627 1283 656 sunt
1298 623 1352 657 ad
1362 623 1572 657 habendum

247 682 376 715 dividi
389 681 521 724 debere,
539 685 594 716 set
608 681 774 716 habenda
791 692 864 715 esse
880 681 1101 715 communia.
1154 681 1237 714 Hec
1255 679 1316 714 ibi.
1367 680 1435 715 Cui
1455 680 1573 715 simile

249 738 381 783 legitur
405 740 554 774 beatum
583 740 787 774 Iohannem
809 738 1074 782 evangelistam
1102 738 1140 772 in
1164 738 1336 773 faciendo
1363 749 1573 774 sermonem

198 809 237 831 10
250 800 379 829 contra
403 794 608 839 appetitum
634 794 851 829 diviciarum
878 793 1013 829 dixisse
1042 794 1113 828 hoc
1143 794 1279 828 modo:
1309 794 1379 828 Sol
1403 797 1440 828 et
1468 794 1573 837 luna,

249 853 383 896 sidera,
401 864 476 895 aer,
494 856 530 886 et
544 852 686 897 pluvia
711 852 880 886 omnibus
903 852 1151 886 communiter
1164 862 1234 885 sua
1259 851 1430 896 beneficia
1454 851 1574 897 largi-

249 915 397 952 amur,-
428 911 483 945 sic
512 914 548 945 et
577 911 679 949 inter
704 910 869 944 homines
901 909 1071 944 omnibus
1102 909 1230 944 omnia
1261 910 1472 944 communia
1501 920 1575 944 esse

247 969 426 1003 deberent.
476 968 553 1004 Ubi
578 968 696 1013 primo
722 968 866 1003 videtur
891 967 1123 1013 pensandum
1148 967 1271 1012 quoad
1296 974 1462 1002 nostrum
1488 978 1570 1012 pro·
1587 981 1612 999 ι-

247 1026 409 1072 positum
426 1026 680 1061 testimonium
705 1025 798 1060 illius
818 1025 926 1061 Greci
952 1024 1177 1060 sanctissimi
1202 1025 1453 1061 confirmantis
1472 1025 1572 1071 quod

199 1100 235 1131 15
250 1085 376 1119 omnia
405 1084 541 1119 debent
569 1095 651 1119 esse
681 1083 892 1118 communia
924 1083 1037 1118 veluti
1071 1084 1301 1125 amicorum3
1336 1089 1372 1118 et
1406 1094 1482 1117 non
1514 1089 1571 1118 est

248 1139 403 1174 dubium
428 1139 525 1184 quod
551 1139 650 1174 bona
674 1138 878 1173 amicorum
904 1144 988 1173 sunt
1015 1138 1066 1173 ita
1090 1137 1302 1172 communia
1326 1138 1425 1183 quod
1450 1138 1572 1173 nullus

249 1197 422 1242 quicquid
440 1197 552 1233 habet
570 1209 634 1232 seu
651 1196 816 1242 possidet
842 1196 919 1231 iure
945 1195 1092 1241 proprio
1119 1195 1304 1231 exclusivo
1332 1195 1419 1231 iuris
1445 1196 1571 1231 utendi

249 1255 286 1290 in
304 1267 370 1290 suo
388 1254 517 1289 amico.
570 1256 654 1290 Hoc
673 1254 771 1290 enim
788 1255 1003 1289 Aristoteles
1022 1254 1100 1298 ipse
1126 1253 1163 1288 in
1189 1259 1322 1288 octavo
1349 1253 1572 1289 Ethicorum

248 1313 415 1357 asseruit,
435 1312 608 1358 quoniam
625 1312 717 1347 alias
740 1312 909 1347 amicicia
926 1324 1012 1347 vera
1033 1324 1108 1346 non
1131 1318 1240 1347 esset.
1292 1313 1396 1354 Item,
1414 1323 1571 1357 pensare
1586 1325 1609 1343 2·

197 1385 236 1408 20
250 1372 426 1406 debemus
444 1371 542 1416 quod
561 1370 649 1405 dicit
667 1370 806 1405 amicos
828 1382 910 1405 esse
929 1370 1103 1415 coniuges
1124 1369 1404 1414 (coniunccione
1421 1370 1571 1414 amoris,

249 1428 438 1474 intelligo),
469 1435 507 1464 ut
535 1440 579 1463 ex
611 1429 683 1463 hoc
709 1428 817 1463 nobis
843 1429 1016 1463 ostendat
1042 1428 1151 1473 quod,
1183 1427 1276 1462 sicut
1304 1440 1326 1463 a
1356 1427 1573 1473 coniugibus

32 1496 139 1526 supra,
157 1496 213 1526 pp-
249 1487 361 1522 nichil
393 1494 450 1523 est
482 1486 630 1532 proprio
664 1486 740 1522 iure
773 1498 985 1531 possessum
1020 1498 1085 1521 seu
1117 1486 1288 1521 habitum
1323 1485 1431 1531 (sicut
1463 1498 1575 1531 supra

34 1537 95 1569 393
112 1538 177 1569 seq·
250 1545 378 1580 claruit
396 1546 442 1580 de
459 1545 582 1579 Adam
600 1551 636 1579 et
653 1544 730 1579 eius
749 1543 885 1588 uxore),
906 1544 959 1579 sic
986 1555 1107 1589 neque
1133 1543 1263 1579 amicis
1286 1550 1407 1588 potest
1425 1543 1574 1589 proprio

249 1603 326 1638 iure
345 1602 472 1648 quevis
490 1614 572 1637 esse
590 1601 776 1647 possessio
792 1614 800 1646 3
828 1602 955 1648 quales
973 1601 1126 1638 fuissent
1147 1613 1277 1637 omnes
1295 1601 1332 1636 in
1351 1608 1448 1636 statu
1467 1601 1574 1635 inno-

203 1668 235 1697 D
251 1661 376 1696 cencie
396 1660 414 1680 *
434 1667 705 1706 permanentes,
737 1660 773 1695 in
803 1659 936 1705 quibus
963 1659 1202 1694 remansisset
1225 1658 1359 1696 caritas
1383 1659 1572 1694 inoffensa.

254 1721 359 1763 Item,
378 1730 534 1764 pensare
553 1719 731 1753 debemus
749 1718 959 1762 exemplum
978 1717 1024 1752 de
1045 1716 1267 1752 indivisione
1285 1717 1380 1752 aeris
1399 1723 1434 1752 et
1452 1717 1572 1762 splen-
1587 1732 1613 1755 3.

250 1777 359 1820 doris,
379 1788 450 1822 que
469 1776 640 1811 indivisio
659 1776 899 1820 intelligenda
916 1775 1028 1809 michi
1047 1775 1189 1810 videtur
1215 1774 1448 1810 continuacio
1468 1782 1575 1810 natu-

249 1835 334 1870 ralis
348 1834 465 1870 tocius
482 1834 578 1869 aeris
596 1840 631 1869 et
650 1834 769 1869 tocius
788 1834 1007 1879 splendoris,
1023 1839 1347 1878 quantumcunque
1362 1832 1497 1868 diversi
1511 1844 1577 1878 per

249 1904 356 1927 nares
369 1892 534 1927 diversas
549 1892 746 1937 particulas
761 1893 855 1929 aeris
870 1899 905 1927 et
919 1903 985 1936 per
996 1892 1120 1926 oculos
1135 1890 1301 1925 diversas
1315 1897 1438 1935 partes
1453 1892 1576 1935 splen-

197 1964 238 1995 30
251 1950 351 1985 doris
369 1951 415 1985 de
432 1951 529 1985 facto
547 1949 724 1995 recipiant
742 1949 1016 1985 remanentibus
1035 1948 1126 1993 ipsis
1144 1948 1229 1985 totis
1248 1948 1441 1992 continuis,
1461 1955 1498 1983 ut
1521 1948 1575 1984 eis

249 2019 316 2053 pro
329 2014 413 2043 voto
428 2007 559 2052 singuli
578 2008 630 2042 uti
649 2007 801 2052 possint.
846 2007 1117 2055 Continuantur
1129 2006 1229 2043 enirn
1242 2018 1304 2041 aer
1318 2006 1517 2051 inspiratus
1528 2007 1575 2042 ab

250 2077 323 2100 uno
347 2072 382 2100 et
408 2066 583 2110 splendor
600 2065 637 2100 in
656 2066 770 2100 oculis
796 2072 962 2110 receptus
981 2066 1028 2099 ab
1046 2076 1119 2099 uno
1140 2076 1224 2099 cum
1244 2065 1318 2099 suis
1336 2064 1422 2099 totis
1441 2063 1575 2098 extrin-

251 2123 362 2167 secis;
378 2130 413 2158 et
425 2134 500 2158 non
512 2130 566 2158 est
579 2123 673 2159 inter
683 2130 806 2168 partes
820 2123 899 2158 illas
910 2130 946 2158 et
958 2129 1036 2158 tota
1049 2122 1254 2158 extrinseca
1265 2122 1420 2157 actualis
1433 2121 1575 2164 divisio,

251 2188 305 2216 set
321 2180 494 2216 indivisio
511 2181 689 2216 naturalis
706 2193 713 2216 :
741 2181 840 2216 unde
857 2181 946 2216 dicit
965 2181 1064 2226 quod
1077 2182 1205 2215 dividi
1219 2192 1292 2214 non
1301 2183 1472 2226 possunt,
1488 2179 1575 2225 quin

198 2252 237 2283 35
254 2238 422 2284 (scilicet)
442 2250 589 2283 semper
604 2246 819 2274 remaneant
843 2239 988 2283 integra
1008 2245 1119 2283 atque
1143 2238 1327 2273 continua.
1377 2240 1427 2273 Et
1453 2238 1576 2283 quoad

252 2297 308 2332 ius
334 2297 550 2342 possidendi
574 2303 686 2342 atque
707 2295 832 2331 utendi
859 2296 1030 2331 omnibus
1057 2296 1216 2331 indivisa
1240 2303 1277 2331 et
1303 2307 1450 2341 semper
1475 2306 1575 2330 com-

252 2355 389 2398 munia,
408 2360 446 2389 ut
463 2366 508 2390 ex
524 2355 594 2389 hoc
611 2355 658 2389 de
675 2354 846 2389 omnibus
865 2353 997 2389 inferat
1023 2354 1123 2399 quod
1148 2365 1222 2389 non
1247 2353 1383 2389 debent
1403 2353 1578 2396 dividi,—

252 2412 303 2448 ita
322 2412 492 2457 (scilicet)
512 2413 611 2458 quod
629 2423 703 2446 non
730 2418 948 2447 remaneant
974 2412 1197 2454 communia,
1225 2418 1280 2447 set
1301 2418 1385 2447 sunt
1403 2412 1576 2447 habenda

254 2469 474 2514 communia,
504 2471 601 2505 unde
627 2482 693 2515 pro
718 2470 851 2505 eodem
876 2470 989 2504 habet
1015 2481 1097 2505 esse
1123 2469 1281 2505 indivisa
1306 2476 1342 2505 et
1367 2481 1449 2505 esse
1476 2481 1574 2505 com-

198 2542 241 2573 40
254 2528 510 2572 munia,—Ita,
530 2528 658 2573 inquit,
684 2538 749 2562 nec
773 2528 919 2572 reliqua
943 2539 1013 2572 que
1037 2529 1285 2562 communiter
1299 2528 1468 2562 omnibus
1484 2528 1575 2562 data

253 2590 343 2621 sunt
365 2587 420 2620 ad
439 2586 646 2621 habendum
671 2586 799 2620 dividi
816 2586 949 2628 debere,
978 2589 1033 2619 set
1059 2585 1226 2620 habenda
1254 2597 1328 2620 esse
1354 2587 1574 2621 communia.

255 2644 294 2680 Si
313 2644 394 2689 quis
413 2644 523 2689 igitur
540 2644 669 2679 dixerit
687 2644 787 2689 quod
801 2644 838 2678 in
852 2650 947 2679 statu
960 2643 1123 2688 primevo
1138 2643 1269 2689 aliquis
1283 2643 1399 2689 potuit
1413 2644 1575 2689 aliquam

253 2713 329 2737 rem
348 2701 425 2740 iure
451 2701 597 2746 proprio
621 2701 808 2746 possidere
833 2708 896 2736 aut
923 2701 999 2736 iure
1024 2701 1172 2746 proprio
1198 2713 1242 2736 ea
1268 2702 1331 2745 uti,
1358 2701 1410 2736 ita
1436 2708 1474 2736 ut
1500 2713 1574 2735 non

253 2766 457 2795 remaneret
476 2759 556 2794 aliis
575 2759 629 2795 ius
648 2758 862 2805 possidendi
880 2765 992 2804 atque
1011 2759 1138 2795 utendi
1157 2758 1233 2795 sive
1250 2759 1411 2795 habendi
1432 2759 1484 2805 (ut
1497 2759 1574 2804 ipse

908 2818 990 2858 Dd

1765 173 1845 212 401
