2095 3278
209 189 293 241 418

212 532 291 558 Does
303 535 352 558 not
364 530 454 556 there-

211 566 270 592 sore
283 564 379 598 giving
391 563 478 596 imply

848 193 1052 226 RICARDI
1084 191 1390 224 ARMACHANI
1834 178 1936 237 [Lm.
1959 190 2025 220 111.

488 297 664 344 quoniam
681 308 740 333 res
755 296 823 332 tibi
841 308 863 332 a
878 298 961 332 Deo
980 297 1119 331 donata
1132 307 1203 341 que
1222 307 1287 330 sua
1300 296 1418 331 fuerat
1436 293 1559 329 verius
1577 299 1639 328 tua
1656 292 1812 328 efficitur
1825 292 1915 333 [340

487 367 601 401 quam
623 361 687 390 tua
713 354 790 390 fieri
814 360 941 399 posset
962 365 1007 389 ex
1030 354 1234 393 donacione
1261 359 1426 388 creature
1452 351 1691 396 cuiusquam:
1717 357 1752 385 et
1774 356 1813 385 ut

488 413 527 448 id
554 412 713 448 invelate
741 412 960 456 conspicias,
993 411 1063 454 dic,
1093 422 1185 456 quas
1214 410 1450 446 condiciones
1484 420 1609 444 censes
1638 419 1716 443 rem
1745 407 1812 442 tibi

488 471 666 506 donatam
684 476 787 504 tuam
805 469 925 514 magis
943 469 1098 504 efficere.

539 530 627 563 ΙΟΗ.
658 527 776 562 Michi
811 527 872 562 illa
905 527 1063 562 donacio
1095 526 1241 561 videtur
1273 537 1351 560 rem
1385 524 1497 559 michi
1532 524 1658 559 datam
1691 533 1845 567 meam5

211 599 428 625 atransference
441 598 474 623 of
490 586 607 631 magis
627 586 774 621 efficere
797 591 860 620 aut
883 584 1002 629 magis
1028 596 1111 620 esse
1135 584 1284 619 alterius
1306 583 1362 618 cui
1387 584 1555 626 donatur,
1577 582 1614 616 in
1641 592 1712 626 qua
1737 580 1814 615 sive

212 632 260 658 the
274 632 361 657 entire
374 631 450 663 right

211 670 242 691 to
254 674 363 698 possess
376 665 424 690 the

212 698 294 732 thing
306 698 411 732 given?

213 1227 422 1260 Contrariwise,

215 1273 236 1289 1.
254 1263 340 1290 God’s
353 1262 406 1295 gift
419 1261 442 1288 is

213 1297 262 1322 the
275 1302 347 1322 most
357 1296 454 1322 liberal

212 1330 269 1357 and
281 1330 396 1362 perfect,

213 1400 271 1426 and
283 1399 319 1425 he
332 1398 436 1425 retains

213 1433 262 1459 the
272 1432 361 1458 entire
374 1432 450 1464 right

213 1471 244 1492 to
257 1467 318 1492 that
330 1465 423 1492 which
436 1466 471 1492 he

213 1500 266 1527 has
277 1499 378 1533 given3

215 2033 304 2060 hence
320 2031 383 2058 that
395 2039 459 2064 way

216 2067 248 2093 os
257 2066 355 2099 giving
367 2065 391 2091 is
403 2070 433 2092 to

212 2102 280 2134 give
292 2099 320 2125 in
333 2100 381 2125 the

216 2133 339 2160 strictest
351 2140 431 2159 sense
443 2131 476 2159 of

217 2167 266 2195 the
279 2166 365 2193 word.

489 655 555 689 per
583 654 695 688 quam
724 649 845 678 totum
872 642 928 677 ius
956 642 1056 687 quod
1085 642 1180 677 dans
1210 642 1324 676 habet
1356 638 1392 674 in
1420 652 1459 675 re
1487 652 1553 675 sua
1583 639 1754 675 transfert
1776 638 1814 672 in

489 702 667 743 alterum,
696 700 781 746 quia
808 700 860 735 sic
886 699 986 745 quod
1011 710 1119 734 suum
1145 705 1222 734 erat
1248 699 1419 741 totaliter,
1446 708 1520 732 non
1546 695 1816 742 particulariter

489 765 552 794 aut
575 757 721 803 partim,
741 757 828 792 facit
854 769 936 792 esse
962 757 1135 792 alterius:
1163 756 1348 801 quoniam,
1367 755 1429 790 ubi
1455 754 1510 789 ius
1536 753 1725 789 donatoris
1751 763 1816 787 seu

489 816 615 851 titulus
632 827 707 850 non
724 815 888 850 totaliter
911 821 965 850 set
987 814 1256 860 particulariter
1278 819 1340 848 aut
1366 813 1500 858 partim
1524 813 1560 847 in
1583 811 1816 847 donatarium
1832 822 1872 844 10

488 884 555 920 per
577 874 823 908 donacionem
844 873 1073 916 transfertur,
1092 884 1178 918 pars
1202 872 1290 906 iuris
1314 871 1365 906 rei
1390 871 1485 906 illius
1509 871 1685 906 retinetur
1704 875 1739 904 et
1760 880 1815 903 re-

489 928 615 967 rfianet
642 932 680 966 in
706 932 889 975 donante3
916 937 953 966 et
980 931 1033 966 sic
1058 942 1116 965 res
1142 942 1216 965 non
1242 930 1350 973 plene
1381 930 1549 973 donatur,
1576 928 1664 974 quin
1689 926 1817 972 pocius

490 990 771 1033 commodatur3
809 996 845 1024 et
878 988 997 1024 eciam
1030 987 1169 1033 aliquid
1205 986 1461 1022 illiberalitatis
1495 993 1558 1021 aut
1591 985 1750 1020 avaricie
1780 984 1817 1019 in

491 1048 654 1083 donante
675 1047 736 1082 illa
759 1047 917 1082 donacio
939 1047 1051 1081 habet
1074 1056 1283 1080 annexum:
1311 1045 1409 1079 unde
1432 1043 1545 1078 michi
1566 1043 1711 1078 videtur
1734 1052 1818 1077 esse

491 1104 616 1140 minus
641 1116 729 1140 vera
755 1111 790 1139 et
817 1104 939 1138 minus
964 1103 1111 1148 proprie
1137 1102 1237 1137 dicta
1261 1108 1297 1137 et
1324 1101 1446 1136 minus
1473 1101 1632 1136 liberalis
1658 1099 1817 1135 donacio
1833 1110 1871 1142 15

491 1162 576 1197 talis
594 1174 705 1207 quam
724 1161 785 1196 illa
802 1161 864 1196 ubi
883 1161 938 1196 ius
957 1161 1148 1196 donatoris
1166 1159 1385 1195 transfertur
1400 1171 1445 1194 ex
1463 1159 1613 1203 integro.

539 1221 627 1255 RIC.
654 1221 827 1255 Patenter
850 1230 1035 1254 summum
1054 1218 1245 1253 dominum
1264 1218 1386 1251 Deum
1410 1217 1456 1251 de
1478 1215 1682 1251 donacione
1708 1214 1817 1249 dimi-

489 1284 581 1313 nuta
598 1283 634 1313 et
651 1276 813 1312 avaricia
829 1276 915 1322 (que
933 1283 988 1312 est
1007 1276 1162 1311 servitus
1177 1273 1384 1319 ydolorum)
1405 1274 1605 1318 redarguis,
1620 1280 1657 1308 et
1674 1284 1817 1308 summe
1830 1276 1903 1308 Col.
1917 1276 1964 1308 iii.
1982 1283 2012 1316 5.

490 1334 689 1377 liberalem,
716 1335 786 1379 qui
817 1334 884 1368 dat
914 1334 1084 1368 omnibus
1116 1333 1320 1378 affluenter,
1354 1332 1400 1367 de
1435 1331 1690 1366 illiberalitatis
1722 1329 1817 1364 vicio
1829 1329 1896 1360 Iac·
1912 1328 1933 1358 i·
1948 1336 1978 1368 5·

491 1393 744 1436 scandalizas3
771 1403 856 1427 cum
875 1390 912 1426 in
931 1391 1140 1426 donacione
1160 1389 1230 1425 Dei
1254 1401 1367 1434 quam
1388 1388 1499 1424 efficit
1521 1388 1634 1423 nichil
1657 1388 1711 1423 sui
1729 1387 1816 1422 iuris
1833 1397 1873 1419 20

490 1451 649 1493 amittat,
677 1456 731 1485 set
762 1455 883 1484 totum
912 1449 1012 1494 quod
1042 1448 1172 1483 habuit
1204 1447 1273 1482 sibi
1304 1453 1468 1483 reservat
1499 1446 1607 1491 (sicut
1633 1447 1670 1481 in
1697 1446 1817 1491 primo
1829 1451 1934 1482 supra,
1953 1451 1988 1483 P·

491 1508 600 1543 huius
625 1506 896 1551 ostendimus);
923 1518 992 1542 nec
1019 1506 1124 1541 aliter
1152 1507 1256 1541 Deus
1286 1505 1520 1550 omnipotens
1548 1516 1626 1539 rem
1655 1503 1818 1549 aliquam
1831 1494 1905 1526 3¹4²

491 1566 580 1601 dare
597 1571 731 1610 potest.
783 1566 847 1601 Set
865 1565 935 1599 hec
953 1564 1071 1609 caligo
1094 1563 1245 1599 advenit
1264 1575 1307 1598 ex
1325 1563 1395 1598 hoc
1413 1562 1477 1597 tibi
1497 1562 1596 1608 quod
1613 1562 1662 1596 ad
1685 1562 1817 1606 damp-

490 1634 581 1659 num
610 1622 785 1659 donantis
812 1622 971 1667 amplius
998 1633 1110 1667 quam
1135 1621 1185 1656 ad
1210 1621 1393 1656 donatarii
1424 1620 1660 1655 commodum
1690 1619 1819 1663 dirigis

491 1688 596 1717 tuum
621 1687 838 1726 aspectum:
866 1680 928 1715 ubi
954 1686 1105 1716 econtra
1131 1679 1245 1714 debes
1272 1680 1464 1714 attendere
1490 1679 1589 1723 quod
1615 1689 1688 1712 non
1716 1678 1817 1721 fiunt,
1834 1690 1872 1723 25

491 1746 556 1774 aut
586 1740 716 1774 saltem
746 1738 824 1774 fieri
849 1749 924 1772 non
948 1738 1136 1780 deberent,
1156 1737 1324 1772 liberales
1353 1736 1424 1771 Dei
1453 1743 1516 1771 aut
1539 1736 1732 1770 hominum
1755 1735 1818 1769 da-

492 1797 631 1840 ciones,
657 1803 696 1831 ut
731 1796 850 1842 quivis
884 1797 978 1831 dans
1016 1795 1215 1830 liberaliter
1248 1806 1286 1829 se
1321 1793 1443 1839 ipsum
1482 1794 1707 1839 depauperet
1742 1792 1819 1827 sive

493 1854 743 1899 dampnificet,
762 1865 847 1888 cum
866 1854 934 1888 hoc
952 1865 1017 1898 per
1035 1865 1074 1887 se
1092 1852 1181 1887 nulli
1200 1852 1245 1887 sit
1264 1852 1351 1887 utile
1367 1864 1375 1894 3
1403 1858 1457 1886 set
1479 1851 1569 1886 fiunt
1594 1850 1818 1886 donaciones

493 1912 566 1948 Dei
585 1919 621 1947 et
638 1912 830 1947 hominum
848 1912 1046 1946 liberaliter
1063 1918 1171 1956 atque
1194 1911 1330 1945 utiliter
1355 1911 1402 1944 ad
1430 1910 1705 1944 donatariorurn
1727 1909 1818 1943 rele-

492 1980 627 2005 vamen
657 1977 693 2005 et
723 1970 961 2004 commodum
988 1981 1052 2015 per
1082 1981 1141 2004 res
1173 1969 1226 2004 eis
1254 1969 1412 2003 donatas
1447 1979 1662 2002 communes
1692 1973 1727 2001 et
1754 1978 1820 2011 per
1834 1973 1876 2005 30

493 2028 619 2064 titulos
643 2027 732 2072 ipsis
755 2039 820 2072 per
841 2028 940 2061 dona
966 2026 1176 2061 huiusmodi
1205 2026 1416 2071 acquisitos.
1467 2025 1580 2061 Unde
1608 2024 1729 2059 verior
1759 2024 1821 2058 illa

493 2085 652 2120 donacio
684 2091 740 2120 est
774 2085 972 2128 censenda,
1002 2085 1121 2128 magis
1155 2083 1301 2129 proprie
1338 2083 1449 2126 dicta,
1483 2082 1677 2125 liberalior,
1710 2088 1821 2126 atque

494 2143 627 2186 utilior,
646 2143 708 2177 ubi
735 2143 893 2188 amplius
919 2143 1157 2177 commodum
1182 2153 1266 2176 cum
1293 2140 1438 2176 forciori
1463 2153 1507 2175 ac
1532 2140 1728 2175 liberaliori
1756 2151 1820 2175 seu

495 2201 650 2247 graciori
668 2200 771 2236 titulo
790 2201 983 2235 donatario
1003 2200 1172 2245 provenit
1190 2212 1234 2235 ex
1251 2206 1336 2234 actu
1355 2200 1537 2241 donantis,
1556 2210 1668 2244 quam
1692 2198 1820 2243 quevis

495 2259 653 2294 donacio
679 2259 717 2293 in
744 2270 817 2304 qua
843 2258 912 2293 iste
938 2258 1172 2293 condiciones
1197 2270 1272 2293 non
1299 2264 1449 2300 assunt;
1485 2257 1658 2302 quoniam
1684 2256 1737 2290 sic
1762 2267 1820 2290 res
1836 2261 1875 2293 35

495 2317 545 2352 illi
563 2316 704 2351 donata
720 2316 880 2361 amplius
898 2327 964 2351 sua
981 2317 1157 2351 efficitur:
1186 2316 1294 2360 igitur
1312 2322 1437 2360 aperte
1455 2314 1691 2360 consequitur
1708 2314 1819 2359 quod,

496 2374 558 2409 ubi
580 2385 649 2409 nec
670 2373 876 2409 dominium
896 2385 965 2409 nec
988 2374 1171 2419 possessio
1193 2380 1248 2408 est
1270 2374 1459 2415 translata,
1484 2373 1513 2407 si
1540 2372 1721 2418 premissa
1742 2383 1818 2406 ser·
1831 2394 1864 2422 D

496 2438 638 2475 ventur,
656 2431 672 2450 ’¹‘
690 2438 746 2467 est
763 2432 883 2466 verior
900 2438 935 2466 et
954 2432 1073 2476 magis
1091 2432 1236 2476 proprie
1254 2431 1354 2465 dicta
1367 2430 1524 2465 donacio
1543 2441 1652 2475 quam
1671 2429 1731 2464 ubi
1750 2430 1818 2464 hec
1829 2439 1860 2466 et
1875 2444 1940 2466 om.
1957 2441 1988 2466 Β.

498 2496 664 2535 utraque,
683 2489 833 2533 scilicet,
855 2489 1059 2524 dominium
1083 2496 1193 2534 atque
1212 2489 1407 2534 possessio,
1427 2495 1488 2522 aut
1512 2489 1642 2522 horum
1665 2488 1819 2522 alterum

498 2554 555 2583 est
567 2548 798 2582 translatum.
842 2548 998 2582 Constat
1016 2553 1140 2582 autern
1156 2547 1266 2592 quod,
1282 2546 1342 2581 ubi
1358 2558 1423 2591 per
1440 2545 1820 2580 communicacionem
1834 2553 1876 2585 40

500 2605 748 2651 possessionis
766 2606 941 2640 naturalis
958 2605 1065 2649 (sicut
1085 2605 1120 2639 in
1140 2611 1237 2640 statu
1255 2604 1467 2639 innocencie
1482 2604 1558 2639 fieri
1577 2603 1818 2648 congruebat)

500 2664 672 2708 cuiquam
690 2663 812 2708 aliqua
830 2675 888 2698 res
907 2663 1075 2707 donatur,
1090 2669 1127 2697 ut
1147 2663 1299 2706 dixeras,
1318 2662 1448 2697 forcior
1466 2661 1591 2696 titulus
1608 2668 1644 2696 et
1661 2662 1820 2706 amplius

500 2721 740 2756 commodum
761 2721 810 2755 illi
832 2720 1051 2765 proveniunt
1071 2732 1182 2765 quam
1209 2731 1292 2754 curn
1317 2732 1382 2765 per
1405 2719 1649 2754 donacionem
1675 2719 1819 2753 civilem

502 2790 561 2815 res
592 2779 642 2813 ita
671 2779 829 2814 donatur
856 2779 954 2823 quod
985 2778 1097 2813 nichil
1125 2778 1212 2813 iuris
1242 2778 1358 2813 civilis
1387 2777 1437 2813 rei
1464 2777 1558 2812 illius
1588 2782 1751 2813 remanet
1782 2776 1818 2810 in
