2008 3305
210 233 295 261 CAP.
320 218 460 277 xvnr]
685 230 828 261 LIBER
863 230 1057 262 PRIMUS.

94 348 192 390 5413]
208 351 360 394 oportet
398 345 513 382 talem
561 357 719 382 causam
765 357 836 394 pro
884 345 1211 386 omni,mensura
1250 345 1434 394 temporis
1472 345 1531 382 vel

204 422 338 453 nature
378 416 590 453 coexistere
629 427 699 453 suo
737 416 890 453 effectui
928 416 983 453 sic
1022 422 1193 453 causato.
1256 416 1369 454 Pono
1407 417 1532 466 primo

204 486 425 536 exemplum
455 487 501 524 de
531 487 747 535 privacione
777 486 899 523 forme
929 486 1059 534 geniti,
1087 498 1161 534 que
1192 484 1256 534 (ex
1287 487 1412 535 primo
1442 487 1533 523 Phi-

204 556 386 608 sicorum)
416 565 472 595 est
505 558 737 607 principium
766 557 948 606 generati,
980 563 1016 594 et
1046 564 1177 594 tamen
1207 557 1446 606 impossibile
1475 564 1532 595 est

172 638 189 669 5
205 627 266 664 illa
286 635 459 677 tempore
480 640 564 665 esse
586 628 710 666 simul.
769 627 990 664 Secundum
1016 627 1238 676 exemplum
1260 634 1315 665 est
1336 628 1384 666 de
1404 629 1532 665 labore

205 705 386 736 causante
406 698 612 735 efficienter
639 698 841 735 sanitatem
862 698 1024 735 finaliter
1045 705 1323 743 recausantem,
1344 704 1381 735 et
1400 705 1531 736 tamen

203 775 393 817 repugnat
420 769 504 817 ipsa
531 768 789 818 temporaliter
812 781 895 806 esse
925 768 1048 805 simul.
1105 768 1290 805 Tercium
1310 769 1531 817 exemplum

164 845 191 874 c
205 846 261 876 est
281 839 328 875 de
349 839 543 888 prioritate
564 839 747 887 temporis
768 839 826 876 vel
850 837 867 857 *
889 839 1077 885 instantis,
1100 851 1176 888 qua
1197 839 1364 888 primum
1385 839 1531 876 instans

203 909 337 946 mundi
369 916 425 946 est
454 909 561 958 prius
595 921 713 958 quam
742 909 900 958 aliquod
929 909 1090 946 aliorum
1106 922 1115 955 ;
1156 917 1193 947 et
1222 916 1357 947 notum
1387 916 1444 946 est
1474 921 1531 946 se-

152 991 191 1014 10
205 979 373 1017 cundum
412 979 632 1028 veriloquos
670 979 774 1029 quod
814 979 905 1016 illud
952 980 1142 1028 posterius
1185 987 1357 1029 tempore
1401 986 1532 1017 causat

202 1050 318 1088 talem
337 1049 574 1099 prioritatem
594 1050 789 1098 temporis,
812 1050 908 1087 sicut
936 1057 1064 1088 causat
1094 1051 1413 1099 posterioritatem
1434 1057 1530 1088 tem-

202 1121 307 1170 poris
336 1121 585 1158 correlatam:
616 1120 718 1157 unde
748 1132 828 1157 non
857 1127 1008 1170 oportet
1036 1121 1151 1158 talem
1181 1133 1341 1158 causam
1371 1121 1531 1158 effectus

202 1192 406 1242 pendentis
441 1204 463 1228 a
498 1191 624 1229 futuro
653 1192 913 1240 temporaliter
946 1193 1218 1241 subsequente,
1252 1192 1357 1242 quod
1393 1192 1531 1229 habeat

202 1275 337 1300 causas
358 1274 445 1300 suas
465 1261 576 1299 simul
597 1268 770 1310 tempore
785 1274 794 1307 ;
826 1262 893 1299 sed
915 1262 1163 1299 condiciones
1184 1262 1359 1311 apposite
1379 1268 1532 1310 oportet

152 1333 304 1382 15ipsas
335 1332 550 1381 concipere.
618 1332 668 1369 Et
697 1332 736 1369 in
770 1332 844 1369 isto
877 1332 997 1370 modo
1026 1332 1210 1382 loquendi
1245 1332 1297 1370 sui
1328 1333 1465 1369 anxius
1493 1340 1531 1370 et

202 1404 406 1452 perplexus
427 1415 628 1452 quousque
649 1403 772 1452 prime
793 1402 951 1440 Veritati
977 1403 1171 1452 placuerat
1191 1403 1340 1441 afficere
1360 1410 1531 1441 mentem

202 1486 329 1511 meam
351 1474 549 1523 quomodo
570 1480 661 1522 aput
682 1485 769 1510 eum
791 1473 924 1511 omnia
944 1486 1019 1523 que
1048 1473 1200 1511 fuerunt
1221 1479 1308 1511 sunt
1328 1486 1398 1523 pro
1419 1486 1530 1511 men-

202 1545 298 1582 suris
318 1545 395 1582 suis
416 1545 624 1593 presencia.
683 1543 791 1581 Prius
812 1544 916 1581 enim
937 1544 1015 1581 dixi
1035 1544 1141 1593 quod
1161 1556 1222 1581 res
1243 1551 1374 1582 causat
1394 1550 1430 1581 et
1451 1556 1531 1581 non

202 1622 270 1662 est,
293 1615 437 1664 aliquid
457 1621 513 1652 est
533 1621 731 1652 causatum
752 1622 787 1651 et
808 1627 888 1652 non
908 1622 966 1652 est
996 1627 1109 1659 nunc,
1131 1615 1237 1664 quod
1264 1627 1343 1652 non
1364 1621 1422 1651 est
1441 1627 1531 1663 pos-

149 1697 189 1719 20
203 1686 309 1723 sibile
330 1686 503 1722 ordinem
524 1685 638 1722 talem
658 1697 742 1723 esse
771 1698 884 1731 nunc,
907 1685 1012 1734 quod
1042 1698 1122 1723 non
1149 1692 1322 1722 creatura
1352 1685 1420 1722 sed
1449 1686 1530 1723 eius

202 1755 379 1793 futuricio
409 1762 541 1793 causat
569 1755 779 1793 voliciones
807 1755 1030 1793 huiusmodi
1059 1755 1117 1793 vel
1147 1762 1367 1805 respectus;
1408 1762 1445 1793 et
1475 1756 1530 1794 sic

1732 219 1808 259 161

201 1826 249 1863 de
278 1826 406 1863 multis
435 1825 665 1863 diverticulis
695 1826 771 1863 risu
800 1826 937 1875 dignis.
996 1825 1112 1863 Nunc
1142 1833 1271 1864 autem
1291 1827 1402 1864 video
1431 1825 1530 1877 (laus
1544 1836 1606 1862 The
1620 1837 1797 1863 eternatwin

1545 1869 1567 1895 is
1581 1871 1719 1902 eternally

203 1896 248 1933 sit
269 1895 375 1945 Deo)
396 1896 500 1946 quod
521 1896 658 1934 volicio
680 1902 809 1933 eterna
831 1897 1046 1934 eternaliter
1066 1904 1122 1934 est
1143 1903 1296 1934 causata
1324 1898 1373 1934 ab
1393 1897 1530 1934 effectu
1544 1905 1647 1929 caused
1661 1904 1698 1936 by
1712 1904 1758 1929 the

1544 1937 1626 1962 effect
1639 1937 1725 1962 albeit
1741 1937 1809 1970 only

203 1966 329 2004 solum
349 1967 536 2004 instanter
556 1967 614 2004 vel
635 1967 897 2016 temporaliter
916 1968 1114 2014 existente,
1137 1974 1173 2005 et
1200 1980 1268 2017 per
1289 1980 1530 2018 consequens
1543 1969 1665 2008 ‚existent
1678 1977 1707 1996 at
1721 1970 1768 1996 the

205 2111 213 2125 ‘
227 2108 272 2144 sit
292 2115 434 2152 eterna,
455 2107 560 2156 quod
581 2107 634 2144 sic
656 2107 702 2144 sit
724 2108 927 2144 causancia
950 2107 1157 2153 correlata,⁷
1172 2108 1230 2145 vel
1251 2109 1304 2146 ‘si
1325 2123 1348 2147 A
1369 2109 1529 2147 affectus

204 2181 295 2226 ‘pro
324 2189 346 2214 B
372 2177 527 2214 instanti
557 2178 801 2215 eternalitatis
830 2178 888 2215 vel
916 2179 1101 2227 temporis
1127 2186 1184 2216 est
1213 2186 1401 2226 causatus,
1423 2180 1529 2230 quod

205 2247 354 2285 ‘omnis
383 2248 462 2284 eius
492 2259 608 2284 causa
637 2260 707 2296 pro
737 2248 874 2285 eadem
903 2260 1085 2286 mensura
1115 2256 1247 2287 causat
1279 2250 1428 2299 ipsum;
1460 2250 1529 2287 sed

205 2318 316 2354 ‘satis
350 2324 406 2355 est
439 2317 544 2367 quod
578 2330 649 2366 pro
688 2330 868 2356 mensura
907 2319 978 2356 sibi
1017 2331 1191 2368 congrua
1224 2326 1355 2357 causat
1390 2321 1527 2369 ipsum.

148 2387 340 2425 30‘Unde
369 2388 594 2436 generaliter
623 2388 751 2425 omnis
780 2400 897 2426 causa
926 2401 995 2438 pro
1024 2389 1150 2438 aliqua
1170 2402 1351 2427 mensura
1371 2391 1528 2438 originis

155 2459 188 2488 D
203 2461 211 2479 ‘
226 2465 358 2496 nature
374 2459 432 2496 vel
452 2459 636 2508 temporis
656 2466 787 2497 causat
806 2458 823 2478 *
840 2471 951 2497 suum
972 2466 1173 2498 causatum
1193 2473 1263 2510 pro
1284 2473 1360 2511 qua
1380 2462 1526 2512 ipsum-

203 2531 211 2546 ‘
227 2536 304 2566 met
325 2541 405 2566 non
426 2530 574 2567 existit!

238 2648 278 2671 13.
291 2639 445 2671 pendentis
459 2640 481 2665 B
494 2646 500 2665 :
513 2640 692 2672 precedentis
706 2640 731 2666 A
742 2640 775 2667 C.
966 2651 1005 2673 14.
1024 2642 1199 2668 condiciones
1212 2643 1237 2669 A
1248 2642 1271 2669 C
1283 2649 1289 2669 ζ
1308 2643 1479 2670 condicionis
1493 2644 1524 2670 B.

202 2681 243 2704 27.
263 2673 404 2699 instanti:
425 2673 505 2699 codd.
519 2674 667 2699 instantis.
803 2676 843 2700 28.
862 2676 870 2704 ΙΙ
881 2683 1019 2701 mensura
1034 2676 1056 2701 B
1070 2676 1086 2701 f.
1097 2685 1144 2708 237
1154 2684 1179 2701 Α.

548 2775 577 2806 3.
603 2766 703 2797 Arist.
721 2767 817 2807 Phys.
838 2766 857 2798 i.
880 2774 896 2808 7
913 2778 969 2809 pp.
990 2776 1050 2808 190
1067 2778 1130 2808 seq.

551 2828 578 2858 5.
607 2818 650 2848 So
667 2818 768 2849 Arist.
790 2819 886 2858 Phys.
904 2820 935 2850 ii.
958 2828 975 2858 3
993 2829 1023 2860 p.
1046 2828 1115 2859 195.

858 2892 887 2917 M

1543 2009 1649 2029 instant
1663 2013 1692 2030 or
1706 2013 1733 2030 m

151 2045 189 2077 25
205 2049 284 2074 non
305 2037 468 2085 amplius
489 2044 760 2074 concausante.
818 2036 867 2073 Et
887 2037 938 2074 ita
967 2050 1045 2074 non
1073 2038 1255 2087 sequitur,
1280 2039 1332 2076 ‘si
1353 2040 1530 2077 causacio
1543 2036 1620 2064 time-
