2008 3305
210 251 297 280 cAP.
320 236 444 294 xvir]
690 247 836 278 LIBER
867 246 1063 279 PR1Mus.
1735 245 1748 272 1
1761 240 1813 285 57

92 365 193 408 53A]
207 363 305 401 iecto
336 374 417 400 non
446 362 764 412 repugnantibus,
786 368 826 399 ut
846 367 934 399 sunt
963 360 1221 406 materialitas,
1243 359 1430 408 incepcio,
1452 370 1534 396 cor-

206 434 353 483 rupcio,
384 433 590 479 mobilitas,
620 439 716 478 etc.;
747 432 850 469 unde
883 432 1048 469 videndo
1082 443 1156 481 que
1190 430 1536 467 denominaciones

208 504 308 550 Deo,
329 504 395 553 qui
417 503 601 541 subicitur
616 503 669 539 illi
691 503 864 548 sciencie,
886 515 965 539 non
986 507 1219 551 repugnant,
1235 507 1386 549 oportet
1407 500 1536 537 videre

207 576 238 613 si
258 575 365 612 Deus
386 581 514 624 potest
530 574 624 612 scire
640 573 885 610 materialiter
898 573 955 609 vel
977 572 1179 617 mobiliter,
1189 572 1288 609 sicut
1303 577 1429 621 potest
1443 571 1536 608 scire

176 654 194 687 5
207 645 467 683 universaliter
486 651 523 682 et
541 644 820 694 particulariter
836 656 845 690 ;
876 650 913 680 et
932 655 1021 681 cum
1042 648 1194 680 constat
1210 643 1315 692 quod
1336 654 1427 687 non,
1445 654 1536 679 con-

205 723 395 754 tentemur
434 714 481 752 de
521 727 639 753 causa
677 726 795 764 quare
830 714 997 751 sciencia
1034 713 1256 751 huiusmodi
1290 712 1446 749 relativa
1481 718 1538 749 est

204 786 427 824 universalis
443 785 502 822 vel
522 785 771 835 particulariS,
791 785 860 821 sed
877 784 1054 821 distincta
1070 784 1248 833 quelibet,
1265 795 1345 820 non
1363 782 1535 829 confusa,

202 857 293 894 licet
335 869 417 894 non
455 856 503 893 sit
545 856 786 905 generabilis,
826 855 1092 904 corruptibilis,
1122 854 1183 891 vel
1223 854 1330 891 aliter
1381 853 1536 891 mobilis

205 928 254 965 ab
285 926 449 964 obiecto.
506 926 556 963 Et
588 932 692 975 patet
726 925 832 974 quod
862 925 1028 963 sciencia
1056 937 1137 963 non
1171 931 1228 962 est
1260 924 1485 961 universalis
1514 930 1764 962 auniversa1,ter-

1549 973 1584 989 ml
1628 970 1654 989 te

155 1007 194 1029 10
207 998 381 1035 subiecto
403 997 471 1035 sed
490 997 656 1042 obiecto,
671 1003 713 1033 ut
733 996 878 1033 dictum
899 1002 957 1033 est
978 995 1025 1033 de
1046 995 1231 1033 dominio.
1289 994 1327 1031 N
1330 1008 1374 1032 ec
1396 995 1534 1032 scirem
1550 965 1788 1030 ῑὴέἶυῦῗεῗῗῖὴῖξ

205 1068 393 1106 sustinere
423 1067 592 1117 aliquam
618 1079 701 1105 esse
730 1066 986 1104 universalem
1011 1066 1221 1104 scienciam
1252 1066 1324 1102 nisi
1350 1065 1536 1115 ponendo
1548 1031 1646 1064 bYthe
1659 1032 1760 1065 ὠμά,

204 1139 432 1177 universalia
452 1139 549 1176 sicut
576 1150 702 1187 supra,
724 1138 814 1187 quia
840 1150 922 1175 non
946 1143 1080 1186 posset
1101 1149 1184 1174 esse
1212 1136 1438 1173 universalis
1466 1137 1537 1173 sci-

205 1209 314 1246 encia
352 1209 426 1246 nisi
464 1208 572 1246 Deus
610 1208 876 1246 universaliter
923 1214 1177 1258 cognosceret
1211 1207 1304 1244 illud
1343 1207 1393 1244 ad
1432 1207 1538 1256 quod

205 1279 425 1317 universalis
446 1279 613 1318 sciencia
626 1279 887 1329 principaliter
906 1279 1142 1316 terminatur.
1192 1277 1242 1315 Et
1262 1290 1350 1315 cum
1372 1278 1539 1315 sciencia

152 1360 191 1392 15
206 1349 280 1388 Dei
301 1362 382 1387 non
403 1356 532 1399 potest
546 1349 622 1387 dici
642 1349 767 1388 forma
787 1349 1010 1386 universalis
1031 1361 1053 1386 a
1069 1349 1242 1387 subiecto
1255 1348 1323 1386 sed
1343 1349 1468 1386 solum
1489 1349 1538 1386 ab

204 1421 367 1466 obiecto,
384 1421 555 1470 sequitur
571 1420 677 1470 quod
689 1426 746 1457 est
762 1419 853 1457 dare
870 1432 952 1457 rem
967 1419 1223 1457 universalem
1239 1419 1313 1457 Dei
1331 1419 1537 1457 scienciam

203 1491 485 1528 terminantem.
541 1490 625 1528 Nec
646 1497 702 1528 est
716 1491 824 1528 color
839 1490 1011 1539 ponendi
1032 1491 1071 1527 in
1084 1490 1171 1528 Deo
1192 1490 1330 1528 multas
1351 1491 1537 1528 sciencias
1550 1499 1606 1538 aqd
1620 1499 1780 1532 particular,

159 1569 189 1598 B
204 1567 269 1598 aut
281 1561 424 1610 gradus
444 1561 674 1599 naturalium
694 1561 946 1611 prioritatum,
961 1567 1096 1610 utputa
1110 1560 1215 1611 quod
1230 1561 1336 1611 prius
1354 1560 1372 1580 ²¹<
1389 1574 1536 1610 cogno·
1550 1534 1739 1599 ἶῖιιὲᾞῖῗξὲῗῐ
1753 1540 1782 1560 to

205 1632 274 1669 scit
312 1631 513 1670 hominem
546 1632 769 1681 simpliciter
803 1644 921 1681 quam
959 1632 1161 1681 cognoscit
1195 1632 1298 1670 hunc
1332 1632 1391 1670 vel
1429 1632 1535 1669 illum

153 1714 193 1736 20
205 1703 377 1749 existere,
399 1703 493 1752 quin
513 1715 582 1752 per
602 1703 706 1740 idem
727 1703 881 1740 dabitur
901 1702 992 1740 illud
1015 1703 1109 1740 scire
1130 1704 1238 1753 quod
1259 1703 1364 1752 prius
1383 1710 1537 1741 natura-

204 1773 287 1810 liter
307 1773 511 1822 cognoscit
540 1773 739 1811 hominem
759 1785 876 1823 quam
906 1774 1011 1811 hunc
1041 1774 1186 1811 datum.
1243 1774 1295 1811 Et
1315 1774 1407 1812 illud
1429 1775 1535 1822 scire,

203 1855 293 1881 cum
317 1844 363 1881 sit
386 1844 538 1889 relacio,
560 1850 597 1882 et
616 1856 698 1881 non
727 1844 911 1882 confusus
935 1851 1045 1882 actus
1068 1845 1127 1882 vel
1154 1844 1322 1893 habitus,
1345 1858 1394 1883 ne
1419 1858 1538 1894 coga-

202 1925 290 1951 mur
337 1915 551 1952 concedere
608 1914 739 1952 Deum
790 1915 952 1953 confuse
1009 1915 1226 1965 quidquam
1284 1928 1535 1964 cognoscere,

203 1985 374 2034 sequitur
420 1985 526 2034 quod
572 1992 630 2023 est
675 1985 766 2024 dare
814 1986 1011 2024 obiectum
1058 1993 1185 2035 preter
1231 1988 1441 2024 terminum
1478 1987 1537 2024 vel

152 2069 190 2100 25
203 2055 400 2103 cognitum
421 2055 471 2093 ad
491 2055 599 2105 quod
619 2056 881 2105 principaliter
901 2057 1140 2094 terminatur.
1199 2056 1293 2095 Non
1314 2057 1418 2094 enim
1438 2058 1537 2095 valet

205 2124 472 2174 sophisticacio
508 2138 586 2175 qua
619 2126 756 2164 dieitur
790 2127 897 2176 quod
935 2126 1043 2165 Deus
1076 2126 1194 2164 nichil
1233 2128 1435 2177 cognoscit
1473 2128 1536 2166 illa

184 2196 359 2242 noticia,
391 2196 444 2234 sic
478 2197 585 2246 quod
618 2198 665 2235 sit
696 2198 835 2236 relacio
869 2198 967 2235 inter
1008 2205 1192 2245 extrema,
1225 2198 1292 2236 sed
1327 2210 1407 2235 non
1436 2199 1537 2237 inter

203 2272 377 2305 extrema
410 2267 458 2304 sit
487 2267 550 2304 illa
573 2267 725 2314 relacio,
747 2274 783 2305 et
814 2268 867 2306 sic
898 2268 945 2306 de
975 2269 1104 2306 multis
1130 2269 1376 2318 subterfugiis
1406 2269 1537 2319 sophi-

205 2337 307 2374 sticis
345 2349 420 2386 que
460 2337 612 2387 fingunt
651 2339 767 2375 emuli
801 2339 978 2376 veritatis.
1037 2339 1107 2376 Illa
1145 2352 1239 2388 ergo
1277 2340 1444 2378 sciencia
1478 2348 1536 2379 est

150 2422 192 2453 30
204 2407 369 2456 quelibet
389 2408 554 2446 sciencia
581 2421 657 2458 qua
677 2408 785 2446 Deus
816 2409 884 2446 scit
904 2409 1007 2447 hunc
1026 2409 1085 2447 vel
1111 2410 1218 2446 illum
1247 2411 1422 2457 existere,
1445 2412 1536 2461 quia

204 2477 311 2514 aliter
330 2489 557 2526 cogeremur
578 2479 706 2516 dicere
727 2479 833 2528 quod
862 2485 1024 2528 poneret
1043 2480 1082 2516 in
1103 2491 1308 2517 numerum
1338 2493 1426 2518 cum
1447 2494 1536 2530 par-

202 2547 424 2585 ticularibus
463 2548 639 2586 scienciis
678 2549 919 2595 subalternis,
955 2556 992 2587 et
1030 2562 1100 2598 per
1139 2562 1386 2599 consequens
1425 2551 1534 2590 Deus

203 2618 403 2667 multiplici
425 2619 593 2657 sciencia
622 2626 874 2669 cognosceret
895 2620 1106 2670 quamlibet
1126 2620 1363 2658 individuam
1384 2629 1535 2659 creatu-

236 2723 261 2739 2.
278 2714 440 2740 mobilitas:
460 2716 541 2741 codd.
555 2716 698 2742 nobilitas.
854 2725 893 2748 15.
914 2716 1093 2743 solumAC:
1113 2717 1290 2744 solummodo
1304 2718 1336 2744 B.
1392 2720 1429 2744 16.
1444 2720 1452 2749 ΙΙ
1471 2721 1536 2747 uni-

202 2748 345 2773 versalem
359 2749 378 2774 B
389 2748 405 2774 f.
419 2758 432 2774 2
436 2750 467 2781 36
477 2757 501 2775 B.
558 2759 598 2782 17.
615 2750 825 2776 terminantem
840 2750 862 2775 B
875 2757 880 2776 :
901 2750 1023 2776 dantem
1036 2751 1062 2776 A
1072 2751 1106 2778 C.

637 2842 684 2866 10.
709 2833 823 2875 Supra,
843 2833 893 2866 ch.
911 2835 978 2867 viii.
996 2845 1027 2876 p.
1044 2843 1095 2875 51.
