2008 3305
204 244 289 272 CAP.
313 231 418 288 xvi]
688 240 835 272 LIBER
864 239 1060 273 PRIMUS.
1728 239 1810 281 143

88 364 189 406 47D]
203 359 376 397 absolute
396 356 617 395 necessario
641 357 825 406 intelligit,
847 364 935 394 sunt
965 358 1018 394 eis
1043 355 1324 394 accidentaliter
1349 362 1529 393 creature.

201 431 252 468 Et
280 435 385 479 patet
414 427 565 465 fallacia
593 427 678 464 talis
708 427 872 476 argucie,
905 427 1057 465 ‘Omne
1087 428 1192 476 quod
1222 427 1328 464 Deus
1357 425 1532 474 intelligit

203 504 211 520 ‘
225 499 398 537 absolute
432 498 650 535 necessario
679 497 868 547 intelligit,
903 510 1061 535 ornnem
1100 503 1315 535 creaturam
1348 496 1531 545 intelligit,

203 574 211 590 ‘
225 583 317 619 ergo
337 580 496 606 ornnem
517 574 731 605 creaturam
754 568 927 606 absolute
948 568 1167 605 necessario
1180 568 1354 616 intelligit
1369 565 1400 614 3'
1432 573 1473 603 ut
1493 567 1532 602 in

172 650 189 683 5
204 639 372 685 assimili,
389 641 397 656 ‘
413 638 541 676 Omne
556 637 662 687 quod
675 645 731 675 est
752 638 872 675 deitas
893 638 1068 675 absolute
1089 638 1306 675 necessario
1320 643 1377 675 est
1397 637 1529 682 deitas,

205 713 214 729 ‘
228 710 355 748 omnis
383 715 553 746 creature
574 720 690 745 causa
709 714 766 745 est
795 708 927 755 deitas,
948 721 1041 757 ergo
1071 708 1197 746 omnis
1226 714 1395 745 creature
1416 719 1532 744 causa

202 780 399 818 ‘absolute
419 778 639 816 necessario
661 784 718 816 est
746 777 890 824 deitas,'
912 779 1039 828 posito
1060 779 1166 828 quod
1196 778 1411 815 subiectum
1438 790 1532 814 con-

202 850 383 889 clusionis
403 849 635 898 intelligatur
655 848 885 898 simpliciter.
933 849 1055 886 Aliter
1075 849 1179 886 enirn
1199 848 1531 897 sophisticandum

204 926 302 959 esset
315 920 420 970 quod
441 931 598 957 omnem
616 926 829 956 ereaturam
849 919 1023 956 absolute
1041 919 1257 956 necessario
1272 918 1379 955 Deus
1396 918 1530 955 intelli-

153 1006 193 1028 10
205 992 271 1041 git,
289 991 356 1029 sed
371 1002 451 1028 non
465 990 518 1027 sic
532 990 751 1027 necessario
769 989 945 1039 intelligit
962 989 1130 1039 aliquam
1146 996 1377 1035 creaturam;
1391 996 1427 1027 et
1442 996 1533 1026 tunc

205 1062 332 1099 omnis
361 1067 535 1098 creatura
564 1060 737 1098 absolute
766 1061 982 1098 necessario
1012 1066 1080 1105 est,
1110 1060 1198 1097 licet
1228 1060 1273 1097 sit
1302 1060 1531 1109 contingen-

203 1132 348 1169 tissime
379 1137 573 1176 creatura;
620 1137 658 1168 et
689 1131 741 1168 sic
774 1131 880 1167 nulla
912 1136 1084 1168 creatura
1115 1136 1246 1180 posset
1277 1130 1443 1179 incipere
1475 1130 1534 1167 vel

204 1202 391 1247 desinere,
413 1201 499 1239 licet
523 1207 653 1250 posset
683 1201 850 1250 incipere
875 1207 912 1238 et
932 1201 1106 1238 desinere
1136 1213 1219 1238 esse
1239 1201 1407 1250 quelibet
1427 1214 1532 1238 crea-

204 1279 298 1310 tura.
353 1271 441 1321 Ego
470 1279 600 1309 autem
629 1271 726 1321 elegi
755 1284 823 1320 per
852 1271 1037 1308 terminos
1066 1284 1133 1320 per
1168 1283 1208 1308 se
1237 1272 1276 1308 in
1305 1284 1445 1320 genere
1475 1271 1533 1308 vel

108 1350 193 1380 48A
206 1349 460 1380 connotantes
480 1354 563 1380 esse
584 1341 799 1379 secundum
819 1341 1029 1390 intelligere
1046 1341 1064 1360 ‘¹‘
1083 1342 1304 1390 simpliciter
1324 1342 1416 1378 illud
1437 1354 1532 1387 esse,

205 1420 246 1451 ut
263 1419 434 1450 creatura
453 1419 510 1449 est
527 1411 772 1449 solummodo
788 1412 1065 1460 contingenter.
1120 1411 1170 1449 Et
1186 1419 1317 1449 tamen
1338 1411 1411 1449 hoc
1428 1412 1534 1461 quod

206 1490 264 1521 est
284 1483 346 1520 illa
366 1489 538 1520 creatura
558 1488 615 1520 est
635 1483 854 1519 necessario
885 1482 1067 1528 absolute,
1089 1483 1180 1531 quia
1200 1483 1433 1531 pronomina
1454 1483 1535 1520 sine

206 1554 386 1603 qualitate
416 1552 629 1590 essenciam
657 1564 762 1589 mere
793 1553 1054 1601 significancia
1083 1559 1247 1601 possunt
1276 1553 1537 1591 indifferenter

206 1625 355 1674 signare
376 1636 445 1672 pro
465 1624 619 1661 racione
640 1623 849 1672 exemplari
878 1623 1038 1668 adintra‚
1059 1635 1134 1672 que
1156 1624 1304 1661 realiter
1333 1631 1389 1661 est
1409 1624 1536 1661 divina

154 1713 195 1735 20
207 1695 389 1740 essencia,
405 1694 461 1731 vel
482 1706 553 1744 pro
575 1706 613 1731 re
634 1699 742 1730 extra
762 1694 800 1730 in
821 1694 979 1742 proprio
999 1707 1151 1743 genere,
1170 1701 1211 1732 ut
1231 1701 1335 1744 patet
1356 1695 1535 1733 anterius.

205 1765 256 1802 Et
289 1777 403 1814 super
436 1765 516 1802 istis
549 1770 706 1813 propter
739 1765 1005 1814 ignoranciam
1036 1765 1310 1814 methaphisice
1342 1772 1378 1803 et
1413 1766 1536 1815 logice

206 1836 320 1873 nimis
340 1836 501 1873 inaniter
520 1835 687 1873 clamant
707 1835 825 1871 multi.

260 1906 322 1942 Ex
359 1906 440 1943 istis
471 1906 648 1943 videntur
680 1906 797 1943 michi
834 1906 941 1955 sequi
977 1906 1104 1956 alique
1140 1907 1326 1944 veritates.
1382 1907 1532 1945 Prima:
1549 1910 1572 1932 ⁴·
1594 1899 1820 1932 Threefurtker

1549 1935 1723 1960 conclus-iens
1731 1941 1740 1959 .-

208 1975 349 2014 Omnis
378 1976 647 2025 intelligenda,
673 1976 848 2023 sciencia,
871 1976 928 2013 vel
949 1976 1122 2015 volencia
1151 1976 1224 2015 Dei
1255 1978 1460 2015 terminata
1489 1979 1537 2015 ad
1550 1984 1644 2049 Ξὲηιὲὲῑ
1658 1983 1758 2042 1ιὲξὲξῖ

156 2064 193 2096 25
208 2053 419 2084 creaturam
444 2047 482 2083 in
513 2058 583 2083 suo
610 2059 752 2095 genere
777 2053 834 2084 est
859 2052 1002 2093 eterna,
1024 2047 1299 2094 insrustrabilis,
1323 2054 1359 2085 et
1386 2049 1536 2086 contin-
1550 2051 1640 2082 ledge‚
1655 2059 1686 2076 or
1698 2050 1754 2076 will
1769 2050 1802 2076 of

1551 2084 1614 2109 God
1628 2084 1660 2109 of
1665 2083 1756 2109 which
1767 2085 1815 2110 the

208 2129 316 2166 gens,
346 2124 384 2154 et
417 2130 485 2166 per
514 2129 757 2166 consequens
791 2130 813 2154 a
844 2130 913 2155 suo
942 2118 1107 2155 termino
1136 2119 1338 2168 temporali
1368 2126 1536 2157 causata.
1550 2123 1676 2176 ξζξξξῗζὲ
1690 2116 1713 2143 is
1726 2117 1773 2143 ²¹³²

208 2187 408 2233 Quantum
429 2188 477 2225 ad
498 2188 752 2233 eternitatem,
773 2195 877 2237 patet
897 2200 943 2225 ex
965 2189 1039 2226 hoc
1054 2189 1159 2238 quod
1181 2189 1288 2227 Deus
1309 2203 1389 2228 non
1410 2197 1537 2239 potest
1550 2200 1571 2239 i..
1589 2201 1727 2239 eterna,-

207 2259 376 2307 incipere
393 2258 450 2296 vel
472 2258 644 2296 desinere
662 2259 873 2308 quidquam
893 2259 1115 2308 intelligere,
1138 2260 1245 2306 scire,
1264 2261 1322 2298 vel
1339 2261 1430 2298 velle
1448 2274 1457 2308 ;
1488 2274 1535 2299 ex
1549 2235 1814 2327 {sszgeagssgsslcffffizn

1578 2310 1593 2326 0
1616 2321 1622 2331 ,
1638 2310 1673 2326 an
1729 2310 1751 2326 is

209 2341 288 2377 quo
308 2341 397 2366 cum
419 2329 618 2378 posicione
635 2336 805 2367 creature
827 2330 999 2379 sequitur
1012 2331 1116 2379 quod
1137 2331 1304 2380 quelibet
1316 2331 1535 2370 huiusmodi
1548 2334 1783 2393 lffviffilreedffi.and

156 2414 197 2445 30
210 2399 257 2436 sit
276 2406 406 2436 eterna
423 2413 431 2437 :
463 2406 499 2437 et
520 2400 750 2437 antecedens
769 2407 874 2449 patet
894 2413 940 2437 ex
962 2400 1033 2438 hac
1059 2402 1226 2447 veritate,
1248 2402 1355 2451 quod
1378 2415 1458 2440 non
1478 2410 1533 2441 est
1547 2401 1739 2434 changeab1e;

208 2470 389 2519 possibile
411 2470 621 2520 quidquam
641 2470 721 2508 sore
742 2471 799 2508 vel
820 2471 934 2508 fuisse
959 2472 1031 2508 nisi
1053 2471 1161 2508 fuerit
1182 2472 1268 2509 Deo
1288 2485 1446 2522 presens
1459 2486 1468 2520 ;
1499 2481 1537 2512 et

208 2552 297 2577 cum
318 2541 499 2589 sequitur,
516 2541 555 2578 Si
575 2541 717 2589 aliquid
738 2542 784 2578 sit
805 2541 892 2579 Deo
913 2554 1081 2590 presens,
1102 2552 1193 2580 tunc
1214 2543 1339 2592 ipsum
1360 2544 1536 2592 intuetur,

209 2611 297 2657 vult,
318 2618 355 2648 et
385 2611 567 2660 intelligit,
585 2612 756 2661 sequitur
784 2612 982 2649 conclusio
1012 2620 1200 2661 quantum
1230 2614 1278 2651 ad
1298 2616 1536 2653 eternitatem

209 2681 428 2719 huiusmodi
449 2682 659 2721 racionum.
713 2682 929 2732 Sicutergo
950 2682 1056 2720 Deus
1081 2696 1182 2721 nunc
1204 2685 1273 2721 scit
1294 2697 1410 2723 omne
1431 2687 1537 2735 quod

157 2759 196 2789 35
210 2750 278 2788 fuit
307 2758 344 2789 et
373 2752 453 2797 erit,
475 2764 563 2789 cum
593 2763 694 2805 nunc
714 2752 813 2790 videt
834 2752 939 2802 quod
968 2759 1025 2790 est
1054 2765 1124 2802 pro
1155 2766 1226 2791 suo
1251 2760 1424 2804 tempore
1440 2768 1449 2802 3
1481 2757 1536 2794 sic

403 2855 443 2877 27.
462 2845 613 2877 Quantum
628 2845 650 2871 B
665 2853 670 2871 :
691 2846 763 2871 Exm
776 2847 801 2871 A
814 2846 846 2872 C.
1038 2848 1079 2872 28.
1098 2848 1146 2873 vel
1158 2847 1179 2872 B
1192 2855 1198 2873 z
1217 2857 1269 2874 om.
1284 2849 1308 2873 A
1319 2848 1350 2875 C.
