2008 3305
207 226 288 253 110

885 222 948 253 DE
982 222 1200 254 DOMINIO
1233 221 1408 253 DIVINO
1592 208 1697 268 [CAP.
1716 224 1812 251 xm.

483 336 619 374 decem
639 349 780 386 genera
801 344 838 374 et
858 348 937 374 non
965 337 1083 385 plura.
1142 337 1192 373 Et
1212 349 1301 374 curn
1322 337 1429 374 Deus
1450 334 1737 374 distinctissime
1758 337 1814 373 in-
1830 340 1926 382 [360

483 407 616 457 telligit
636 420 753 445 omne
773 420 906 457 genus,
929 408 996 444 sed
1023 407 1155 445 omnia
1179 413 1215 445 et
1242 407 1392 456 singula
1418 408 1500 445 eius
1530 407 1735 452 individua,
1756 419 1816 444 se-

483 478 610 527 quitur
629 478 735 528 quod
751 479 833 528 ipse
849 478 1136 515 distinctissime
1150 478 1276 515 noscit
1289 490 1494 515 numerum
1509 477 1791 515 individuorum
1807 490 1816 523 ;

482 554 520 585 et
548 548 601 585 sic
626 554 717 597 aput
744 560 833 585 eum
863 554 952 586 sunt
981 548 1190 585 certissime
1220 548 1337 585 finita.
1394 547 1595 585 Infinitum
1624 548 1728 585 enim
1758 560 1817 585 se-

484 618 654 656 eundum
683 618 789 668 quod
817 618 930 655 huius
960 618 1073 655 alicui
1103 624 1161 655 est
1191 618 1260 655 sibi
1290 618 1510 668 cognitum;
1541 625 1583 656 ut
1611 618 1849 659 multitudo5

484 701 601 738 quam
621 689 752 726 nescio
773 701 974 726 numerare
995 695 1064 734 est,
1087 694 1128 724 ut
1149 688 1214 734 sic,
1237 688 1330 725 mihi
1344 689 1552 738 incognita,
1569 689 1642 725 nisi
1659 688 1817 726 forsitan

484 760 523 795 in
544 759 729 804 confuso;
761 765 801 795 ut
831 759 912 796 scio
938 758 1045 808 quod
1071 758 1160 796 data
1180 758 1384 796 multitudo
1405 765 1462 796 est
1482 772 1552 808 par
1573 760 1643 797 sibi
1664 760 1738 809 ipsi
1759 760 1818 796 vel

484 830 602 877 alteri,
627 830 713 867 licet
734 830 912 879 ignorem
934 829 1104 878 speciem
1124 829 1271 866 numeri
1291 829 1558 868 mensurantis.
1619 829 1728 868 Patet
1747 830 1820 867 ista

485 900 682 938 sentencia
697 900 868 938 secundo
883 899 1179 949 Methaphisice,
1195 900 1247 938 xi.
1280 900 1382 938 Cum
1395 912 1488 949 ergo
1500 900 1608 938 Deus
1625 913 1705 938 non
1722 900 1820 937 sistit

486 971 525 1007 in
552 971 713 1009 confusa
741 971 896 1018 noticia,
926 970 994 1008 sed
1024 977 1198 1019 penetrat
1225 970 1508 1008 distinctissime
1543 970 1592 1007 ad
1624 983 1818 1008 summum
1834 979 1874 1001 10

485 1042 649 1091 gradum
688 1041 963 1091 cognoscibilis
998 1041 1275 1090 cuiuscunque,
1314 1046 1419 1090 patet
1451 1041 1557 1090 quod
1588 1041 1692 1090 apud
1729 1053 1818 1079 eum

486 1113 619 1150 omnia
657 1119 694 1150 et
736 1112 887 1161 singula
925 1118 1014 1149 sunt
1052 1111 1169 1148 finita.
1228 1111 1341 1148 Absit
1377 1111 1483 1161 quod
1515 1111 1660 1149 infinite
1691 1112 1819 1150 anime

486 1183 685 1221 Avicenne
705 1195 782 1219 una
803 1182 965 1220 sufficiat
992 1182 1168 1219 distincte
1190 1193 1429 1231 cognoscere
1454 1182 1533 1219 duo
1554 1187 1707 1231 quanta,
1729 1182 1818 1219 alia-

486 1267 561 1304 que
582 1255 656 1292 alia
676 1254 767 1300 duo,
787 1260 824 1291 et
845 1254 899 1291 sic
920 1254 961 1290 in
980 1253 1193 1290 infinitum:
1224 1259 1262 1290 et
1281 1252 1389 1290 Deus
1415 1264 1497 1290 non
1526 1252 1686 1290 sufficiat
1707 1253 1819 1290 simul

487 1325 772 1363 distinctissime
793 1336 1031 1373 cognoscere
1059 1324 1192 1360 omnia
1217 1323 1392 1360 distincte
1417 1323 1572 1372 cognita
1592 1324 1641 1360 ab
1660 1323 1817 1370 eisdem,
1835 1336 1873 1368 15

487 1408 577 1432 cum
598 1395 892 1432 intellectivitate
913 1399 950 1431 et
970 1393 1215 1442 perfeccione
1244 1405 1477 1442 quacunque
1493 1399 1691 1442 superaret
1706 1405 1818 1431 mon-

487 1472 680 1503 struosam
719 1465 1002 1502 multitudinem
1031 1464 1233 1501 infinitam.
1291 1463 1401 1500 Patet
1432 1475 1537 1512 ergo,
1568 1464 1638 1501 etsi
1666 1476 1734 1513 per
1762 1464 1819 1500 in·

487 1536 668 1586 possibile
698 1536 849 1585 species
880 1535 1049 1572 humana
1079 1535 1300 1583 simpliciter
1330 1534 1376 1572 sit
1406 1541 1546 1582 eterna,
1574 1534 1700 1572 adhuc
1721 1535 1818 1572 mul-

487 1607 610 1644 titudo
645 1606 862 1643 animarum
901 1613 937 1643 et
972 1605 1176 1643 hominum
1203 1605 1452 1642 solummodo
1487 1611 1544 1641 est
1576 1605 1693 1650 finita,
1729 1617 1819 1642 cum

488 1678 638 1726 species
658 1677 827 1714 hominis
848 1682 885 1714 et
905 1677 1082 1713 instantis
1103 1677 1177 1713 sint
1201 1682 1281 1713 tam
1307 1676 1474 1724 primum
1498 1687 1616 1724 quam
1642 1675 1819 1712 ultimum
1834 1693 1877 1714 20

487 1748 585 1785 illius
605 1747 767 1796 generis.
826 1746 996 1793 Quando
1017 1758 1111 1795 ergo
1133 1746 1279 1792 dicitur,
1302 1750 1310 1765 ‘
1327 1758 1406 1784 non
1436 1752 1493 1784 est
1522 1746 1613 1783 dare
1642 1746 1819 1783 ultimum

488 1818 696 1867 ‘temporis
716 1818 774 1855 vel
799 1818 952 1854 alterius
979 1815 1142 1866 speciei,’
1172 1817 1388 1866 intelligitur
1414 1817 1519 1866 quod
1547 1829 1626 1854 non
1651 1822 1707 1854 est
1732 1816 1821 1853 dare

488 1889 724 1926 individuum
755 1887 860 1937 quod
894 1888 1027 1925 ultimo
1060 1887 1241 1933 succedit,
1271 1887 1358 1925 licet
1387 1888 1535 1936 species
1560 1887 1578 1907 '¹‘
1609 1887 1743 1924 finiens
1773 1887 1866 1924 sitD

488 1966 576 1996 ante
597 1958 795 2008 quodlibet
815 1958 896 1995 eius
926 1957 1163 1994 individuum
1192 1964 1378 2007 tanquam
1407 1957 1652 2006 principium,
1673 1964 1711 1995 et
1731 1963 1820 2006 post

489 2029 688 2079 quodlibet
709 2029 790 2066 eius
812 2028 1051 2065 individuum
1072 2034 1257 2077 tanquam
1278 2028 1364 2064 finis
1377 2040 1388 2075 3
1418 2034 1455 2064 et
1478 2040 1547 2076 per
1576 2039 1819 2076 consequens
1835 2041 1873 2072 25

487 2107 545 2137 est
565 2101 730 2149 primum
752 2106 788 2136 et
807 2099 985 2136 ultimum
1005 2098 1102 2135 illius
1123 2098 1286 2147 generis,
1309 2098 1405 2135 sicut
1434 2097 1540 2135 Deus
1571 2104 1626 2135 est
1651 2098 1819 2146 primum

489 2177 525 2208 et
549 2171 726 2207 ultimum
746 2170 920 2207 universi.
980 2169 1089 2206 Patet
1117 2180 1211 2218 ergo
1238 2168 1354 2217 quod,
1384 2168 1480 2206 sicut
1511 2168 1618 2205 Deus
1649 2175 1707 2205 est
1736 2168 1822 2205 finis

488 2241 676 2287 omnium,
694 2241 748 2278 sic
770 2240 851 2276 finit
867 2240 1049 2277 continue
1063 2252 1072 2285 3
1104 2245 1140 2276 et
1164 2251 1232 2288 per
1249 2250 1492 2287 consequens
1508 2238 1634 2276 omnis
1651 2244 1822 2276 creatura

489 2312 537 2349 ad
558 2312 684 2360 ipsum
705 2310 924 2348 necessario
946 2316 1003 2347 est
1024 2310 1141 2347 finita.
1199 2309 1250 2346 Et
1271 2315 1375 2358 patet
1395 2321 1511 2358 quam
1528 2315 1822 2346 monstruosum

491 2382 584 2419 foret
604 2393 738 2430 genuS‚
761 2381 889 2430 posito
911 2380 1017 2429 quod
1043 2379 1152 2417 Deus
1181 2392 1249 2429 per
1278 2386 1430 2429 tempus
1460 2385 1634 2417 eternum
1664 2392 1686 2416 a
1714 2385 1820 2428 parte
1835 2391 1877 2422 30

490 2460 576 2490 ante
608 2457 793 2489 servasset
818 2451 982 2497 Petrum,
1014 2463 1037 2488 a
1067 2463 1144 2500 quo
1174 2451 1453 2500 processissent
1482 2450 1696 2488 secundum
1724 2451 1821 2487 limi-

489 2529 586 2560 tatas
608 2522 789 2571 periodos
810 2522 986 2560 homines
1007 2521 1152 2558 infiniti.
1211 2521 1310 2558 Illud
1337 2520 1494 2569 quidem
1514 2521 1707 2557 infinitum
1728 2521 1821 2558 hab-

489 2599 568 2630 eret
601 2593 833 2642 principium
872 2597 909 2629 et
948 2592 1091 2637 finem;
1120 2603 1253 2640 ymmo
1291 2591 1427 2628 eadem
1461 2591 1666 2639 generacio
1700 2592 1823 2639 potuit

523 2704 546 2719 2.
567 2694 618 2719 sed
627 2694 727 2719 omnia
739 2696 767 2719 et
779 2693 899 2725 singula
911 2693 972 2718 eius
985 2692 1141 2718 individua
1154 2692 1288 2723 sequitur
1304 2692 1382 2724 quod
1398 2692 1455 2723 szse
1473 2691 1691 2718 distinctzksz'me
1705 2692 1743 2717 B:
1764 2701 1818 2717 om.

490 2728 569 2786 stagia
585 2761 608 2785 Α
710 2735 732 2758 5.
753 2728 832 2758 quod
842 2736 895 2752 om.
914 2727 944 2752 B.
1096 2735 1135 2758 33.
1149 2734 1249 2757 ymmo
1264 2726 1303 2751 B:
1324 2734 1390 2757 ergo
1402 2726 1427 2750 A
1437 2725 1468 2751 C.
1581 2726 1733 2757 generacio
1748 2725 1769 2750 B
1780 2725 1819 2751 C:

654 2822 683 2852 9.
711 2811 809 2842 Arist.
831 2810 976 2851 Metaph.
995 2821 1023 2840 α.
1045 2820 1059 2840 2
1080 2820 1109 2850 p¹
1128 2819 1191 2850 994
1206 2809 1222 2839 b
1240 2809 1288 2850 (ii.
1311 2818 1344 2839 11
1367 2809 1455 2849 Opp.
1474 2810 1501 2839 8.
1522 2809 1542 2839 f.
1564 2808 1602 2838 16
1615 2807 1662 2848 C).
