2095 3278
194 178 280 216 444

196 572 222 598 A
235 571 336 604 higher
348 570 401 596 law
414 570 437 596 is

193 614 342 636 necessary
354 611 383 630 to

197 639 298 671 rectify
311 639 358 664 the
372 647 462 664 errors

197 673 230 698 of
239 673 342 698 human
353 672 463 704 judica-

196 711 268 732 ture.

374 1436 464 1469 VII.

201 1499 230 1524 It
244 1498 266 1524 is
279 1507 297 1524 a
308 1497 417 1525 wicked

197 1533 287 1564 judge
302 1533 364 1557 who

200 1566 213 1591 l<
221 1565 364 1598 nowingly
377 1575 419 1591 as-

201 1599 278 1632 sigus
290 1609 307 1624 a
321 1599 401 1631 thing
415 1605 443 1625 to

200 1633 258 1658 him
272 1633 334 1658 who
348 1633 370 1658 is
383 1638 432 1658 not

200 1666 262 1692 lord
275 1667 306 1692 of
316 1667 346 1698 it,

205 2424 259 2450 and
275 2424 295 2449 it
308 2432 378 2449 were
391 2432 408 2449 a

206 2458 312 2483 wicked
328 2458 379 2482 law

206 2492 296 2516 which
311 2491 410 2516 should

207 2525 313 2556 compel
328 2524 385 2550 him
398 2533 428 2550 so

205 2564 234 2584 to
248 2558 291 2584 do.

839 173 1042 205 RICARm
1075 175 1376 207 ARMACHANI
1853 161 1951 222 [Lm.
1975 179 2031 207 1v.

479 282 599 321 potest
626 288 706 311 esse
735 278 833 322 quod
858 285 944 322 ‘post
971 279 1044 313 tale
1074 278 1250 314 iudicium
1280 292 1337 314 res
1368 279 1579 315 adiudicate
1608 280 1740 315 iniuste
1766 286 1802 315 et
1825 278 1926 320 [4013

479 335 646 379 nequiter
676 335 897 378 detinentur,
932 336 1015 371 licet
1050 338 1172 381 quoad
1212 338 1311 381 leges
1345 338 1527 372 humanas
1561 338 1721 382 impune,
1753 339 1804 374 ita

479 393 579 437 quod
605 394 703 437 leges
734 401 818 428 sunt
848 393 941 428 iuste
967 394 1167 438 facientes;
1205 396 1305 440 quod
1334 402 1499 440 possunt,
1528 396 1701 440 quoniam
1727 408 1803 431 non

479 457 633 495 possunt
667 451 766 495 leges
801 452 963 486 humane
1002 459 1064 486 aut
1098 452 1237 487 iudices
1271 452 1806 497 investigarerconscieneias
1826 460 1854 490 G

480 509 683 550 hominum,
702 520 808 543 renes
835 510 1036 544 scrutando
1055 516 1091 544 et
1110 510 1233 553 corda,
1253 510 1351 554 quod
1373 511 1493 545 facere
1514 511 1626 545 solius
1646 519 1700 546 est
1720 512 1806 547 Dei.
1828 522 1848 553 5

482 566 624 611 Quibus
659 567 706 601 ob
734 567 804 601 hoc
835 567 1045 601 necessaria
1075 574 1131 602 est
1161 569 1219 602 lex
1249 568 1321 602 alia
1353 568 1422 603 illis
1456 569 1598 613 legibus
1634 570 1808 605 humanis

481 624 656 669 superior,
685 624 770 669 quia
802 636 932 659 renum
966 637 1010 659 ac
1045 625 1213 659 cordium
1241 633 1434 669 scrutator,
1466 638 1530 671 per
1559 638 1623 661 sue
1652 628 1807 663 ecclesie
1828 637 1894 668 qua
1911 634 1940 657 Β-

480 683 720 728 presidentes,
740 683 872 728 quibus
892 683 927 717 in
946 690 1086 718 secreto
1105 684 1218 718 utitur
1236 684 1446 727 iudicando,
1466 691 1528 718 aut
1546 696 1611 729 per
1629 697 1667 719 se
1686 685 1808 730 ipsum

480 741 517 774 in
543 747 661 775 morte
688 741 874 785 cuiusque,
892 747 955 775 aut
981 753 1047 785 per
1073 741 1262 776 inferiores
1290 742 1440 785 iudices,
1467 744 1630 786 angelos,
1657 743 1807 787 scilicet,

482 810 567 833 suos
593 798 780 833 ministros
808 798 1124 833 conscienciarum
1152 806 1312 834 rectores
1340 800 1388 834 ad
1415 800 1531 834 vitam
1565 801 1808 845 optinendam
1832 810 1870 831 10

480 863 655 899 eternam,
691 864 729 891 ut
764 857 817 891 sic
851 857 1008 891 distorta
1041 856 1230 900 rectificet,
1265 859 1406 902 pandat
1449 859 1603 902 occulta,
1639 860 1808 904 suppleat

481 915 673 958 diminuta,
692 922 726 950 et
745 915 978 959 infringibilis
1003 915 1146 950 iusticie
1171 916 1449 963 irrevocabilem
1474 917 1701 951 sentenciam
1727 929 1808 962 pro-

478 973 572 1008 ferat
592 980 718 1008 contra
735 974 866 1007 malos.
918 974 1027 1018 Quod
1045 981 1172 1008 autem
1192 974 1393 1008 existentes
1421 974 1457 1008 in
1483 981 1638 1019 peccato
1663 976 1809 1010 mortali
1827 975 1938 1002 contra
1956 972 2036 1002 mal—

483 1032 649 1075 heredes,
670 1031 864 1074 donatarii,
884 1038 946 1066 aut
965 1032 1177 1066 nominibus
1197 1033 1277 1066 aliis
1301 1032 1480 1066 similibus
1506 1045 1577 1078 que
1604 1034 1809 1068 dominium
1828 1025 1892 1046 om.
1911 1022 1942 1046 B·

484 1090 619 1124 iustum
646 1090 816 1124 videntur
841 1089 1038 1131 includere,
1064 1091 1111 1124 ab
1138 1090 1352 1124 hominibus
1379 1091 1622 1135 appellantur,
1644 1098 1700 1126 est
1726 1092 1812 1137 quia
1834 1099 1869 1131 15

484 1148 576 1182 tales
594 1159 676 1181 esse
695 1147 825 1181 merito
845 1153 1112 1191 supponuntur,
1133 1148 1217 1192 quia
1236 1147 1320 1182 iusti
1340 1160 1421 1183 esse
1445 1149 1622 1183 deberent
1639 1162 1648 1191 ;
1673 1161 1742 1184 nec
1768 1150 1813 1184 de

484 1205 666 1239 contrario
682 1204 788 1239 nobis
808 1212 971 1239 constat:
992 1206 1089 1239 unde
1108 1217 1152 1239 ex
1168 1205 1429 1240 nominacione
1445 1206 1509 1240 tali
1523 1206 1662 1251 vulgari
1678 1219 1813 1252 nequa-

485 1275 596 1308 quam
624 1270 756 1298 natura
782 1263 935 1298 dominii
962 1263 1095 1308 poterit
1123 1264 1267 1306 variari,
1299 1265 1398 1309 quod
1423 1276 1613 1310 nunquam
1639 1266 1817 1310 reperitur

484 1322 521 1356 in
540 1322 661 1367 aliquo
680 1322 749 1356 nisi
770 1322 815 1357 sit
834 1322 881 1356 ad
902 1322 973 1356 Dei
992 1322 1203 1366 ymaginem
1227 1328 1262 1357 et
1282 1322 1560 1358 similitudinem
1584 1324 1814 1359 reformatus.

534 1438 763 1472 IOHANNES.
789 1436 925 1471 Videre
953 1447 1026 1470 non
1054 1448 1208 1481 possum
1238 1437 1325 1481 quin
1354 1437 1412 1471 lex
1439 1436 1500 1471 illa
1525 1437 1571 1472 sit
1598 1438 1724 1483 iniqua
1749 1445 1811 1473 aut
1833 1444 1873 1465 20

483 1495 594 1537 fatua,
626 1506 697 1540 que
724 1495 823 1529 bona
853 1494 1070 1539 cuiusquam
1096 1494 1170 1528 veri
1197 1495 1338 1529 domini
1365 1507 1408 1529 ea
1434 1496 1657 1539 possidentis
1683 1503 1745 1531 aut
1769 1509 1813 1532 ea

483 1553 636 1588 forsitan
662 1564 737 1586 non
764 1552 948 1596 habentis,
969 1553 1005 1586 in
1032 1553 1084 1587 eis
1112 1554 1247 1587 iustum
1267 1553 1414 1587 titulum
1440 1565 1515 1588 non
1541 1554 1692 1589 habenti
1711 1555 1813 1590 adiu-

484 1611 608 1655 dicat;
637 1611 813 1656 quoniam
840 1611 1011 1645 conditor
1037 1611 1120 1645 talis
1147 1612 1250 1656 legis,
1277 1619 1339 1646 aut
1366 1612 1485 1655 iudex,
1513 1612 1542 1646 si
1571 1613 1692 1647 taliter
1718 1613 1813 1647 iudi--

485 1676 595 1711 caret,
626 1669 760 1714 impius
792 1669 821 1704 si
855 1668 1024 1711 scienter,
1055 1676 1118 1703 aut
1146 1670 1266 1703 fatuus
1297 1669 1326 1703 si
1361 1669 1572 1713 ignoranter
1605 1670 1643 1704 id
1677 1677 1813 1715 ageret,

484 1728 615 1761 merito
642 1733 875 1761 censeretur:
904 1727 1090 1771 quoniam,
1110 1727 1138 1761 si
1160 1727 1318 1761 scienter
1342 1727 1378 1760 id
1406 1727 1541 1762 faceret
1569 1728 1614 1762 de
1640 1740 1813 1772 perversa
1834 1739 1876 1771 25·

484 1782 718 1817 consciencia
743 1795 765 1817 a
788 1784 870 1817 Deo
897 1789 932 1817 et
958 1782 1171 1817 hominibus
1198 1789 1323 1827 posset
1351 1789 1414 1817 aut
1440 1783 1591 1818 deberet
1618 1784 1814 1828 redargui3

486 1840 516 1875 si
546 1852 634 1874 vero
665 1840 881 1885 ignoranter
910 1840 1033 1874 taliter
1065 1840 1255 1883 iudicaret,
1286 1847 1414 1884 posset
1444 1847 1554 1885 atque
1584 1841 1735 1876 deberet
1769 1842 1816 1876 de

486 1898 656 1932 carencia
683 1898 853 1941 sciencie,
881 1910 993 1943 quam
1021 1898 1129 1932 iudex
1155 1898 1276 1932 omnis
1303 1898 1414 1932 debet
1441 1905 1477 1932 et
1503 1905 1647 1933 tenetur
1666 1900 1815 1943 habere,

485 1956 617 1991 merito
641 1956 833 2000 increpari.

535 2016 764 2049 RICARDUS.
802 2015 860 2048 De
891 2013 1178 2058 reprehensione
1203 2014 1416 2058 ignorancie
1444 2014 1480 2048 in
1511 2014 1642 2058 iudice,
1669 2015 1730 2050 ubi
1757 2021 1813 2049 est
1833 2025 1874 2055 30

486 2073 680 2115 vincibilis,
700 2084 828 2106 verum
851 2072 942 2106 dicis
962 2085 968 2106 :
997 2073 1042 2106 de
1062 2072 1264 2106 invincibili
1285 2072 1512 2116 ignorancia,
1532 2073 1649 2117 qualis
1670 2079 1725 2108 est
1744 2073 1816 2107 ista

488 2131 524 2165 in
540 2143 627 2165 casu
642 2137 818 2175 pretacto,
832 2130 918 2175 quia
933 2137 987 2164 est
1003 2137 1172 2175 respectu
1187 2130 1419 2164 consciencie
1433 2130 1593 2173 alterius,
1607 2142 1677 2175 que
1695 2131 1818 2165 alieno

488 2197 615 2234 patere
642 2201 717 2222 non
744 2196 876 2234 potest,
896 2189 1057 2222 iudicem
1084 2199 1166 2222 esse
1192 2189 1534 2233 reprehensibilem,
1562 2189 1684 2223 minus
1710 2196 1817 2223 caute

488 2248 661 2281 affirmas.
715 2248 777 2281 Set
809 2246 969 2280 iudicem
1000 2247 1192 2280 veritatem
1226 2246 1370 2290 negocii
1406 2254 1681 2291 agnoscentem,
1715 2248 1816 2282 bona

489 2306 664 2349 cuiusque
691 2305 765 2338 veri
801 2304 942 2338 domini
979 2305 1081 2338 alteri
1116 2316 1189 2338 non
1224 2305 1376 2338 domino
1403 2316 1469 2348 per
1494 2304 1669 2339 iudicium
1696 2306 1813 2350 appli-
1834 2315 1872 2346 35

489 2370 648 2405 cantem,
669 2363 823 2407 impium
842 2374 923 2396 esse
945 2374 1082 2406 negare
1101 2374 1174 2396 non
1194 2374 1356 2407 possum,
1377 2374 1461 2396 cum
1480 2369 1607 2397 contra
1625 2363 1814 2397 conscien-

489 2422 585 2455 ciam
610 2428 748 2455 rectam
772 2421 1002 2462 sentenciet;
1030 2432 1098 2454 nec
1121 2428 1247 2464 posset
1273 2432 1355 2454 esse
1378 2422 1435 2454 lex
1453 2421 1548 2455 iusta
1567 2432 1637 2465 que
1656 2421 1816 2455 iudicem

489 2479 649 2523 aliquem
678 2479 730 2512 sic
755 2479 985 2512 sentenciare
1013 2480 1262 2522 compelleret,
1279 2479 1454 2522 quoniam
1475 2490 1665 2523 nunquam
1692 2486 1817 2524 posset

490 2539 547 2571 lex
575 2538 671 2571 iusta
695 2549 919 2581 quemquam
938 2538 985 2571 ad
1004 2538 1235 2582 peccandum
1259 2544 1388 2571 artare.
1441 2538 1523 2571 Nec
1548 2537 1702 2571 dubium
1727 2537 1814 2582 quin

491 2607 600 2630 omne
615 2597 714 2640 quod
733 2608 806 2629 non
823 2603 879 2630 est
894 2607 937 2629 ex
952 2596 1034 2638 fide,
1048 2595 1197 2637 scilicet,
1213 2602 1341 2629 contra
1354 2595 1637 2638 conscienciam,
1654 2602 1710 2629 est
1728 2607 1812 2640 pec·
1831 2612 1873 2642 40

490 2660 623 2696 catum,
644 2654 820 2698 quoniam
839 2654 886 2687 ad
906 2655 1012 2687 Rom.
1034 2653 1100 2687 xiv.
1122 2663 1176 2696 23,
1192 2653 1372 2695 scribitur,
1394 2654 1471 2698 Qui
1486 2657 1608 2686 aulem
1626 2654 1813 2696 discernit,

489 2713 524 2745 si
540 2713 835 2755 7mz72d7tcaverz't,
855 2713 1082 2756 (lmnfinalzts
1100 2716 1162 2754 ess,
1178 2713 1268 2755 quial
1287 2723 1360 2745 72072
1377 2723 1424 2744 ex
1435 2712 1541 2755 fide;
1566 2723 1670 2745 omne
1692 2715 1815 2745 autem

490 2771 590 2814 qnod
604 2782 675 2804 man
695 2775 748 2804 est
765 2771 896 2815 effide
906 2773 1097 2815 fleccalum
1117 2774 1193 2804 est:
1220 2769 1279 2803 ubi
1300 2770 1488 2814 apostolus
1515 2769 1672 2803 intendit
1692 2775 1815 2803 osten-
