2008 3305
223 224 308 253 CAP.
332 209 408 268 1v.]
679 222 824 254 LIBER
856 221 1079 256 TERTIUS.
1744 225 1824 268 233

101 343 202 386 e'oD]
217 349 285 386 per
321 337 499 374 meritum
537 336 648 375 huius
687 337 768 375 Viri
807 339 1064 388 principaliter
1112 338 1158 376 sit
1206 338 1386 376 ablatum.
1452 338 1547 376 Eius

215 407 371 456 quidem
391 408 638 446 conversacio
662 420 811 446 summe
832 409 1025 446 meritoria
1044 409 1083 446 in
1104 409 1341 458 plenitudine
1362 410 1546 458 temporis

215 478 391 516 ordinata
419 485 477 516 est
510 479 741 528 principium
770 480 964 517 vivificans
1000 480 1199 530 quodlibet
1228 480 1331 518 aliud
1366 481 1545 518 meritum

214 549 452 599 subsequens
471 549 529 587 vel
550 550 774 598 precedens.

181 626 199 657 5
270 618 470 665 Quantum
495 619 543 657 ad
572 626 698 669 partes
720 620 978 658 conclusionis
1008 621 1212 670 proposite,
1234 626 1338 670 patet
1367 633 1414 658 ex
1436 621 1546 659 dictis

213 689 261 727 de
282 690 583 728 annichilacione
604 690 710 740 quod
730 690 848 737 Deus,
872 691 903 728 si
928 691 1160 729 annichilare
1180 691 1317 740 poterit
1338 691 1580 757 quemlibetjzs
1593 700 1811 759 ffgpgssnihssa·

213 761 367 797 beatum
387 767 476 809 post
496 767 836 810 quantumcunque
862 762 1052 808 meritum,
1074 769 1204 810 posset
1225 762 1278 799 sic
1300 761 1543 799 anichilando
1557 752 1646 793 ti'onis
1655 766 1822 800 impossible,

120 838 200 867 81A
212 831 421 880 respicere:
443 831 546 880 quod
564 832 793 880 supponitur
812 844 896 869 esse
914 832 1150 881 impossibile
1171 845 1218 869 ex
1235 832 1428 881 predictis.
1461 831 1479 852 '¹‘
1493 833 1543 870 Et

212 901 380 939 secunda
405 914 492 951 pars
520 902 567 939 de
593 903 869 940 resurrectione
889 909 1129 941 mortuorum
1149 909 1253 952 patet
1273 915 1321 941 ex
1342 903 1417 941 hoc
1438 904 1543 954 quod
1556 908 1813 977 iriutsliassetcziscsserffi

158 981 198 1003 10
210 971 317 1009 Deus
355 984 447 1009 suos
485 972 765 1011 strenuissimos
802 973 952 1018 milites,
991 980 1032 1010 ut
1070 980 1225 1012 sanctos
1263 975 1461 1023 apostolos
1506 982 1543 1012 et
1554 975 1608 1002 11⁵2
1627 976 1719 1009 again·

208 1042 393 1088 martires,
433 1043 645 1080 secundum
684 1044 982 1092 congruenciam
1022 1056 1088 1082 sue
1127 1044 1422 1093 magnificencie
1462 1057 1542 1083 non

209 1114 373 1162 premiat
408 1113 469 1151 hic
504 1113 543 1150 in
572 1114 654 1160 via‚·
685 1114 772 1151 ideo
803 1114 1026 1164 relinquitur
1054 1115 1159 1164 quod
1189 1115 1262 1152 sint
1292 1116 1541 1154 resurrecturi

208 1183 306 1221 ultra
344 1183 647 1233 condignitatem
687 1185 744 1222 sui
782 1186 904 1222 meriti
943 1185 1169 1234 premiandi.
1246 1185 1295 1223 Et
1343 1186 1436 1223 illud
1482 1193 1541 1224 est

208 1260 476 1303 argumentum
506 1255 670 1304 apostoli
705 1268 719 1292 1
755 1254 844 1293 Cor.
866 1268 925 1292 xv.
952 1268 1021 1304 19:
1054 1255 1110 1302 Si,
1133 1256 1269 1305 inquit,
1294 1258 1333 1294 in
1362 1257 1432 1294 hac
1461 1258 1539 1294 vila

156 1327 192 1360 1'5
208 1329 348 1362 lanium
370 1326 410 1362 in
430 1324 581 1363 Christo
600 1330 786 1374 sperantes
805 1339 942 1372 sumus,
963 1327 1247 1365 miserabiliores
1275 1340 1403 1364 sumus
1423 1329 1539 1365 omni-

207 1396 272 1433 bus
291 1396 507 1433 hominibus.
554 1396 604 1433 Et
624 1396 754 1446 quoad
775 1397 964 1445 premium
985 1403 1158 1435 eternum
1178 1397 1439 1447 temporaliter
1451 1411 1538 1448 pro-

205 1466 399 1512 merentis,
415 1472 519 1515 patet
532 1467 637 1516 quod
657 1466 731 1504 hoc
744 1468 920 1516 congruit
933 1468 1223 1516 magnificencie
1236 1468 1309 1506 Dei
1322 1469 1452 1506 nostri.
1488 1468 1538 1506 Et
1550 1470 1607 1496 and

1549 1513 1573 1530 c.
1588 1504 1649 1529 that
1662 1512 1698 1529 an
1711 1504 1817 1530 eternal

204 1535 333 1585 quoad
365 1548 508 1585 penam
537 1543 721 1584 eternam,
747 1543 852 1586 patet
882 1538 989 1587 quod
1020 1538 1082 1575 illa
1111 1545 1168 1576 est
1196 1539 1414 1586 iustissima,
1447 1552 1536 1577 cum
1550 1537 1750 1563 rewardisre·

204 1607 419 1644 obstinacio
461 1607 508 1644 sit
546 1614 732 1656 perpetua
769 1620 846 1658 qua
884 1609 1071 1657 prescitus
1109 1609 1189 1646 vult
1228 1609 1281 1647 sic
1320 1571 1649 1648 eternaliterserved
1662 1571 1704 1598 for
1717 1580 1759 1598 us.

151 1687 192 1709 20
204 1688 370 1715 manere.
428 1677 530 1715 Cum
550 1690 644 1727 ergo
660 1677 768 1715 Deus
788 1690 868 1716 non
890 1679 1082 1716 beatificat
1098 1679 1302 1717 violentem
1323 1693 1394 1718 nec
1410 1687 1537 1730 potest

203 1747 257 1784 sic
289 1755 516 1796 peccantem
550 1748 780 1794 beatificare,
811 1761 899 1786 cum
929 1756 1109 1798 peccator
1139 1750 1224 1788 talis
1256 1762 1327 1788 nec
1355 1751 1433 1789 vult
1463 1764 1536 1790 nec

201 1823 327 1867 potest
346 1825 548 1868 peccatum
569 1818 772 1868 deponere,
788 1819 959 1869 sequitur
975 1820 1079 1869 quod
1100 1833 1196 1870 pura
1216 1821 1362 1859 iusticia
1381 1822 1536 1872 requirit

202 1887 524 1937 dampnacionem
553 1895 779 1938 perpetuam
803 1902 874 1939 pro
896 1897 1058 1939 peccato
1084 1891 1123 1927 in
1153 1898 1329 1929 sanctum
1351 1892 1534 1942 Spiritum

201 1970 301 2008 eque
342 1971 497 2008 magno.
556 1959 729 2006 Quilibet
765 1966 897 1998 tamen
936 1961 1166 2010 dampnatus
1213 1974 1364 2012 semper
1408 1969 1535 2013 potest

149 2036 187 2067 25
200 2035 400 2078 peccatum
422 2030 621 2076 dimittere,
645 2031 712 2068 sed
742 2043 822 2068 non
842 2031 958 2070 illud:
987 2039 1025 2069 et
1046 2032 1100 2070 sic
1122 2032 1255 2070 salvari
1275 2040 1414 2082 potest,
1436 2034 1533 2071 sicut

201 2106 238 2136 et
267 2099 359 2137 illud
387 2106 590 2148 peccatum
624 2106 749 2150 potest
782 2102 1141 2150 contingentissime
1174 2115 1254 2140 non
1288 2102 1402 2141 fuisse
1419 2116 1429 2150 3
1465 2104 1533 2142 sed

199 2181 279 2207 non
311 2176 438 2219 potest
468 2170 642 2209 desinere
673 2171 731 2210 vel
766 2171 893 2218 deleri,
925 2172 1024 2221 quia,
1056 2173 1086 2210 si
1118 2180 1184 2221 est,
1207 2180 1264 2211 est
1293 2181 1530 2223 perpetuum.

199 2238 302 2276 Nam
329 2240 525 2288 dyabolus,
551 2241 670 2287 Iudei‚
693 2242 750 2279 vel
774 2242 994 2292 quicunque
1021 2243 1082 2280 alii
1111 2244 1235 2282 finalis
1259 2244 1529 2293 impenitencie

199 2310 379 2347 obstinati
417 2323 497 2348 non
536 2319 702 2361 possunt
738 2319 827 2361 post
866 2313 956 2350 illud
994 2320 1197 2362 peccatum
1235 2321 1393 2364 propter
1425 2315 1530 2355 illam

154 2382 184 2411 B
202 2379 219 2399 ’¹‘
251 2380 466 2418 induratam
494 2382 713 2430 superbiam
743 2383 932 2421 meritorie
962 2384 1145 2433 penitere.
1220 2385 1327 2422 Deus
1357 2398 1463 2434 ergo,
1495 2386 1526 2426 si

197 2456 355 2499 negaret
380 2451 656 2489 beatitudinem
683 2453 864 2501 legittime
889 2453 1108 2501 decertanti,
1136 2456 1166 2492 si
1193 2455 1439 2494 annichilaret
1457 2469 1528 2506 pro

196 2521 406 2558 ministerio
428 2519 541 2571 (sicut
568 2522 724 2560 indubie
751 2529 880 2572 posset
907 2525 937 2561 si
958 2524 1096 2576 vellet),
1117 2526 1354 2563 iniuriaretur
1379 2526 1527 2565 homini

195 2589 406 2637 manifeste,
429 2592 517 2641 quia
545 2605 653 2630 suam
680 2593 1014 2642 magnificenciam
1042 2602 1210 2644 negaret,
1232 2603 1268 2634 et
1295 2609 1364 2645 per
1391 2609 1526 2635 conse-

195 2671 318 2708 quens
348 2672 387 2699 se
418 2661 543 2711 ipsum
573 2675 617 2700 ae
648 2662 773 2712 legem
802 2665 1021 2714 propriam3
1052 2666 1157 2715 quod
1184 2679 1263 2704 non
1290 2673 1427 2716 potest.
1486 2668 1525 2706 Si

142 2741 180 2775 35
195 2730 297 2768 enim
329 2731 433 2781 leges
468 2739 592 2771 create
625 2740 714 2771 sunt
743 2734 840 2772 adeo
873 2747 941 2785 per
972 2747 1011 2773 se
1040 2736 1136 2773 iuste
1164 2737 1270 2786 quod
1304 2737 1409 2776 Deus
1444 2751 1524 2777 non

330 2825 369 2843 12.
389 2817 449 2843 sint
463 2817 500 2844 B:
532 2820 602 2844 sunt
614 2818 681 2846 AC.
1045 2830 1084 2853 17.
1104 2821 1183 2854 quod
1194 2822 1233 2849 B:
1253 2832 1307 2850 om.
1321 2823 1388 2850 AC.
