2008 3305
214 218 302 247 CAP.
325 207 400 260 1v.]
670 216 814 247 LIBER
847 215 1070 249 TERTIUS.
1732 209 1811 252 227

103 336 194 375 780]
209 330 335 368 iudicii
355 337 426 368 stet
446 343 467 368 a
488 330 641 377 dextris,
657 337 693 368 et
713 343 782 380 per
801 342 1042 379 consequens
1062 336 1103 366 ut
1120 329 1296 367 beatifice
1316 328 1534 378 premietur.

209 400 371 450 Oportet
391 407 519 438 tamen
541 400 644 450 quod
664 400 772 437 Deus
801 400 1061 449 principaliter
1083 399 1197 438 faeiat
1223 411 1295 436 nos
1325 399 1377 436 sic
1398 398 1536 447 dignos

206 471 309 508 iuxta
328 471 419 508 illud
436 471 519 508 Col.
540 471 561 508 i.
583 482 640 515 12,
659 469 821 507 Gracz'as
837 475 980 518 agentes
999 469 1079 506 Deo
1099 470 1225 515 Patri,
1240 470 1308 517 qui
1324 481 1387 505 nos
1407 469 1538 516 dignos

193 542 295 591 fecit
329 542 368 577 z'n
398 545 545 590 partem
578 542 689 578 sortis
721 545 942 577 sanctorum.
1019 539 1114 577 Ideo
1146 538 1273 587 Apok.
1304 538 1352 575 iii.
1390 550 1412 583 4
1448 537 1538 574 dicit

177 623 195 654 5
210 611 371 657 Veritas,
393 610 649 648 Ambulabunl
661 623 794 648 mecum
817 612 856 647 z'n
877 610 972 647 albis
991 610 1284 659 quz'dzgnz'sunl.
1340 608 1391 645 Et
1408 606 1538 657 quoad

209 681 434 730 dignitatem
465 693 576 730 pene,
608 693 724 718 nemo
756 681 925 726 dubitat;
973 692 1063 718 cum
1096 679 1212 716 Rom.
1247 678 1269 716 i.
1306 690 1367 726 32,
1399 678 1541 715 scribat

209 752 404 800 apostolus
429 750 507 797 Qui
519 753 611 788 talia
631 755 748 800 agunt
765 752 876 800 degni
890 755 978 788 sunl
995 754 1118 787 morse.

267 821 444 859 Secundo
470 833 648 870 suppono
675 821 781 870 quod
810 827 1024 859 creaturam
1054 819 1288 858 racionalem
1320 820 1455 857 mereri
1491 818 1537 856 de
1551 824 1723 884 {gssurtu‘gffiy
1735 824 1769 849 dc

211 904 383 941 congruo
404 891 451 928 sit
468 892 590 941 ipsam
610 892 756 937 mereri,
784 892 857 929 hoc
878 898 946 936 est,
968 890 1190 941 dignificare
1218 902 1259 927 se
1280 890 1329 927 ad
1349 889 1541 938 premium
1598 867 1622 890 g
1677 877 1683 888 ’

165 975 197 1003 D
212 975 259 999 ex
280 960 541 999 con*decente
570 962 655 1010 lege
685 962 892 1011 magnifica
918 974 963 999 ac
986 961 1161 1010 graciose
1183 960 1374 997 iuvamine
1404 959 1541 997 Domi-

213 1033 362 1070 nantis:
395 1032 448 1070 sic
477 1033 581 1069 enim
608 1040 646 1070 et
671 1045 751 1070 non
775 1033 882 1070 aliter
900 1038 1027 1082 potest
1052 1038 1225 1069 creatura
1249 1043 1271 1068 a
1298 1030 1385 1069 Deo
1405 1029 1542 1067 mereri

212 1103 358 1153 premia
377 1109 531 1152 propter
560 1103 806 1141 condiciones
833 1102 1125 1152 magnificencie
1152 1114 1217 1139 sue
1248 1113 1397 1138 summe
1423 1107 1541 1149 grate.

213 1173 354 1211 Mereri
392 1180 518 1211 autem
558 1174 604 1211 de
643 1174 838 1222 condigno
877 1180 935 1211 est
973 1185 1123 1210 servum
1163 1185 1202 1209 se
1234 1172 1454 1221 dignificare
1491 1170 1541 1207 ad
1554 1181 1602 1203 not
1614 1177 1649 1202 de
1660 1176 1806 1208 condzgrm,

213 1244 476 1293 recipiendum
504 1245 694 1293 premium
715 1257 738 1282 a
766 1256 837 1282 suo
866 1245 1061 1294 preposito
1082 1243 1131 1280 ad
1161 1243 1214 1280 sic
1246 1241 1541 1279 ministrandum

163 1327 199 1359 15
214 1326 285 1363 pro
305 1315 361 1351 sui
381 1314 599 1363 indigeneia
613 1315 796 1363 deputato
817 1329 824 1352 :
855 1321 891 1352 et
912 1315 965 1352 sic
981 1321 1148 1351 meretur
1164 1319 1336 1351 creatura
1357 1313 1406 1349 ab
1425 1312 1542 1349 altera
1555 1326 1587 1376 ἓξ
1597 1317 1794 1376 ἓὲιὲἵξὲἰετνεε

214 1387 318 1423 bona
338 1385 483 1423 domini
513 1385 783 1434 dispensante3
815 1397 895 1422 non
924 1385 1028 1422 enim
1057 1396 1143 1421 reor
1166 1390 1378 1421 creaturam
1408 1383 1543 1420 mereri
1555 1390 1692 1411 creature-

215 1457 264 1493 ab
285 1456 399 1493 altera
419 1456 491 1493 nisi
507 1456 633 1493 solum
653 1456 701 1493 de
716 1456 925 1504 condigno,
964 1455 1111 1492 Taliter
1123 1461 1250 1492 autem
1271 1460 1328 1490 est
1348 1453 1542 1503 operarius

214 1526 360 1564 domini
390 1527 614 1575 temporalis
643 1526 782 1575 dignus
811 1526 1029 1563 mercedem
1053 1527 1103 1562 ab
1127 1538 1173 1562 eo
1199 1525 1378 1573 recipere.
1437 1524 1543 1562 Con-

215 1597 374 1646 dignum
412 1597 516 1635 enim
558 1597 646 1635 dicit
693 1601 947 1647 congregatam
986 1598 1199 1646 dzgnz‘lalem
1239 1597 1277 1633 in
1320 1595 1542 1642 ministerio,

163 1681 204 1704 20
216 1668 384 1714 excluso,
406 1674 582 1717 respectu
601 1668 833 1718 premiantis,
850 1668 957 1705 titulo
978 1668 1106 1717 gracie
1126 1667 1175 1704 ad
1196 1667 1426 1713 mercedem,
1441 1667 1545 1703 iuxta

215 1739 305 1775 illud
326 1739 501 1787 apostoli,
523 1738 637 1776 Rom.
654 1739 727 1776 viii.
747 1740 807 1785 18,
822 1737 911 1775 lVon
931 1743 1019 1775 sunt
1036 1738 1212 1786 condzgne
1221 1738 1416 1787 passiones
1435 1737 1546 1774 huius

215 1810 383 1858 temporis
412 1809 658 1859 adfuturam
680 1810 858 1858 gloriam.
932 1809 982 1846 Et
1016 1816 1120 1858 patet
1151 1808 1257 1858 quod
1291 1808 1451 1857 dignum
1489 1814 1546 1844 est

217 1880 390 1928 superius
411 1879 460 1916 ad
486 1879 734 1928 condignum.
793 1879 897 1917 Nam
918 1892 1034 1917 omne
1062 1880 1204 1916 iustum
1225 1879 1304 1916 fieri
1325 1891 1347 1915 a
1371 1884 1545 1915 ereatura

217 1950 401 1987 racionali
437 1950 495 1987 vel
542 1950 835 1999 quomodolibet
882 1950 992 1988 alicui
1039 1957 1094 1987 est
1146 1950 1307 1998 dignum
1352 1950 1454 1995 fieri;
1503 1956 1545 1986 ut

166 2026 204 2058 25
219 2021 379 2069 dignum
412 2026 468 2058 est
499 2021 603 2070 quod
635 2021 743 2058 Deus
776 2034 823 2058 ex
858 2021 1085 2059 condicione
1119 2021 1176 2058 sui
1207 2020 1340 2069 magni
1385 2019 1545 2058 dominii

219 2098 358 2141 prestet
405 2091 521 2128 servis
573 2091 650 2128 suis
697 2092 828 2129 omnia
875 2093 1087 2129 necessaria
1135 2092 1185 2129 ad
1232 2091 1470 2136 merendum,
1510 2097 1546 2128 et

219 2168 307 2211 post
326 2173 393 2199 eos
422 2162 581 2210 premiet
601 2162 786 2211 graciose.
845 2162 972 2200 Omne
1002 2162 1107 2199 enim
1137 2162 1243 2211 quod
1273 2161 1398 2211 placet
1424 2161 1546 2210 prime

219 2232 363 2270 iusticie
379 2238 415 2269 et
436 2244 614 2281 supremo
633 2232 805 2269 Domino
827 2232 906 2269 fieri
927 2232 966 2268 in
980 2238 1060 2269 toto
1082 2245 1150 2270 suo
1167 2232 1339 2270 dominio
1361 2238 1418 2269 est
1438 2230 1548 2268 valde

221 2302 376 2351 dzgnum
396 2306 430 2339 el
447 2304 581 2340 iustum
601 2303 692 2348 fieri,
707 2302 798 2352 quia
812 2300 869 2353 (ut
889 2309 991 2352 patet
1011 2300 1217 2353 posterius)
1231 2301 1368 2340 volicio
1389 2301 1472 2339 eius
1492 2307 1549 2338 est

168 2381 209 2412 30
222 2373 278 2410 ius
298 2373 474 2422 primum.

276 2443 363 2481 Istis
397 2443 607 2492 suppositis
640 2449 743 2492 patet
777 2443 893 2481 tercio
923 2443 1121 2481 conclusio
1151 2443 1377 2492 supradicta.
1446 2441 1548 2479 Nam
1562 2456 1584 2474 c·
1603 2447 1703 2473 Hence
1716 2455 1781 2472 man

227 2514 461 2563 impossibile
489 2521 547 2551 est
577 2520 788 2552 creaturam
816 2513 903 2551 Deo
930 2514 969 2550 in
996 2514 1124 2563 aliquo
1154 2513 1378 2559 ministrare,
1400 2514 1472 2550 nisi
1501 2526 1549 2551 ex
1563 2481 1823 2547 {?¹}32¹21¹{g‡{{{{‘e

257 2635 280 2658 6.
301 2632 411 2658 scribat
424 2633 448 2658 A
460 2632 483 2658 C
496 2639 501 2658 :
521 2632 620 2658 scribit
635 2632 665 2657 B.
756 2642 793 2657 10.
816 2632 977 2664 magnffica
990 2632 1015 2657 A
1025 2631 1048 2657 C
1062 2638 1068 2657 2
1087 2632 1283 2664 magne-'ficata
1298 2632 1329 2657 B.
1420 2634 1458 2657 18.
1479 2641 1550 2657 mer·

222 2667 316 2692 cedem
329 2666 401 2691 AC:
423 2666 549 2691 mercede
563 2666 596 2692 B.
677 2675 716 2698 23.
737 2668 879 2691 creatura
890 2666 916 2690 A
927 2665 963 2691 C:
982 2667 1094 2691 natura
1110 2665 1140 2690 B.
1213 2667 1252 2691 28.
1273 2666 1359 2691 valde
1371 2666 1495 2698 dignum
1510 2665 1549 2691 B:

223 2700 346 2732 dignum
358 2700 444 2725 valde
456 2700 481 2724 A
495 2699 526 2725 C.

228 2795 277 2825 28.
304 2794 400 2825 Valde
415 2793 480 2834 (for
497 2794 590 2834 Vere)
602 2793 741 2834 dtgnum
759 2798 789 2824 et
805 2794 942 2831 iustum,
954 2793 1039 2824 cited
1052 2794 1136 2824 from
1148 2794 1204 2825 the
1216 2804 1320 2825 canon
1334 2795 1371 2825 of
1383 2794 1438 2825 the
1455 2806 1550 2826 mass.

859 2867 881 2897 Q
906 2868 923 2891 2
