2095 3278
289 201 492 234 RICARDI
526 200 826 233 ARMACHANI
857 200 920 231 DE
953 199 1196 231 PAUPERIE
1232 196 1544 230 SALVATORIS.

133 311 229 353 3813]
250 306 362 337 transit
384 316 457 337 cum
480 309 572 346 pater
587 305 688 336 iustus
709 304 837 335 decedit
855 308 911 335 aut
931 302 1063 344 impiuS,
1081 307 1112 334 et
1133 302 1221 343 quod
1245 299 1424 341 aliquando
1445 299 1574 341 penitus

249 361 420 399 evanescit,
438 360 619 391 dominium
635 371 654 390 a
671 359 766 390 titulo
783 359 945 400 ymaginis
961 358 1068 388 divine
1086 357 1297 397 distinguens.

292 415 508 446 Undecimum
525 414 705 455 capitulum
721 414 938 445 differenciani
962 418 992 444 et
1014 406 1278 443 convenienciam
1301 410 1383 440 inter
1398 408 1570 449 possessio·
1593 416 1641 439 11.

250 479 324 500 nem
340 469 521 500 naturalem
538 473 569 500 et
586 469 715 500 civilem
732 468 883 506 ostendit,
901 473 932 498 et
949 466 1077 498 civilem
1094 465 1247 496 describit
1264 469 1361 505 atque
1377 463 1557 503 distinguit.

214 531 232 562 5
296 524 539 563 Duodecimum
563 524 744 565 capitulum
768 523 921 564 patefacit
944 522 1032 562 quod
1054 521 1160 552 civilis
1181 519 1341 561 possessio
1363 529 1426 549 non
1448 523 1495 549 est
1511 518 1569 555 ius,
1594 526 1641 547 12.

249 582 280 609 et
298 579 385 620 quod
407 583 453 610 est
475 580 588 610 titulus
610 579 787 620 aliquando
811 577 994 609 communis
1015 581 1046 608 et
1069 575 1246 617 aliquando
1272 574 1429 615 proprius,
1447 583 1573 613 semper

8 633 169 673 :re-ghend.
189 640 218 663 B.
246 633 417 664 distinctus
440 644 459 664 a
482 634 630 665 dominio
653 635 705 665 cui
729 633 978 674 correspondet;
1005 632 1046 663 ad
1071 634 1193 672 quanta
1217 630 1322 660 eciam
1346 640 1380 660 se
1404 628 1571 666 extendit3

246 693 278 719 et
294 687 376 718 alias
392 688 568 728 particulas
585 688 815 729 descripcionis
832 687 1044 729 possessionis
1060 686 1165 717 civilis
1183 684 1334 715 declarat.

293 742 443 773 Tercium
467 743 629 774 decimum
653 743 844 784 capitulum,
868 743 908 772 de
931 752 989 772 usu
1014 740 1206 782 procedente
1230 750 1248 769 a
1272 739 1360 769 civili
1383 748 1487 769 rerum
1513 737 1568 767 do·
1592 749 1639 779 13,

194 804 232 825 10
251 797 352 827 minio
368 798 549 838 disputans,
567 798 723 839 patefacit
742 798 829 839 quod
845 797 984 828 donacio
1006 800 1114 837 potest
1136 794 1203 825 fieri
1224 804 1281 834 per
1297 792 1570 824 communieacio-

247 862 322 882 nem
344 852 449 883 civilis
469 852 616 890 dominii,
635 863 701 883 non
722 863 779 893 per
803 851 1136 883 communicacionem
1157 848 1372 890 possessionis
1398 847 1517 883 solius3
1542 851 1573 877 et

246 906 334 947 quod
350 906 523 937 translacio
542 907 645 938 civilis
662 906 799 938 dominii
816 917 881 937 non
898 911 946 937 est
969 910 1060 936 aetus
1084 904 1221 935 dominii
1241 904 1300 933 nisi
1322 913 1378 943 per
1402 902 1574 939 accidens;

247 961 388 992 obiciens
410 972 448 992 ae
470 961 650 992 dissolvens
667 962 806 1002 qualiter
821 961 1019 992 donaciones
1036 958 1209 1000 magnifice
1231 963 1305 989 sunt
1329 961 1418 988 actus
1435 956 1573 994 virtutis,

246 1015 322 1047 licet
345 1026 410 1046 non
434 1015 497 1046 sint
521 1021 612 1048 actus
634 1016 790 1047 dominii:
827 1021 858 1047 et
880 1019 1112 1055 consequenter
1135 1013 1289 1054 explanat
1313 1022 1375 1053 que
1398 1011 1574 1042 translacio

193 1077 229 1108 15
249 1070 386 1101 dominii
402 1081 456 1101 seu
475 1071 690 1111 possessionis
702 1071 843 1112 proprie,
861 1080 923 1111 que
940 1070 1047 1100 minus
1064 1069 1205 1110 proprie,
1224 1067 1410 1108 appellatur
1434 1066 1574 1097 donacio

245 1136 300 1156 seu
317 1130 407 1156 actus
423 1125 569 1156 dominii.

290 1180 450 1220 Quartum
471 1180 634 1210 decimum
656 1179 834 1221 capitulum
851 1180 891 1210 de
907 1178 1151 1220 permutacione
1174 1180 1206 1207 et.
1220 1176 1412 1207 vendicione
1428 1181 1569 1217 pertrac-
1592 1186 1640 1218 14.

245 1238 318 1265 tans
342 1244 573 1275 consequenter
596 1235 729 1276 inquirit
756 1234 902 1275 nunquid
927 1234 998 1264 sola
1022 1231 1322 1264 communicacione
1346 1231 1412 1261 sive
1435 1230 1571 1261 transla-

247 1289 340 1320 cione
363 1289 469 1320 civilis
492 1289 629 1320 dominii
653 1294 761 1330 potest
784 1289 853 1320 fieri
877 1299 941 1319 una
966 1287 1070 1319 civilis
1093 1287 1245 1324 donacio,
1270 1285 1482 1327 permutacio,
1506 1286 1573 1316 sive

192 1357 231 1379 20
249 1343 408 1381 vendicio,
427 1344 654 1375 affirmativam
675 1344 859 1383 ostendens,
876 1342 1019 1374 obiciens
1040 1341 1211 1373 difficulter
1228 1346 1259 1371 et
1281 1340 1517 1382 multipliciter,
1534 1351 1572 1371 ac

247 1399 437 1431 dissolvens.

292 1453 451 1493 Quintum
478 1453 640 1485 decimum
668 1453 846 1494 capitulum
875 1453 1002 1494 prolixe
1029 1452 1175 1493 disputat
1198 1455 1230 1482 et
1253 1450 1385 1491 inquirit
1412 1449 1569 1491 numquid
1592 1458 1639 1489 15.

246 1507 334 1549 leges
354 1508 489 1540 ecclesie
508 1518 565 1549 per
585 1508 674 1549 leges
694 1509 798 1539 iustas
819 1508 989 1538 hominum
1011 1512 1148 1548 possunt
1169 1506 1327 1546 restringi,
1346 1510 1401 1536 aut
1417 1506 1498 1536 iuste
1514 1515 1571 1545 per

247 1573 301 1595 eas
326 1564 367 1594 ad
394 1563 541 1595 facienda
567 1563 688 1594 iudicia
712 1562 892 1604 prohiberi,
919 1562 1106 1603 negativam
1138 1561 1320 1592 racionibus
1347 1565 1379 1591 et
1406 1560 1573 1600 scripturis

190 1628 228 1659 25
246 1619 418 1649 affirmans.

291 1673 424 1705 Sextum
452 1673 615 1705 decimum
643 1673 822 1715 capitulum
848 1672 1003 1714 patefacit
1029 1671 1117 1713 quod
1143 1681 1238 1702 omne
1266 1669 1361 1701 civile
1387 1668 1568 1700 dominium
1589 1673 1638 1705 16.

244 1728 345 1759 libere
361 1733 468 1769 potest
484 1729 591 1770 respui
607 1739 679 1759 cum
696 1728 838 1759 offertur.

289 1783 464 1814 Decimum
489 1783 663 1824 septimum
691 1783 869 1824 capitulum
894 1782 934 1812 de
962 1782 1160 1822 proprietate
1187 1783 1396 1821 pertractanS,
1423 1778 1566 1810 ostendit
1587 1788 1635 1822 17.

245 1837 324 1878 quid
340 1843 399 1876 est,
416 1843 447 1869 et
464 1838 601 1879 qualiter
615 1848 680 1868 non
696 1842 743 1868 est
760 1848 833 1869 cum
850 1837 997 1868 dominio
1014 1836 1100 1866 idem
1117 1835 1261 1877 omnino.

189 1903 229 1934 30
291 1893 465 1924 Decimum
483 1899 634 1924 octavum
655 1892 847 1933 capitulum,
864 1896 1064 1932 pertractans
1079 1890 1118 1921 cle
1135 1890 1202 1920 iure
1218 1889 1327 1920 utendi
1345 1888 1442 1926 civili,
1463 1893 1565 1919 osten·
1589 1892 1636 1923 18.

246 1947 292 1978 dit
306 1948 445 1989 qualiter
459 1958 478 1978 a
495 1948 641 1978 dominio
653 1952 684 1978 et
698 1958 717 1977 a
729 1947 928 1988 proprietate
940 1945 1152 1986 distinguitur
1164 1955 1171 1983 ;
1192 1949 1223 1976 et
1240 1944 1351 1982 obicit,
1366 1953 1404 1973 ac
1417 1943 1567 1974 dissolvit

245 2002 416 2033 ostendens
432 2002 519 2044 quod
536 2002 670 2044 plenum
688 2002 735 2033 ius
752 2001 863 2032 utendi
880 2006 986 2042 potest
1002 2000 1034 2031 in
1051 2000 1162 2041 aliquo
1179 2010 1247 2030 esse
1263 2000 1330 2029 sine
1347 1999 1506 2029 dominio.

290 2058 464 2088 Decimum
487 2067 609 2087 nonum
633 2056 813 2098 capitulum
837 2056 937 2086 obicit
961 2055 1000 2086 de
1024 2059 1099 2086 actu
1122 2053 1394 2094 consumpcionis‚
1414 2058 1444 2084 et
1469 2053 1566 2084 solvit
1588 2055 1635 2088 19.

23 2116 106 2150 iuste
117 2127 183 2148 non
196 2125 227 2148 B.
246 2112 421 2152 multiplici
437 2112 578 2150 racione,
596 2112 733 2142 suadens
750 2110 837 2151 quod
854 2114 959 2151 potest
975 2120 1040 2140 non
1058 2109 1137 2140 iuste
1153 2108 1289 2139 domino
1306 2107 1485 2139 convenire.

187 2178 226 2209 35
290 2166 488 2197 Vicesimum
517 2166 697 2207 capitulum
728 2165 848 2206 pariter
875 2165 915 2196 de
946 2165 1062 2196 eodem
1089 2164 1200 2202 obicit,
1229 2168 1260 2194 et
1290 2163 1451 2200 dissolvit,
1479 2162 1566 2193 idem
1586 2166 1636 2189 20·

246 2221 415 2252 ostendens
432 2221 559 2252 racione
577 2226 607 2251 et
624 2221 728 2262 eciam
744 2219 908 2250 decretali.

199 2282 227 2311 G
289 2276 490 2307 Vicesimum
504 2275 643 2316 primum
657 2275 836 2316 capitulum
850 2274 1022 2314 investigat
1040 2272 1178 2314 qualiter
1193 2272 1210 2291 ’¹‘
1223 2283 1262 2303 ex
1278 2271 1383 2303 verbis
1404 2271 1569 2302 donatoris
1590 2280 1638 2302 21.

245 2335 278 2361 et
301 2331 467 2362 voluntate
492 2330 593 2372 ipsius
616 2329 803 2371 agnoscitur
825 2329 956 2370 quando
980 2328 1120 2359 donacio
1144 2332 1319 2366 exercetur,
1344 2332 1375 2357 et
1399 2327 1439 2358 de
1463 2327 1570 2356 modis

247 2386 404 2416 adhibitis
420 2385 452 2415 in
468 2385 619 2415 donando
636 2384 748 2414 diffuse
764 2384 863 2414 obicit
880 2388 912 2414 et
928 2382 1086 2414 dissolvit.

188 2450 230 2481 40
291 2440 492 2472 Vicesimum
517 2439 692 2470 secundum
719 2438 898 2479 capitulum
923 2437 1095 2478 specialius
1116 2437 1290 2477 investigat
1319 2436 1468 2476 numquit
1497 2445 1570 2466 con·
1592 2446 1640 2467 22.

248 2495 449 2536 sumpcionis
466 2505 542 2526 usus
558 2498 666 2536 potest
683 2493 818 2525 concedi
835 2493 902 2523 sine
918 2492 1131 2523 abdicacione
1147 2491 1294 2522 dominii.

23 2556 89 2597 ins]
105 2566 169 2587 om,
184 2564 213 2588 B.
291 2550 492 2580 Vicesimum
508 2549 643 2580 tercium
660 2549 700 2580 de
716 2549 782 2579 iure
804 2548 914 2579 utendi
937 2551 968 2578 et
985 2547 1023 2578 de
1044 2547 1187 2588 simplici
1208 2557 1267 2577 usu
1289 2546 1366 2577 sacti
1388 2545 1519 2586 inquirit
1536 2549 1567 2576 et
1590 2554 1638 2583 23.

245 2609 371 2643 tractat,
390 2604 486 2635 finem
503 2609 619 2646 quarto
636 2604 720 2634 libro
737 2604 917 2644 imponens.

295 2740 522 2773 IOHANNES.
552 2738 631 2771 Iam
654 2737 700 2771 de
724 2736 946 2781 proprietate
970 2747 1090 2770 rerum
1114 2735 1232 2780 primo
1251 2735 1334 2769 volo
1358 2741 1396 2768 ut
1420 2740 1565 2776 tractes,
1589 2735 1616 2768 Ι.

188 2811 228 2842 45
249 2797 333 2843 quia
361 2797 564 2842 proprietas
590 2795 734 2830 videtur
759 2795 948 2840 quoddam
974 2806 1055 2829 esse
1080 2793 1307 2828 dominium:
1343 2804 1428 2827 ecce
1456 2792 1566 2835 enim,

882 2867 904 2891 F
927 2853 944 2889 f
962 2866 979 2889 2

1777 195 1861 241 435
