2008 3305
178 205 263 232 off.
279 190 373 247 vir]
655 199 800 230 LIBER
832 198 1028 229 PRIMUS.

66 320 160 361 1613]
176 315 373 364 quodlibet
414 320 470 350 est
515 313 604 351 satis
644 312 846 361 possibile;
897 323 1037 359 corpus
1079 317 1206 348 autern
1250 310 1419 347 converti
1463 310 1501 346 in

176 386 358 435 spiritum,
380 385 437 421 vel
467 389 633 429 econtra,
660 390 716 420 est
745 383 994 432 impossibile.
1053 382 1169 428 Quid,
1198 392 1330 430 queso,
1359 392 1503 417 novum

175 456 273 493 foret
293 456 324 493 si
339 455 445 492 Deus
465 454 651 491 minucias
670 453 949 490 elementorum
965 452 1179 490 secundum
1196 452 1312 488 alium
1328 450 1503 488 ordinem

175 531 448 575 conpangeret,
470 532 511 562 ut
537 525 607 562 alie
635 525 757 562 forme
782 524 1021 573 superaddite
1045 523 1296 561 resultarent?
1355 523 1503 559 Revera

147 596 304 642 5nichil,
336 596 407 633 nisi
436 595 540 645 quod
569 595 706 633 eadem
735 594 936 632 multitudo
966 594 1012 631 sit
1041 594 1145 632 aliter
1168 593 1390 630 inmutativa
1416 604 1503 629 sen-

178 680 300 713 suum,
319 666 422 716 quod
443 673 500 704 est
520 665 682 716 qualitas
702 665 915 703 sensibilis:
946 671 983 702 et
1004 665 1057 702 sic
1079 664 1126 702 de
1148 664 1228 701 aliis
1244 663 1504 701 accidentibus

175 738 338 783 variatis,
379 744 420 774 ut
459 736 742 785 complexione,
782 736 927 781 virtute,
968 742 1039 773 ete.
1116 734 1233 772 Unde
1271 734 1373 770 illam
1412 745 1503 770 ean-

177 808 265 845 dem
295 807 577 845 multitudinem
607 818 688 844 esse
719 818 871 855 corpus,
894 806 1003 855 quasi
1033 804 1274 842 habitualiter
1301 803 1504 840 fundatum

177 878 226 915 ad
252 878 452 927 qualitates
479 877 698 914 huiusmodi
726 883 762 914 et
789 884 914 914 cetera
944 875 1163 914 accidencia
1186 874 1503 917 conservandum,

127 960 165 982 10
178 949 331 998 ponitur
359 947 482 985 forma
511 947 775 985 substancialis
801 946 1049 995 superaddita
1078 957 1198 995 penes
1228 944 1503 994 philosophos:

177 1018 284 1068 quod
309 1030 397 1055 cum
424 1018 569 1056 accidat
596 1017 747 1066 corpori
774 1023 900 1066 potest
926 1017 1207 1054 racionabiliter
1230 1015 1355 1052 vocari
1383 1015 1506 1064 prima

177 1089 382 1138 disposicio
402 1088 646 1126 accidentalis
667 1100 742 1137 qua
762 1094 935 1125 movetur
956 1099 1096 1136 corpus
1117 1086 1166 1124 ad
1192 1086 1266 1123 alia
1286 1085 1506 1123 accidencia

177 1159 478 1197 subiectandum.
534 1159 585 1196 Et
614 1160 725 1196 istam
753 1171 838 1196 reor
868 1170 950 1196 esse
985 1158 1224 1195 sentenciam
1255 1157 1505 1206 antiquorum

178 1230 412 1279 ponencium
445 1230 703 1267 latitacionem
737 1229 912 1267 omnium
947 1228 1154 1266 formarum
1189 1229 1227 1265 in
1261 1227 1378 1265 chaos
1413 1239 1506 1264 con-

128 1300 277 1346 15fUSO,
317 1306 358 1337 ut
400 1300 530 1338 recitat
567 1300 793 1337 Aristoteles
833 1299 959 1348 primo
1000 1299 1254 1343 Phisicorum,
1294 1298 1418 1347 primo
1457 1297 1505 1335 de

181 1370 458 1416 Generacione‚
493 1377 530 1408 et
563 1371 651 1407 alibi
691 1370 817 1408 multis
856 1370 959 1407 locis.
1033 1369 1340 1407 Conveniencius
1377 1375 1506 1405 autem

180 1441 326 1479 videtur
346 1442 474 1478 sensui
495 1441 698 1490 Scriptum,
715 1441 838 1478 verbis
858 1440 1084 1485 Aristotelis,
1107 1447 1222 1489 atque
1242 1439 1356 1489 vulgi,
1371 1450 1507 1475 vocare

181 1512 262 1549 illas
296 1512 438 1561 primas
475 1511 755 1561 disposiciones
790 1511 1010 1548 huiusmodi
1046 1517 1281 1548 attomorum
1315 1522 1382 1559 per
1412 1521 1509 1558 quas

182 1583 387 1620 multitudo
433 1588 633 1620 conservat
673 1582 925 1631 quantitatem
964 1588 1001 1619 et
1041 1581 1262 1631 qualitatem
1306 1587 1343 1618 et
1386 1585 1510 1618 cetera

131 1666 170 1687 20
183 1665 325 1702 genera
357 1652 576 1698 accidentis,
604 1653 765 1702 formas
799 1652 1070 1697 substanciae-r,
1107 1664 1180 1701 que
1217 1664 1239 1688 a
1273 1652 1385 1700 signo
1420 1663 1509 1688 nos-

184 1730 319 1760 cuntur
349 1723 527 1772 specifice
554 1723 688 1760 variari
719 1722 933 1760 secundum
958 1722 1216 1760 variacionem
1246 1722 1510 1759 aecidencium

143 1794 420 1832 Osensibilium
447 1806 522 1843 que
549 1794 650 1843 ipsas
677 1793 894 1830 naturaliter
914 1800 1179 1830 consecuntur.
1235 1792 1285 1829 Et
1307 1793 1358 1829 sic
1375 1794 1393 1815 ’¹‘
1426 1799 1514 1828 sunt

184 1865 303 1902 multe
341 1865 489 1913 species
523 1864 745 1902 animalium
778 1871 815 1902 et
849 1864 1064 1909 herbarum,
1099 1871 1141 1900 ut
1174 1864 1262 1901 dicit
1298 1863 1491 1913 Scriptura
1503 1875 1512 1908 ;

185 1935 300 1973 multe
321 1936 443 1973 eciam
471 1935 749 1973 elementorum
775 1935 933 1984 species,
956 1936 1054 1972 sicut
1080 1942 1117 1972 et
1143 1934 1394 1979 mineralium,
1418 1934 1514 1982 lapi-

135 2025 149 2045 2
155 2025 171 2056 5
186 2007 291 2052 dum,
305 2013 342 2043 et
357 2006 478 2043 eciam
493 2005 747 2043 metallorum.
794 2004 937 2042 Sensus
953 2012 1081 2042 autem
1095 2005 1290 2054 utriusque
1306 2004 1515 2053 posicionis

187 2077 333 2114 videtur
352 2076 642 2125 philosophicus
664 2088 756 2113 sane
776 2082 899 2124 aptus,
922 2075 1011 2124 quia
1030 2086 1168 2112 omnes
1191 2075 1409 2112 substancie
1430 2086 1514 2111 cor-

187 2160 316 2196 poree,
339 2147 467 2196 quoad
491 2146 705 2184 essenciam
725 2145 998 2194 precedentem
1018 2157 1153 2193 genus,
1175 2145 1437 2194 quantitatem,
1459 2144 1516 2181 vel

188 2229 436 2256 communem
456 2217 690 2265 qualitatem,
709 2223 797 2253 sunt
817 2216 918 2265 paris
939 2215 1188 2261 condicionis,
1206 2216 1301 2252 sicut
1321 2221 1358 2252 et
1378 2227 1516 2252 omnes

190 2288 405 2326 substancie
440 2288 665 2336 incorporee
695 2286 910 2324 adinvicem
939 2286 1196 2323 conveniunt:
1237 2286 1305 2323 sed
1333 2292 1419 2335 post
1449 2286 1516 2322 ad-

137 2376 176 2405 30
189 2358 289 2395 venit
317 2357 440 2395 forma
470 2357 527 2394 vel
556 2357 763 2406 disposicio
798 2356 1065 2394 substancialis
1095 2356 1240 2393 faciens
1266 2356 1370 2405 quid,
1401 2362 1437 2392 et
1463 2355 1515 2392 sic

189 2433 339 2477 oportet
367 2439 439 2465 nos
469 2427 529 2465 hic
561 2427 768 2476 plurimum
802 2432 880 2463 tam
915 2426 1058 2464 formas
1092 2426 1367 2463 substanciales
1401 2437 1517 2474 quam

191 2497 337 2546 species
372 2498 571 2546 ignorare5
617 2497 718 2545 quia,
754 2508 843 2533 cum
881 2497 1154 2545 cognoscimus
1192 2496 1442 2540 substancias‚
1476 2502 1518 2532 ut

190 2568 410 2617 plurimum,
445 2568 483 2604 in
519 2568 594 2604 suis
629 2556 901 2612 accidentibus,
937 2566 1110 2614 capimus
1145 2565 1398 2604 communiter
1431 2565 1519 2602 loco

227 2662 265 2678 12.
283 2661 343 2685 qua
355 2655 488 2678 movetur
498 2652 604 2678 conieci
619 2661 624 2678 :
642 2652 722 2678 codd.
738 2660 836 2684 quam.
905 2661 943 2683 17.
964 2660 1066 2677 vocare
1080 2651 1103 2676 B
1116 2658 1121 2676 :
1144 2660 1197 2676 orn.
1213 2651 1238 2676 A
1249 2650 1280 2677 C.
1346 2660 1388 2676 20.
1399 2649 1520 2681 formas

192 2686 251 2712 13²:
262 2686 363 2718 forme
375 2686 401 2710 A
410 2686 432 2711 B
442 2686 450 2703 ¹
460 2686 493 2712 C.
538 2695 578 2718 27.
599 2686 799 2718 quantitatem
811 2685 837 2710 A
848 2684 871 2711 C
882 2692 887 2710 :
908 2685 1084 2717 quz'dz'tatem
1100 2685 1130 2710 B.
1184 2686 1223 2710 28.
1237 2685 1324 2716 paris
1337 2684 1362 2709 A
1374 2684 1396 2709 B
1407 2692 1464 2715 mg.
1477 2683 1500 2710 C
1511 2690 1518 2709 Ζ

185 2722 290 2752 partes
304 2719 326 2744 B
340 2724 407 2744 text.
477 2729 516 2752 32-
537 2720 676 2751 ignorare
689 2727 742 2744 om.
756 2719 788 2743 B.

268 2796 315 2827 15.
341 2786 441 2818 Arist.
457 2787 552 2828 Phys.
572 2787 591 2818 i.
611 2798 631 2827 4
647 2797 677 2828 p.
699 2787 780 2826 1873
805 2785 856 2816 De
873 2785 992 2816 Gener.
1008 2789 1040 2816 et
1057 2785 1211 2825 Corrupt.
1229 2785 1249 2815 i.
1271 2794 1283 2814 1
1303 2795 1334 2825 p.
1354 2793 1426 2825 314.

775 2860 796 2884 E

1725 195 1779 234 49
