2008 3305
205 230 292 258 CAP.
315 215 455 274 xvrn]
679 228 823 259 LIBER
856 227 1053 259 PRIMUS.

91 346 188 387 58A]
204 343 327 380 raliter
346 343 393 380 de
413 343 487 380 Dei
508 343 679 380 volencia
700 343 956 392 contingente,
979 355 1055 392 qua
1070 342 1277 380 volieiones
1297 341 1526 379 universales

201 420 405 450 causantur
419 426 466 450 ex
481 413 731 451 volieionibus
753 413 1017 462 singularibus,
1034 420 1070 450 et
1086 420 1254 451 econtra.
1303 412 1528 450 Voliciones

202 484 324 521 eciam
341 496 524 533 generum
545 492 581 522 et
602 484 817 533 specierum
831 491 1038 521 causantur
1050 497 1097 521 ex
1113 483 1365 521 volieionibus
1387 483 1526 520 diffini-

202 555 358 591 cionum
383 560 419 591 et
448 554 691 592 divisivarum
712 554 896 603 parcium,
919 566 1007 591 cum
1028 554 1236 592 volieiones
1266 553 1462 591 causando
1488 566 1526 590 se

158 630 188 658 B
203 625 345 662 habent
366 623 384 644 '¹‘
406 625 456 662 ad
475 625 694 670 volieiones,
716 625 813 662 sicut
833 625 947 661 volita
976 624 1119 661 habent
1146 636 1186 662 se
1216 623 1264 661 ad
1284 624 1423 669 volita3
1453 636 1527 661 nec

201 696 340 733 relacio
364 702 496 745 posset
524 708 607 733 esse
633 707 702 744 per
731 707 771 732 se
795 696 980 732 terminus
1011 695 1188 733 accionis.
1247 695 1344 732 Ideo
1372 695 1528 731 libertas

203 777 282 802 non
313 772 439 814 potest
471 778 555 803 esse
584 766 709 815 primo
743 773 919 814 respectu
948 765 1146 803 volieionis
1181 765 1400 802 huiusmodi
1433 765 1527 801 rela-

201 838 287 875 tive.

1726 225 1799 268 171

258 908 368 954 Item,
389 909 420 946 si
449 921 567 947 causa
596 916 633 947 et
659 916 857 946 causatum
882 908 1058 945 dicuntur
1087 906 1136 944 ad
1165 905 1318 955 aliquid,
1340 918 1407 954 per
1426 905 1527 942 idern
1539 921 1562 939 c.
1581 912 1796 939 God’sfirstact

1540 946 1572 972 of
1581 946 1636 972 will
1650 947 1699 972 has
1712 956 1729 972 a

151 990 191 1012 10
203 979 395 1027 completa
415 991 531 1016 causa
560 986 597 1017 et
617 980 852 1028 completum
872 984 1071 1016 causatum
1095 977 1218 1014 eciam
1240 982 1510 1013 convertuntur
1517 988 1526 1022 ;
1541 981 1678 1012 complete
1691 988 1775 1006 cause

202 1049 269 1086 sed
279 1050 424 1098 primus
437 1057 545 1087 actus
557 1050 651 1087 liber
658 1049 744 1088 Deo
758 1050 984 1086 intrinsecus
997 1054 1054 1085 est
1066 1047 1298 1096 completum
1313 1053 1509 1084 causatum
1517 1058 1527 1092 ;

202 1131 295 1169 ergo
314 1119 429 1157 habet
455 1132 612 1158 causam
637 1120 880 1170 completam.
940 1118 1044 1155 Nam
1066 1118 1096 1155 si
1126 1124 1207 1155 tota
1225 1129 1340 1155 causa
1360 1129 1427 1154 sua
1448 1130 1527 1155 non
1541 1121 1683 1154 requiring
1697 1130 1733 1147 no

202 1190 350 1234 sufficit,
383 1196 532 1239 oportet
566 1191 615 1228 ad
645 1203 730 1228 esse
760 1202 872 1227 suum
901 1189 1156 1238 superaddere
1186 1200 1328 1226 novam
1358 1200 1526 1225 causam.

203 1259 303 1296 Cum
332 1273 425 1309 ergo
445 1260 617 1298 Verbum
647 1268 684 1298 et
713 1261 889 1298 raciones
917 1260 1155 1308 exemplares
1185 1271 1301 1308 supra
1321 1259 1528 1296 volieiones

150 1339 187 1370 15
201 1330 421 1368 huiusmodi
450 1332 718 1380 contingentes
748 1331 890 1368 habent
920 1330 1134 1379 completas
1155 1342 1291 1367 causas
1319 1342 1367 1367 ex
1389 1330 1528 1379 quibus

200 1400 408 1439 formaliter
435 1409 703 1447 consecuntur,
730 1409 766 1439 et
795 1407 951 1439 causata
979 1400 1156 1438 inferiora
1184 1400 1327 1437 habent
1355 1401 1405 1437 ad
1434 1412 1528 1438 con-

201 1472 363 1510 formem
383 1485 540 1510 sensum
562 1485 696 1511 causas
716 1472 939 1521 completas,
962 1484 1035 1521 que
1056 1471 1159 1509 racio
1181 1471 1355 1520 specialis
1375 1470 1471 1509 foret
1490 1471 1529 1507 in

201 1543 273 1580 illis
301 1543 497 1592 signabilis
524 1544 617 1593 quin
637 1556 704 1593 per
730 1543 834 1580 idem
859 1543 1115 1580 resistendum
1144 1549 1246 1580 esset
1273 1543 1312 1579 in
1333 1542 1529 1591 quolibet?

202 1613 462 1651 Consu-matur
490 1614 711 1663 tripliciter;
745 1615 889 1664 primus
921 1626 968 1651 ex
1001 1613 1076 1651 hoc
1106 1614 1211 1663 quod
1245 1614 1392 1663 primus
1421 1619 1530 1650 actus

149 1697 190 1718 20
201 1684 295 1722 liber
325 1685 568 1722 necessitaret
607 1684 735 1722 Deum
764 1685 813 1721 ad
846 1684 1038 1733 agendum
1073 1685 1289 1734 sequencia,
1321 1696 1411 1722 cum
1450 1696 1530 1721 non

200 1761 327 1803 potest
346 1755 545 1792 accionem
564 1756 645 1792 eius
666 1755 902 1804 suspendere
926 1767 997 1792 nec
1018 1755 1139 1792 vicem
1160 1755 1241 1792 eius
1262 1754 1437 1804 supplere
1457 1766 1529 1792 nec

200 1824 343 1874 aliquid
363 1825 431 1862 sed
459 1825 529 1862 nisi
548 1837 617 1874 per
637 1837 677 1863 se
707 1826 835 1874 ipsum
864 1825 1023 1863 adextra
1051 1825 1276 1875 producere.
1335 1824 1526 1870 Secundo,

200 1907 269 1943 per
295 1894 369 1932 hoc
390 1895 495 1944 quod
519 1895 628 1933 datus
654 1902 772 1942 actus,
794 1908 884 1934 curn
914 1896 1067 1933 liberius
1097 1896 1143 1933 sit
1173 1895 1380 1945 productus
1411 1906 1529 1944 quam

201 1966 414 2015 quidquam
435 1966 537 2003 aliud
557 1966 799 2015 productum,
820 1966 917 2004 foret
936 1973 1024 2004 ante
1046 1979 1158 2004 suum
1179 1978 1262 2004 esse
1283 1979 1306 2003 a
1326 1966 1413 2003 Deo
1435 1977 1528 2015 cog-

162 2047 189 2076 o
203 2037 302 2073 nitus
322 2048 367 2073 ac
387 2036 523 2073 volitus
543 2037 709 2074 causari:
739 2049 826 2074 cum
847 2037 933 2074 ideo
954 2044 1013 2074 est
1032 2037 1122 2086 quia
1143 2036 1250 2074 Deus
1271 2036 1348 2074 vult
1366 2035 1384 2055 '¹‘
1402 2037 1529 2085 ipsum

203 2119 298 2153 esse,
321 2113 357 2143 et
377 2119 445 2155 per
465 2119 709 2156 consequens
721 2107 857 2146 volicio
878 2120 953 2157 qua
974 2107 1081 2145 Deus
1105 2108 1182 2144 vult
1202 2108 1329 2157 ipsum
1350 2119 1445 2152 esse,
1462 2119 1528 2144 ne-

202 2177 355 2214 cessitat
369 2177 497 2225 ipsum
513 2177 738 2226 producere,
753 2184 793 2215 ut
807 2178 855 2215 de
872 2178 953 2215 aliis
969 2184 1026 2215 est
1046 2185 1244 2227 argutum:
1266 2178 1358 2227 quia
1375 2190 1464 2215 cum
1483 2178 1528 2214 sit

202 2247 468 2295 contingenter
484 2248 694 2296 productus
707 2254 785 2284 tam
800 2248 928 2294 libere,
938 2261 985 2286 ex
999 2261 1143 2298 magna
1158 2248 1420 2293 ordinacione,
1435 2260 1527 2285 con-

202 2318 409 2363 siliacione,
430 2318 488 2354 vel
508 2318 755 2367 providencia
785 2326 841 2355 est
870 2319 1092 2368 productuS,
1113 2319 1252 2368 quibus
1279 2319 1392 2368 plene
1412 2319 1528 2356 unitis

148 2406 189 2436 30
201 2388 398 2425 habebitur
418 2389 623 2426 necessitas
643 2389 885 2427 antecedens.
942 2389 1092 2436 Tercio,
1116 2402 1184 2438 per
1203 2390 1276 2428 hoc
1298 2389 1403 2438 quod
1423 2389 1527 2438 prius

202 2458 418 2495 naturaliter
434 2466 489 2497 est
502 2466 609 2497 actus
625 2459 852 2508 contingens
866 2472 982 2508 quam
1002 2460 1064 2497 ille
1084 2466 1192 2497 actus
1212 2466 1270 2497 est
1285 2460 1526 2509 contingens,

201 2534 239 2564 et
258 2540 326 2577 per
346 2541 588 2578 consequens
608 2530 713 2578 prius
733 2529 950 2567 naturaliter
969 2536 1144 2567 causatur
1158 2542 1181 2567 a
1200 2529 1287 2568 Deo
1308 2537 1414 2568 actus
1434 2542 1526 2568 con-

201 2598 353 2646 tingens
374 2611 490 2648 quam
509 2599 569 2636 ille
590 2600 832 2637 antecedens.
881 2599 1042 2637 Videtur
1061 2612 1109 2637 ex
1130 2600 1205 2638 hoc
1227 2600 1331 2649 quod
1352 2600 1526 2637 absolute

202 2668 418 2705 necessario
438 2674 494 2705 est
515 2669 766 2717 contingens3
797 2676 833 2707 et
854 2669 884 2707 si
905 2676 962 2707 est
981 2670 1222 2718 contingens,
1244 2670 1370 2707 divina
1390 2670 1527 2707 volicio

235 2792 259 2815 6.
274 2792 331 2822 per
341 2799 369 2815 se
383 2791 523 2817 terminus
538 2790 559 2816 B
572 2798 577 2816 :
602 2791 648 2816 t'is
661 2791 685 2816 A
698 2798 703 2816 :
724 2800 805 2817 omne
817 2793 884 2824 (per
894 2800 922 2817 se
935 2791 1003 2823 mg.)
1019 2792 1064 2817 t’is
1078 2792 1107 2817 C.
1215 2801 1255 2824 ²4-
1275 2792 1436 2824 quidquam
1450 2792 1475 2817 A
1486 2791 1524 2817 Cz

202 2824 348 2855 quidquid
359 2824 391 2849 B.
495 2826 535 2850 28.
555 2825 752 2857 contingenter
764 2826 804 2850 A:
825 2826 990 2857 contingens
1004 2825 1026 2850 Β
1036 2825 1067 2851 C.

1540 1155 1647 1181 further
1660 1164 1750 1181 cause.

1577 1826 1602 1852 ii.

1574 2403 1614 2431 iii.
