2095 3278
48 176 135 206 CAP.
156 160 302 220 XV111.]
621 172 684 204 DE
718 171 960 205 PAUPERIE
992 172 1306 206 SALVATORIS.
1783 175 1867 219 407

158 274 253 316 32A]
269 276 389 311 causis
423 276 589 320 sublatis,
623 276 763 311 nullum
798 282 891 311 artet
926 274 994 311 sibi
1037 286 1112 311 non
1149 277 1358 312 necessaria
1390 277 1594 322 possidere,

267 334 436 380 quamvis
455 335 516 370 illa
533 334 649 380 possit
674 335 766 369 iuste
791 334 1052 370 nichilominus
1070 346 1263 379 occupare.
1315 335 1427 370 Unde
1447 342 1593 370 constat
1606 341 1657 367 but
1671 346 1718 368 not
1731 339 1759 380 {n
1773 341 1820 367 the

266 392 375 437 quod,
389 392 475 437 quia
491 399 608 427 status
626 393 741 427 nostri
760 392 867 437 primi
885 392 1059 437 parentis,
1075 391 1136 437 qui
1156 392 1376 427 constitutus
1396 399 1452 428 est
1469 405 1492 427 a
1510 394 1593 428 Deo
1606 375 1811 435 {zztgeefmno-

265 450 383 485 tocius
408 451 535 484 mundi
562 451 669 485 huius
695 450 876 486 inferioris
900 450 1119 495 prepositus,
1137 462 1181 484 ac
1207 450 1415 495 specialiter
1440 457 1479 485 ut
1506 462 1592 495 ope-

49 518 158 548 supra,
175 518 231 549 pp.
264 515 404 543 raretur
423 508 641 543 Paradisum
659 515 695 544 et
713 509 912 544 custodiret
936 509 1037 543 illum
1058 507 1112 552 (ut
1139 509 1342 553 precedens
1368 508 1478 543 istum
1504 509 1594 544 liber

50 560 113 591 340
129 562 217 592 seqq·
266 565 455 610 ostendit),
491 566 611 610 exegit
643 572 682 601 ut
718 566 913 610 subiugata
954 577 1020 600 suo
1054 565 1220 600 dominio
1262 566 1475 609 custodiret,
1517 577 1592 601 non

264 623 390 668 potuit,
410 625 592 659 servando
611 623 804 667 iusticiam,
822 623 989 658 Paradisi
1008 623 1285 668 possessionem
1302 623 1508 659 voluntarie
1526 624 1592 658 ab·

265 682 411 725 dicare3
439 681 526 727 quin
545 682 673 727 pocius
692 689 821 717 contra
837 687 975 717 statum
992 693 1099 716 suum
1126 681 1179 717 sic
1206 682 1351 725 agendo
1376 688 1591 726 peccasset:

264 751 334 774 nec
376 740 445 775 sibi
487 740 570 775 filiis
616 739 818 785 procreatis
863 739 982 784 potuit
1024 740 1143 774 solam
1188 740 1482 775 necessariarum
1523 740 1593 774 sibi

214 811 252 833 10
268 797 431 842 (scilicet,
462 809 527 833 sue
560 796 730 843 persone)
764 798 1040 842 possessionem
1069 804 1205 841 tenere,
1235 809 1279 833 ex
1305 809 1377 842 quo
1411 798 1458 832 de
1492 797 1593 833 iusti-

265 856 334 899 cia,
360 867 433 901 qua
458 856 613 891 dimissa
637 862 842 901 peccasset,
868 857 1062 891 tenebatur
1086 855 1170 890 filiis
1195 856 1357 901 parvulis
1383 856 1594 891 necessaria

264 914 468 959 providere.

313 973 405 1007 IOH.
439 971 542 1007 Filiis
577 972 652 1007 suis
686 972 858 1007 omnibus
891 972 998 1007 factis
1032 971 1178 1015 adultis,
1206 983 1281 1007 non
1314 973 1509 1007 tenebatur
1541 972 1595 1007 eis

264 1030 474 1065 necessaria
492 1030 696 1075 providere,
715 1029 800 1075 quia
817 1030 864 1065 de
883 1030 973 1075 ipsis
993 1029 1061 1065 sibi
1081 1029 1215 1074 singuli
1234 1030 1476 1074 suffecerunt3
1507 1036 1595 1065 tunc

213 1087 377 1132 15igitur
403 1088 512 1123 istam
537 1088 813 1134 possessionem
838 1094 915 1123 tam
943 1087 1110 1123 Paradisi
1137 1099 1250 1133 quam
1280 1100 1402 1123 rerum
1427 1088 1595 1123 omnium

266 1146 422 1181 aliarum
464 1157 539 1181 non
581 1146 874 1182 necessariarum
914 1153 1061 1192 poterat
1103 1146 1217 1181 libere
1260 1153 1408 1182 servata
1449 1145 1595 1182 iusticia

265 1203 451 1238 abdicare.

313 1263 401 1297 RIC.
425 1262 508 1297 Nisi
527 1261 724 1308 quicquam
738 1261 839 1296 aliud
857 1261 1072 1304 obstitisset,
1084 1262 1202 1296 fateor
1220 1262 1271 1297 ita
1288 1273 1391 1305 esse3
1410 1261 1596 1307 quoniam,
1610 1270 1703 1296 Adam
1716 1269 1804 1302 ought
1818 1274 1847 1296 to

265 1331 310 1356 eo
337 1321 450 1355 modo
479 1327 517 1355 ut
548 1327 671 1356 sextus
699 1320 808 1355 huius
834 1320 1005 1363 ostendit,
1032 1320 1111 1365 ipse
1135 1332 1175 1355 se
1201 1332 1268 1355 suo
1294 1321 1461 1366 primevo
1487 1320 1597 1355 statui
1611 1305 1782 1363 ffigrssrasstssu
1783 1313 1835 1363 fisse
1838 1304 1857 1329 d

214 1391 254 1413 20
267 1379 534 1414 conformasset
550 1391 556 1413 :
581 1385 617 1414 et
630 1379 775 1413 videtur
793 1378 861 1413 sibi
879 1378 992 1413 fuisse
1006 1378 1205 1423 expediens
1220 1379 1268 1413 ad
1285 1379 1598 1423 gubernacionem
1611 1372 1670 1399 sau·

48 1440 144 1472 codd.
162 1450 229 1472 non
266 1436 513 1471 multitudinis
539 1437 771 1481 populorum,
791 1437 917 1481 quales
934 1442 1040 1471 erant
1058 1437 1225 1471 nondum
1243 1442 1410 1482 tempore
1429 1448 1494 1471 sue
1512 1437 1598 1480 vite,

48 1485 136 1515 dum.
267 1493 467 1529 innumeris
501 1494 643 1538 legibus
677 1494 850 1529 humanis
883 1494 1070 1539 adhibitis,
1105 1494 1205 1539 quod
1239 1494 1330 1539 ipse,
1366 1494 1600 1530 solicitudine

265 1551 394 1586 mundi
423 1551 579 1594 abiecta,
606 1552 815 1597 penitencie
843 1552 899 1587 sui
929 1552 1082 1597 peccati,
1110 1564 1182 1597 quo
1210 1553 1483 1588 deformaverat
1513 1564 1599 1598 pro—

265 1609 415 1655 geniem
441 1621 548 1644 suam
572 1616 701 1653 totam,
728 1616 764 1645 et
791 1609 872 1645 aliis
899 1610 1150 1655 spiritualibus
1179 1611 1262 1646 Deo
1287 1611 1402 1655 gratis
1427 1611 1600 1656 operibus

214 1678 253 1710 25
267 1667 538 1702 solicitudinem
572 1668 760 1703 adhibere.
823 1670 954 1711 Immo,
990 1668 1132 1713 legibus
1166 1669 1339 1704 humanis
1372 1668 1528 1704 adiectis
1563 1676 1601 1704 et

268 1725 434 1760 civilibus
455 1725 629 1760 dominiis
653 1738 676 1760 a
695 1727 777 1761 Deo
802 1732 865 1760 aut
892 1727 940 1760 ab
966 1726 1176 1761 horninibus
1203 1726 1436 1770 introductis,
1456 1728 1601 1762 sublata

265 1783 334 1817 fuit
362 1783 399 1817 in
427 1782 508 1828 ipso
538 1790 575 1818 et
608 1782 645 1817 in
673 1783 948 1819 successoribus
977 1784 1052 1819 suis
1080 1795 1195 1829 usque
1223 1784 1261 1818 in
1291 1796 1444 1830 presens
1471 1784 1600 1819 mundi

267 1839 447 1875 inferioris
476 1847 512 1876 et
539 1841 706 1886 parcium
736 1841 816 1876 eius
846 1842 917 1876 ista
947 1841 1024 1877 iure
1052 1842 1259 1877 communis
1289 1842 1488 1887 possessio,
1516 1854 1601 1878 cum

266 1898 400 1943 singuli
417 1899 558 1934 domini
577 1899 840 1945 proprietatem
860 1899 896 1934 in
915 1899 992 1934 suis
1009 1899 1199 1945 particulis
1218 1901 1437 1935 habuerunt.

50 2042 159 2073 supra,
176 2043 209 2074 p,
315 2020 544 2055 IOHANNES.
573 2021 648 2055 Cur
675 2019 793 2055 adicis
822 2020 969 2055 homini
996 2024 1139 2056 natura
1166 2021 1347 2056 subiectas
1378 2022 1415 2056 in
1441 2022 1600 2068 descrip-
1614 2027 1745 2058 XVIII.

51 2084 124 2116 335-
267 2076 373 2113 cione
390 2077 543 2112 dominii
562 2078 786 2123 supradicta.
1615 2078 1854 2137 Explanffiontpf

316 2136 545 2171 RICARDUS.
573 2136 670 2180 Quia
687 2136 893 2171 dominium
918 2148 994 2171 non
1017 2144 1072 2172 est
1099 2143 1271 2182 respectu
1297 2149 1418 2173 rerum
1436 2139 1602 2174 omnium
1615 2121 1869 2171 [ιαῗνέιῗῗφιιαριῗινιῗιη

267 2204 536 2238 possessarum,
561 2200 615 2228 set
642 2200 787 2229 tantum
811 2201 981 2240 respectu
1006 2207 1130 2230 rerum
1156 2195 1297 2230 homini
1324 2196 1575 2231 subiectarum
1593 2179 1858 2245 τὲζξξῖἷξῗῗοᾏῃξὲε

268 2251 387 2296 prima
399 2252 498 2287 enim
512 2258 630 2287 mater
644 2259 770 2287 nostra
786 2252 1076 2297 primogenitum
1091 2265 1197 2288 suum
1210 2254 1439 2289 fratricidam
1456 2255 1602 2300 pariens
1614 2246 1734 2279 original
1745 2245 1878 2278 lordship.

213 2321 254 2353 35
269 2310 498 2353 exclamavit,
512 2312 863 2345 Possedz'homz'nem
879 2313 950 2356 per
960 2312 1083 2345 Deum
1101 2311 1210 2356 (Gen.
1223 2312 1269 2347 iv.
1286 2312 1339 2357 1);
1364 2324 1602 2358 nequaquam

269 2374 396 2403 tamen
414 2369 565 2404 domina
580 2370 697 2413 Caym
712 2368 879 2403 eiusdem
898 2368 959 2403 filii
976 2369 1030 2403 sui
1044 2369 1124 2413 fuit,
1137 2370 1314 2414 quoniam
1330 2372 1446 2416 Caym
1460 2371 1602 2416 equalis

268 2432 399 2462 nature
424 2438 499 2461 non
525 2427 644 2461 fuerat
660 2427 744 2461 Ade
769 2433 901 2462 natura
927 2427 1126 2469 subiectus,
1145 2427 1229 2462 licet
1248 2428 1285 2462 in
1311 2429 1513 2463 moralibus
1539 2441 1601 2474 pa—

268 2485 431 2519 rentibus
447 2483 509 2519 filii
525 2485 617 2519 sicut
633 2484 799 2520 subiecti.
832 2486 939 2528 Item,
952 2485 1038 2530 quia
1052 2485 1259 2519 dominium
1273 2497 1347 2520 non
1361 2493 1417 2521 est
1431 2493 1602 2531 respectu

52 2547 212 2588 infra,pp.
269 2554 392 2577 rerum
410 2543 575 2577 omnium
593 2543 793 2578 visibilium
814 2542 921 2588 (sicut
940 2543 1033 2578 infra
1054 2543 1196 2588 patebit
1214 2545 1410 2579 tractando
1428 2545 1474 2579 de
1493 2545 1576 2590 usu)
1592 2557 1601 2589 3

51 2600 117 2632 410
134 2602 222 2632 seqq·
270 2600 446 2645 quoniam
473 2601 610 2636 utimur
636 2600 776 2645 angelis
803 2607 838 2635 et
864 2601 1077 2636 hominibus
1103 2608 1214 2646 atque
1239 2603 1435 2637 celestibus
1454 2603 1602 2647 quibus-

270 2669 415 2703 cunque
444 2659 672 2703 corporibus,
703 2670 858 2703 quorum
891 2665 1016 2694 tamen
1045 2659 1251 2693 dominium
1286 2672 1359 2695 non
1394 2662 1574 2696 habemus
1592 2673 1600 2696 :

271 2715 354 2751 ideo
372 2718 572 2751 clausulam
591 2717 703 2760 illam,
722 2728 781 2751 res
797 2720 940 2752 natum
958 2718 1030 2751 sibi
1044 2718 1233 2761 subiectas,
1247 2718 1364 2753 adieci
1385 2718 1421 2752 in
1440 2719 1600 2764 descrip-

54 2777 105 2808 Ps.
118 2777 184 2809 viii.
204 2779 232 2809 8.
271 2774 376 2811 cione
402 2776 553 2811 humani
581 2775 744 2818 dominii,
765 2775 862 2810 iuxta
890 2776 978 2810 illud
1006 2774 1154 2823 Psalmi,
1178 2777 1314 2811 Omnia
1331 2777 1518 2812 subiecisti
1535 2778 1602 2812 sub
