2095 3278
219 183 300 226 322

894 178 1096 210 RICARDI
1129 177 1431 210 ARMACHANI
1888 160 1991 217 [Lm.
2006 171 2035 202 Ι.

499 282 714 324 dominium,
740 282 787 316 ob
812 282 881 316 hoc
907 293 1141 326 nequaquam
1168 281 1204 315 in
1230 280 1352 325 seipso
1377 286 1564 315 mutatus:
1594 279 1710 323 sicuti,
1738 289 1820 313 cum
1837 279 1931 321 [12A

494 341 552 374 sol
578 340 630 384 (ut
656 341 851 384 loquuntur
872 338 1094 383 philosophi)
1113 337 1136 359 ÷÷
1153 338 1305 372 alicuius
1329 338 1543 372 naturaliter
1565 336 1752 372 nascentis
1784 336 1820 370 in
1835 338 1866 365 B

495 404 595 432 terra
618 398 664 431 de
687 409 783 431 novo
810 403 914 441 pater
930 396 1084 431 efficitur
1109 396 1145 429 in
1171 396 1301 440 seipso,
1320 402 1468 440 propter
1490 396 1561 429 hoc
1582 395 1725 439 penitus
1746 404 1820 427 non

219 457 303 484 much
313 457 486 483 morethene-
499 462 660 489 mutatur
676 468 684 497 3
711 461 849 499 quanto
863 453 982 498 magis
994 465 1062 488 nec
1081 454 1184 488 Deus
1203 460 1375 495 mutatur,
1395 465 1478 487 cum
1498 464 1563 487 suo
1582 452 1704 495 modo,
1718 451 1748 485 si
1770 450 1821 484 sic
1834 453 1957 490 quanto
1978 472 1985 478 -
2004 470 2010 477 ·
2028 470 2035 478 ·

220 492 280 518 fore
293 501 357 524 may
371 491 444 517 God.

222 575 269 600 He
283 575 366 600 could
377 580 428 600 not

220 608 293 633 have
307 609 419 634 created

221 642 317 673 things
334 641 452 667 without

221 674 367 707 acquiring
381 675 452 700 lord-

221 708 284 740 ship
298 709 329 733 of
337 709 414 734 them

221 750 310 769 ari-ew·

225 1439 287 1465 God
301 1438 429 1471 acquires

224 1474 319 1505 things
333 1482 410 1498 anew
423 1478 452 1499 to

224 1507 267 1532 his
281 1506 412 1539 lordship‚

226 2477 276 2514 but
288 2476 404 2515 yvithout
419 2485 462 2502 ac-

226 2519 338 2542 quirmg
351 2519 367 2535 a
380 2519 440 2535 new

226 2544 350 2576 lordship
363 2544 394 2569 os
404 2544 489 2569 them.

499 513 691 555 diceretur,
709 512 862 557 acquirit
881 511 1086 546 dominium
1101 513 1113 545 ?
1140 511 1238 545 unde
1255 522 1322 545 nec
1340 511 1410 544 hoc
1426 516 1522 545 recte
1542 510 1588 544 de
1611 508 1820 543 horninibus
1835 497 1916 523 mut.
1930 502 1993 522 om.
2006 498 2036 520 B·

499 571 746 615 supponebas.
800 572 904 612 Item,
924 581 998 603 non
1017 568 1134 612 magis
1153 568 1380 602 convincitur
1399 570 1501 602 Deus
1520 567 1717 610 mutabilis,
1736 565 1821 611 quia
1834 536 1997 610 &garga-‘ur

498 628 585 661 talia
604 627 768 661 dominia
786 627 906 661 minus
924 625 1070 671 proprie
1087 626 1271 670 loquendo
1286 624 1414 670 recipit
1431 632 1467 659 et
1485 625 1587 659 reicit
1602 624 1821 665 successive,

498 693 610 726 quam
628 682 712 726 quia
730 694 851 716 rerum
875 682 920 716 de
943 693 1040 715 novo
1059 681 1299 715 existencium
1323 687 1358 715 et
1383 686 1648 724 consequenter
1666 689 1821 723 pereun-

496 740 595 774 cium
625 740 789 774 dominia
820 740 888 774 sibi
920 739 1073 784 acquirit
1105 751 1169 774 seu
1199 738 1326 783 recipit
1358 750 1441 773 cum
1464 738 1672 782 gignuntur,
1700 742 1736 771 et
1763 736 1823 769 illa

497 798 632 832 amittit
651 810 734 832 cum
752 804 927 842 pereunt;
954 809 1023 831 nec
1037 797 1217 841 potuisset
1236 808 1258 831 a
1276 796 1454 841 principio
1474 796 1670 841 quicquam
1688 805 1822 837 creare,
1840 812 1880 833 10

498 856 567 890 nisi
586 856 727 890 noviter
743 855 960 900 acquisisset
978 866 1099 889 rerum
1117 854 1280 899 ipsarum
1298 854 1500 888 dominium
1518 866 1525 888 :
1553 860 1588 888 et
1606 859 1731 887 tamen
1749 862 1823 886 non

498 920 587 958 puto
605 914 703 958 quod
727 913 778 947 ita
801 913 961 957 desipias
980 919 1018 946 ut
1038 913 1162 946 Deum
1185 911 1221 945 in
1245 911 1416 956 presenti,
1436 923 1517 945 cum
1536 922 1593 945 res
1616 910 1822 954 gignuntur,
1836 912 1974 953 dz'ssz'pczs
1991 919 2020 942 Β.

499 978 561 1005 aut
580 971 617 1005 in
635 971 809 1016 primaria
826 982 946 1005 rerum
965 970 1154 1004 creacione
1166 976 1347 1004 mutatum
1366 969 1548 1011 affirmes3
1574 980 1661 1002 sane
1680 978 1826 1011 semper

497 1029 737 1063 conformiter
761 1036 884 1063 tecum
909 1027 1094 1072 loquendo
1120 1026 1293 1071 intelligo,
1321 1026 1371 1061 ita
1396 1034 1435 1061 ut
1460 1026 1574 1060 nichil
1604 1025 1640 1059 in
1667 1027 1750 1059 Deo
1778 1024 1825 1058 sit

500 1097 648 1119 novum.
1841 1095 1878 1127 15

550 1136 637 1177 IOH.
667 1141 765 1176 Satis
785 1142 934 1177 memini
954 1141 1052 1186 quod
1071 1153 1182 1186 supra
1200 1142 1361 1176 secundo
1380 1142 1540 1186 capitulo
1554 1147 1652 1176 extat
1665 1140 1804 1175 dictum
1816 1151 1824 1183 ;
1838 1151 1944 1190 supra,
1958 1150 2030 1180 cap.

500 1200 598 1235 unde
622 1211 697 1233 non
719 1200 817 1234 aliud
841 1200 1015 1244 intelligo,
1035 1211 1118 1234 cum
1143 1199 1226 1233 dico
1251 1201 1374 1234 Deum
1399 1199 1588 1244 acquirere
1613 1210 1724 1242 super
1747 1209 1825 1232 rem
1838 1194 1883 1258 ¹52·
1898 1194 1954 1225 PP·
1969 1185 2028 1213 ²8²

500 1258 662 1302 aliquam
684 1269 821 1291 novum
845 1258 1060 1300 dominium,
1085 1269 1198 1301 quam
1226 1269 1309 1291 cum
1334 1258 1455 1292 Deum
1484 1257 1626 1291 noviter
1653 1256 1748 1290 illius
1776 1255 1826 1290 rei
1874 1237 1905 1268 q'

500 1316 693 1349 dominum
718 1327 800 1349 esse
825 1316 992 1350 affirmo:
1023 1322 1058 1350 et
1083 1323 1206 1350 tamen
1232 1315 1365 1359 ligatus
1392 1326 1587 1357 remaneo3
1617 1322 1656 1349 tu
1681 1313 1827 1348 vincula
1840 1324 1987 1346 remanes
2000 1321 2031 1344 Β.

501 1385 585 1407 mea
604 1373 775 1407 dissolve.
1843 1383 1883 1404 20

549 1432 636 1465 RIC.
665 1432 836 1465 Scrutare
849 1430 1056 1475 Scripturas
1072 1442 1079 1465 :
1100 1442 1184 1465 ecce
1197 1431 1306 1473 enim,
1321 1430 1532 1465 oblaciones
1544 1429 1638 1464 Abel
1656 1435 1692 1464 et
1708 1430 1826 1472 Caym

502 1499 567 1532 per
600 1499 727 1522 eorum
761 1488 914 1522 liberam
948 1489 1174 1522 voluntatem
1209 1489 1313 1523 Deus
1344 1488 1413 1522 sibi
1448 1487 1590 1521 noviter
1621 1486 1826 1531 acquisivit,

501 1546 594 1580 sicut
612 1552 713 1589 patet
738 1545 895 1580 Genesis
915 1545 960 1580 iv.
1004 1546 1251 1589 Primogenita
1268 1545 1416 1590 insuper
1433 1545 1588 1579 filiorum
1615 1544 1757 1579 Israelis
1784 1556 1827 1578 ac
1840 1544 1891 1576 iv:
1904 1545 1999 1577 codd.
2013 1553 2041 1584 3.

501 1604 749 1637 iumentorum
768 1603 932 1647 ipsorum
951 1603 1020 1637 sibi
1043 1603 1263 1643 sanctificari
1278 1603 1443 1648 precepit
1462 1610 1500 1637 ut
1523 1615 1599 1646 sua,
1619 1602 1735 1636 Exod.
1754 1602 1826 1636 xiii.

502 1671 522 1694 2
540 1672 547 1695 :
580 1661 634 1694 sic
658 1660 777 1694 eciam
799 1660 977 1703 decimas,
996 1661 1196 1705 primicias,
1224 1661 1377 1704 hostias,
1404 1667 1439 1695 et
1466 1671 1704 1705 quascunque
1724 1660 1826 1694 obla-
1842 1672 1880 1704 25

501 1718 624 1753 ciones
659 1717 728 1752 sibi
761 1718 877 1752 factas
911 1718 1071 1762 gratuito
1104 1719 1151 1753 ab
1184 1718 1325 1762 origine
1358 1717 1486 1752 mundi
1520 1717 1727 1752 successive
1762 1729 1827 1752 suo

501 1776 666 1810 dominio
693 1775 898 1820 acquisivit,
927 1776 1019 1810 sicut
1058 1777 1172 1811 habes
1204 1776 1318 1811 Levit.
1347 1776 1474 1810 ultimo
1513 1783 1549 1811 et
1581 1777 1692 1810 Num.
1729 1775 1827 1809 xviii.

501 1833 681 1878 capitulis.
733 1835 887 1868 Constat
913 1834 1021 1878 igitur
1040 1835 1164 1868 Deum
1190 1834 1353 1868 dominio
1379 1846 1445 1868 suo
1470 1836 1575 1879 plura
1600 1835 1744 1870 noviter
1768 1846 1827 1869 ac-

501 1891 669 1936 quisisse,
694 1902 767 1925 non
797 1892 916 1925 solum
944 1904 987 1926 ex
1014 1903 1135 1926 rerum
1163 1891 1313 1936 origine,
1340 1898 1394 1926 set
1420 1892 1538 1927 eciam
1562 1893 1658 1937 quod
1682 1905 1740 1927 res
1767 1905 1828 1927 ex-

502 1950 652 1983 istentes
681 1948 781 1993 prius
809 1960 875 1983 suo
906 1949 1068 1984 dominio
1098 1956 1160 1983 aut
1190 1950 1320 1984 saltem
1350 1950 1419 1984 sibi
1442 1950 1586 1984 noviter
1606 1951 1884 1996 acquisivitzgo

502 2008 600 2041 unde
625 2007 816 2051 apostolus
844 2007 980 2041 Paulus
1009 2007 1061 2051 (ut
1088 2008 1218 2051 legitur
1243 2009 1325 2042 Act.
1344 2020 1400 2042 XX.
1427 2008 1486 2051 28)
1515 2008 1616 2052 dixit,
1634 2009 1830 2043 Attendite

501 2065 604 2098 vobis
635 2068 671 2097 et
703 2065 879 2098 universo
905 2066 1021 2109 gregi
1050 2066 1091 2099 in
1125 2076 1195 2109 quo
1225 2076 1290 2099 vos
1324 2066 1493 2110 Spiritus
1525 2070 1675 2100 sanctus
1702 2067 1833 2111 posuit

502 2123 696 2166 episcopos,
719 2133 844 2167 regere
867 2122 1052 2156 ecclesiam
1078 2123 1153 2156 Dei
1176 2134 1289 2166 quam
1315 2124 1521 2167 acquisivit
1543 2126 1727 2168 sanguine
1750 2135 1828 2159 suo,

505 2181 659 2214 Constat
679 2186 802 2213 autem
828 2191 891 2214 eos
916 2186 1024 2214 antea
1043 2179 1217 2223 extitisse,
1236 2192 1328 2225 quos
1353 2192 1415 2215 eos
1438 2182 1626 2226 appellans
1644 2182 1828 2216 ecclesiam

503 2238 627 2271 Deum
645 2236 733 2271 dicit
751 2248 818 2271 suo
837 2237 1014 2281 sanguine
1033 2237 1246 2282 acquisisse.
1844 2257 1884 2289 35

553 2296 643 2329 IOH.
679 2296 827 2338 Negare
865 2306 939 2329 non
980 2306 1132 2339 possum
1168 2297 1291 2330 Deum
1329 2296 1452 2340 aliqua
1494 2296 1592 2340 prius
1630 2296 1830 2332 existencia

502 2354 643 2388 noviter
666 2354 894 2398 acquisisse;
927 2361 981 2389 set
1009 2354 1060 2389 sic
1081 2354 1192 2389 michi
1214 2355 1357 2390 videtur
1383 2367 1502 2389 rerum
1525 2355 1667 2390 illarum
1693 2367 1829 2391 novum

503 2412 706 2446 dominium
725 2411 924 2456 accepisse.

551 2471 638 2503 RIC.
664 2470 828 2503 Econtra
851 2469 961 2503 michi
986 2470 1140 2513 videtur,
1166 2470 1315 2514 scilicet,
1335 2472 1434 2515 quod
1456 2471 1492 2505 in
1515 2471 1584 2505 hiis
1606 2477 1668 2505 aut
1689 2471 1725 2505 in
1749 2471 1830 2506 aliis

504 2527 691 2571 acquisitis
707 2537 777 2570 que
792 2533 963 2570 preerant
985 2528 1087 2561 Deus
1106 2529 1243 2561 nullum
1257 2539 1392 2562 novum
1408 2529 1611 2563 dominium
1625 2528 1829 2574 acquisivit.
1843 2543 1886 2573 40

552 2586 641 2618 IOH.
670 2585 753 2618 Hec
772 2596 846 2618 non
866 2585 1026 2627 credam,
1045 2585 1115 2619 nisi
1134 2585 1357 2629 probaveris.

552 2643 638 2676 RIC.
667 2643 709 2675 In
735 2642 801 2676 illis
828 2642 936 2676 rebus
960 2642 1148 2686 acquisitis
1170 2655 1191 2676 a
1210 2644 1292 2677 Deo
1314 2644 1416 2677 Deus
1440 2649 1525 2677 ante
1544 2643 1831 2688 acquisicionem

505 2701 663 2744 plenum,
699 2700 812 2733 immo
846 2699 1098 2743 plenissimum
1133 2707 1242 2744 atque
1276 2700 1639 2744 sufficientissimum,
1670 2702 1829 2736 habebat

504 2757 705 2792 dominium
722 2769 729 2801 ;
755 2757 862 2801 igitur
876 2757 1017 2792 illarum
1032 2769 1152 2793 rerum
1169 2759 1270 2794 Deus
1286 2759 1418 2793 frustra
1432 2770 1567 2794 novum
1581 2759 1829 2795 adventicium
