2008 3305
159 202 247 232 CAP.
271 187 316 246 1.]
642 197 787 229 LIBER
819 197 1014 229 PRIMUS.
1745 192 1766 235 7

80 319 149 361 20]
165 327 322 352 necesse
360 320 418 352 est
449 313 618 363 utrisque
655 313 708 349 uti
746 313 786 349 in
824 312 1045 350 racionibus
1084 316 1344 360 utrorumque.
1405 309 1490 347 Ser·
1504 315 1742 375 ἱὶιιξῑξὲεὲἕυῶξίἓζ

162 386 301 423 vicium
322 397 490 435 namque
512 391 568 423 est
589 383 773 422 habitudo
793 389 963 421 creature
984 382 1197 420 secundum
1217 394 1332 432 quarn
1355 381 1725 442 ἀίείῐυῑὲῑεῑίευῗέξτῑῖὴξῗ

161 456 370 493 formaliter
390 467 460 493 suo
482 455 604 493 subici
626 454 852 492 dominanti.
903 454 953 491 Et
972 454 1023 491 ita
1043 453 1241 491 servicium
1262 459 1299 489 et
1320 453 1488 497 servitus,
1503 449 1631 509 &¹252ss
1644 450 1705 476 ¹01d

162 527 260 564 sicut
288 538 418 564 servus
447 532 485 564 et
513 526 671 563 servitor
700 526 759 563 vel
789 525 966 571 serviens,
999 525 1294 573 distinguuntur.
1354 523 1490 561 Servus
1503 527 1746 587 ssffi'efffssviae

129 613 146 644 5
161 597 263 634 enim
280 597 514 647 quandoque
535 597 771 645 restringitur
787 596 834 634 ad
852 596 1035 633 famulum
1059 595 1226 633 coactive
1247 607 1318 632 suo
1331 594 1491 632 domino
1504 595 1568 620 and
1577 595 1742 621 servitude:

161 668 374 717 obligatum
386 679 396 714 ;
423 673 464 704 ut
484 667 651 717 loquitur
671 667 868 716 apostolus
892 679 907 703 1
927 666 1016 704 Cor.
1031 666 1090 704 vii.
1108 679 1170 710 21,
1185 665 1324 704 Servus
1344 669 1493 702 vocatus
1504 670 1610 729 ἑῖνζτξε
1623 668 1762 730 ἰρεὴειτῐῖξίῑίε-

116 749 148 778 D
162 740 230 775 es?
271 737 362 776 Non
381 739 433 775 sil
448 738 517 775 libi
532 751 627 775 cure.
676 737 725 775 Et
746 738 884 775 exhinc
912 738 1073 775 servitus
1093 744 1150 774 est
1170 736 1350 774 condicio
1373 734 1390 755 '¹‘
1413 735 1489 773 vio·
1505 737 1561 763 and
1575 742 1604 763 t0
1618 737 1665 763 the

1505 770 1616 797 blessed

161 809 283 846 lencie
304 816 507 858 peccatum
531 809 683 858 sapiens
696 821 705 855 ;
737 821 817 846 non
843 814 972 846 autem
997 808 1206 855 servicium,
1228 820 1316 845 cum
1337 806 1491 845 Christo
1619 790 1626 802 ’

161 880 364 918 conveniat
382 887 419 917 et
438 880 570 917 beatis.
628 879 677 917 Et
697 886 802 929 patet
822 879 927 929 quod
948 891 1077 916 servus
1099 880 1150 917 sic
1172 885 1391 917 contractus
1412 889 1493 915 non

109 970 148 992 10
161 951 368 1000 opponitur
389 951 549 988 domino
578 951 741 997 relative,
764 951 831 989 sed
862 962 993 988 servus
1023 956 1198 999 sumptus
1224 962 1295 999 pro
1322 949 1494 999 quolibet

160 1022 356 1060 serviente.
411 1021 462 1059 Et
482 1035 548 1071 per
567 1021 668 1059 idem
691 1028 906 1071 paupertas,
923 1034 997 1071 que
1019 1021 1111 1059 dicit
1131 1022 1321 1059 bonorum
1341 1020 1492 1058 fortune

160 1094 389 1139 carenciam,
423 1105 504 1131 non
542 1093 695 1131 relative
729 1093 798 1131 sed
835 1094 1015 1143 privative
1047 1094 1257 1142 opponitur
1291 1091 1492 1141 temporali

160 1163 346 1201 dominio.
402 1163 517 1201 Unde
538 1164 577 1201 in
598 1164 752 1213 signum
774 1164 880 1214 quod
904 1165 1061 1202 servitus
1082 1165 1129 1201 sit
1149 1163 1329 1201 condicio
1355 1175 1492 1212 pecca·
1506 1164 1590 1225 1⁹3¹}ss
1600 1165 1748 1225 {Zfflsgsffg

160 1242 298 1281 torum,
320 1235 446 1284 primo
466 1234 508 1272 fit
533 1235 686 1273 mencio
707 1236 864 1273 nomine
885 1235 992 1280 servi,
1014 1234 1114 1272 Gen.
1137 1235 1186 1271 ix.
1211 1246 1229 1270 2
1237 1244 1271 1282 5,
1294 1240 1382 1283 post
1401 1234 1493 1271 irre·
1506 1232 1671 1260 0f³1¹¹¹1⁶³s⁵³

110 1320 147 1352 15
161 1305 377 1343 verenciam
394 1312 595 1354 paternam
610 1305 752 1343 factam
766 1305 853 1343 Noe
869 1318 937 1355 per
953 1305 1094 1344 Cham:
1116 1304 1354 1351 Maledictus,
1371 1305 1495 1354 inquit

163 1376 369 1426 Scriptura,
405 1375 592 1414 Chanaan
624 1383 746 1426 puer3
791 1389 920 1414 servus
959 1389 1150 1414 servorum
1193 1378 1265 1413 erit
1294 1377 1496 1427 fratribus

160 1449 249 1485 suiv.
307 1448 356 1485 Et
382 1447 475 1484 illud
501 1453 607 1485 notat
631 1448 767 1485 beatus
788 1448 1039 1496 Augustinus,
1061 1447 1137 1484 xix.
1160 1447 1207 1485 de
1229 1447 1389 1485 Civitate
1410 1447 1494 1494 Dei,

161 1518 328 1568 capitulo
348 1531 420 1562 xv.⁵
438 1519 509 1555 sub
528 1518 600 1555 hiis
620 1519 767 1556 verbis:
798 1518 904 1555 Deus
924 1519 1145 1555 racionalem
1160 1520 1333 1567 spiritum
1337 1518 1495 1568 factum

161 1591 215 1626 ad
225 1590 445 1640 ymaginem
474 1602 581 1626 suum
611 1590 729 1627 noluit
755 1590 835 1626 nisi
858 1590 1148 1627 irracionalibus
1176 1591 1389 1633 dominam]
1424 1602 1495 1627 non

110 1676 150 1698 20
163 1662 339 1698 hominem
359 1661 507 1706 homini,
524 1661 588 1697 sed
603 1661 779 1698 hominem
792 1662 931 1710 pecori.
978 1660 1073 1697 Inde
1084 1662 1211 1709 primi
1226 1662 1319 1698 iusti
1325 1666 1495 1709 pastores

156 1739 327 1782 pecorum
354 1733 475 1781 magis
500 1745 609 1780 quam
630 1745 731 1781 reges
754 1733 940 1770 hominum
967 1734 1157 1769 constituti
1177 1739 1293 1777 sum,-
1324 1738 1365 1769 ut
1383 1734 1495 1769 eciam

160 1805 213 1840 sic
233 1804 441 1840 insinuaret
453 1802 557 1840 Deus
575 1804 669 1852 quid
674 1805 844 1852 postulat
856 1805 943 1841 ordo
963 1809 1236 1850 creaturarum,
1257 1805 1351 1853 quid
1365 1806 1499 1853 exigat

162 1876 329 1912 meritum
342 1879 588 1923 peccalorum.
637 1874 813 1913 Condicio
828 1877 958 1924 quippe
976 1877 1163 1913 servilulis
1178 1877 1258 1913 iure
1277 1877 1497 1925 intelligitur

161 1945 330 1994 imposita
345 1945 535 1994 peccatori.
593 1945 759 1982 Proinde
778 1959 959 1996 nusquam
978 1948 1156 1996 scribtum
1177 1948 1330 1996 legimus
1349 1960 1495 1984 servum

111 2031 150 2064 25
164 2020 357 2065 antequam
390 2017 455 2053 lzoc
489 2016 661 2053 vocabulo
694 2016 777 2055 Noe
810 2019 928 2055 iustus
953 2023 1143 2067 peccatum
1167 2019 1254 2068 filii
1279 2020 1494 2056 vindicaret.

165 2087 255 2125 Scio
274 2093 405 2124 tamen
425 2087 531 2137 quod
558 2099 690 2126 servus
719 2088 759 2125 in
790 2087 986 2138 Scriptura
1013 2089 1201 2139 accipitur
1227 2090 1396 2128 crebrius
1424 2102 1495 2139 pro
1510 2091 1557 2118 the
1570 2101 1623 2118 one
1636 2092 1659 2119 is
1673 2092 1720 2118 the

1510 2126 1654 2152 condition
1668 2127 1701 2153 of
1709 2136 1725 2152 a

162 2158 347 2204 ministro,
386 2164 428 2195 ut
475 2164 579 2208 patet
622 2158 661 2195 in
704 2159 892 2208 capitibus
939 2160 1185 2210 epistolarum
1232 2161 1496 2210 apostolorum
1510 2166 1622 2198 sefvs'fflt
1637 2159 1759 2193 thmugh

163 2229 422 2267 scribencium
442 2235 649 2279 postquam
670 2229 820 2267 fuerant
840 2231 963 2280 magis
983 2231 1090 2269 liberi
1110 2244 1132 2268 a
1151 2238 1336 2282 peccato:
1367 2238 1404 2269 et
1424 2233 1497 2270 isto
1509 2200 1647 2227 mmrstrffi

164 2299 283 2337 modo
306 2299 481 2338 Christus
501 2307 538 2338 et
560 2300 662 2338 beati
691 2301 730 2338 in
756 2301 879 2350 patria
905 2308 994 2340 sunt
1015 2302 1203 2351 potissimi
1231 2303 1327 2341 servi
1351 2303 1436 2350 Dei,
1456 2310 1497 2341 ut

111 2383 152 2414 30
164 2376 267 2420 patet
300 2371 499 2420 posterius.
558 2371 674 2410 Unde
710 2384 859 2410 servum
894 2373 947 2411 sie
980 2374 1124 2412 dictum
1156 2387 1256 2413 voco
1290 2387 1441 2413 sel·vum
1474 2388 1496 2413 a
1509 2379 1650 2445 ξὲῗοῖέξϊ

163 2441 385 2488 ministerio,
407 2448 444 2480 et
463 2441 579 2480 alium
607 2454 759 2480 servum
780 2455 803 2481 a
822 2444 1010 2491 servitute,
1034 2445 1131 2482 sicut
1153 2445 1341 2495 dyabolus
1361 2452 1399 2484 et
1425 2446 1497 2484 sibi
1509 2447 1627 2479 slavery.

164 2512 305 2549 subditi
326 2519 414 2550 sunt
432 2513 530 2551 inter
550 2513 722 2563 singulos
743 2526 892 2552 summe
914 2516 1022 2553 servi.
1071 2516 1121 2553 Et
1137 2516 1352 2555 dominium
1373 2530 1498 2556 corre-

200 2607 238 2631 18.
259 2615 309 2631 xv.
320 2606 386 2638 (15⁰)
399 2612 405 2632 z
428 2606 470 2639 13⁰
480 2607 502 2632 B
512 2606 543 2633 C.
612 2607 754 2640 spiritum
764 2608 789 2633 A
799 2608 822 2634 C
833 2615 838 2634 ε
859 2616 914 2634 om.
934 2609 964 2634 Β.
1103 2620 1144 2643 24.
1163 2612 1306 2643 scriptum
1316 2612 1342 2637 A
1351 2611 1374 2638 C
1385 2619 1390 2637 ζ
1411 2612 1498 2644 scrip-

165 2640 342 2707 {zgzagzgiss
355 2640 431 2673 (cum
444 2640 588 2673 August.).
741 2651 783 2674 31.
800 2643 966 2669 ministerio
978 2643 1004 2669 A
1015 2643 1054 2670 C:
1075 2645 1208 2671 misterio
1222 2646 1244 2671 B
1259 2645 1283 2679 (i
1295 2655 1329 2672 ex
1343 2654 1435 2672 errore
1449 2655 1499 2679 pro

343 2750 392 2780 13.
416 2741 466 2772 Cf.
484 2741 524 2773 de
541 2741 629 2773 civili
647 2743 808 2774 Dominio
826 2743 846 2774 i.
864 2753 902 2783 32
922 2754 956 2785 p.
975 2753 1048 2785 229.

342 2799 390 2834 17.
417 2793 555 2834 August.
574 2794 614 2825 de
634 2794 732 2828 Civit.
751 2795 825 2832 Dei,
843 2796 906 2827 xix.
929 2804 978 2836 15,
997 2797 1085 2838 Opp.
1106 2803 1132 2838 7.
1154 2806 1214 2840 559
1234 2806 1264 2838 F,
1282 2806 1317 2832 G.
