2008 3305
245 221 332 251 cAP.
351 206 401 266 1.]
700 218 846 251 LIBER
878 218 1102 252 TERTIUS.
1772 217 1851 246 201

133 335 230 378 690]
246 346 314 384 par
344 334 391 372 sit
418 333 599 372 iudicium
629 334 676 372 de
707 334 878 384 quolibet
908 335 1105 379 serviente,
1133 333 1304 384 sequitur
1332 332 1436 383 quod
1466 330 1573 370 Deus

242 411 375 453 posset
395 404 567 442 conferre
596 404 722 454 primo
744 405 884 455 angelo
913 405 1129 443 dominium
1155 405 1278 442 tocius
1297 404 1437 441 residui
1457 403 1572 440 huius

242 475 387 521 mundi,
423 475 642 513 exuendum
674 486 763 513 eum
801 487 890 512 cum
924 482 1003 513 tota
1041 487 1110 512 sua
1147 475 1396 524 possessione
1437 487 1460 511 a
1497 473 1573 512 Dei

243 545 428 591 servicio;
476 546 568 595 quia
606 545 682 583 hoc
720 545 909 582 videretur
955 545 1214 595 improvidum
1261 544 1310 583 ad
1344 545 1573 582 donacionis

210 628 228 660 5
242 614 519 665 plenitudinem
549 615 736 665 pertinere
754 629 762 653 :
795 615 865 653 sed
885 615 959 653 hoc
981 615 1071 653 dato
1098 616 1338 664 contingeret
1358 621 1572 652 creaturam

242 698 327 725 esse
349 686 628 735 quantumlibet
649 686 836 725 maiorem
853 685 1056 724 dominum
1072 685 1159 723 Deo
1181 698 1263 731 suo,
1286 693 1323 723 et
1344 686 1396 723 sic
1417 686 1573 723 maioris

243 757 442 794 activitatis
469 763 506 794 et
534 757 762 806 potestatis;
795 756 901 806 quod
929 757 1110 794 insanum
1131 762 1187 794 est
1211 757 1349 794 dicere.
1407 756 1517 803 Item,
1542 756 1573 793 si

241 826 350 864 Deus
369 840 440 876 pro
456 839 481 865 A
500 827 656 865 instanti
677 827 801 876 primo
822 828 999 865 transfert
1018 833 1142 865 totum
1164 839 1276 865 suum
1297 827 1513 865 dominium
1534 827 1574 864 in

241 898 407 947 primum
438 898 619 947 angelum
653 910 742 935 cum
769 898 1020 936 abdicacione
1052 898 1226 935 eiusdem
1257 896 1364 948 (cum
1395 897 1454 935 vel
1493 910 1573 935 non

189 978 230 1001 10
243 975 368 1019 potest
387 968 444 1006 vel
473 981 553 1006 non
578 974 729 1018 oportet
750 969 855 1019 quod
881 969 946 1006 fiat
971 969 1054 1006 talis
1074 969 1281 1006 translacio
1308 968 1366 1006 vel
1388 968 1573 1006 alienacio

242 1039 467 1086 successive,
504 1039 573 1077 sed
607 1039 744 1088 pocius
772 1040 911 1085 subito,
944 1040 975 1076 si
1006 1038 1235 1090 contingat),
1266 1039 1436 1089 sequitur
1465 1039 1571 1089 quod

241 1109 348 1147 Deus
368 1122 438 1159 pro
466 1123 490 1148 A
510 1110 666 1147 instanti
687 1122 766 1147 non
785 1110 944 1148 haberet
973 1110 1030 1147 ius
1049 1110 1107 1147 vel
1128 1116 1358 1160 potestatem
1380 1110 1429 1147 ad
1450 1110 1574 1147 taliter

240 1180 559 1227 transferendum,
580 1181 671 1230 quia
697 1192 813 1218 nemo
835 1181 955 1218 donat
978 1192 1050 1230 pro
1070 1180 1198 1218 danda
1226 1193 1408 1219 mensura
1429 1180 1573 1231 aliquid

194 1251 362 1299 Dalicui‚
395 1263 464 1301 pro
496 1263 575 1300 quo
610 1251 790 1289 donabile
825 1258 883 1288 est
914 1250 932 1270 *
961 1263 1040 1288 non
1076 1263 1201 1289 suum.
1276 1251 1326 1289 Et
1364 1264 1432 1301 per
1469 1252 1571 1289 idem

187 1333 227 1364 15
243 1322 414 1371 sequitur
443 1321 547 1371 quod
578 1321 727 1370 primus
761 1321 920 1370 angelus
950 1328 1042 1359 tunc
1071 1322 1236 1359 multum
1265 1328 1457 1360 teneretur
1485 1322 1572 1360 Deo

241 1393 397 1430 racione
424 1392 522 1430 dicte
545 1392 729 1429 libertatis
758 1400 795 1430 et
825 1392 987 1429 dominii
1018 1392 1201 1442 capitalis,
1228 1393 1331 1441 quod
1361 1393 1469 1430 Deus
1500 1394 1572 1431 sibi

241 1463 453 1502 donaverit.
510 1462 559 1500 Et
589 1475 637 1500 ex
667 1462 741 1500 alio
771 1462 900 1508 latere,
932 1475 1021 1500 cum
1049 1463 1157 1500 Deus
1186 1470 1277 1501 tunc
1308 1476 1389 1502 non
1413 1463 1571 1503 haberet

241 1534 456 1572 dominium
485 1545 568 1571 non
588 1540 680 1571 tunc
701 1540 889 1571 teneretur
917 1533 1039 1571 taliter
1061 1533 1148 1571 Deo
1177 1546 1273 1581 suo3
1304 1546 1376 1572 nec
1396 1535 1571 1584 procedit

239 1605 312 1643 ista
331 1605 435 1643 racio
449 1617 545 1654 eque
566 1611 702 1642 contra
722 1604 1001 1642 alienacionem
1018 1604 1180 1641 dominii
1200 1610 1381 1651 creature,
1396 1618 1444 1643 eo
1464 1605 1571 1655 quod

189 1688 229 1711 20
241 1681 411 1714 creatura
438 1675 651 1714 successive
680 1675 799 1713 donat
822 1675 1011 1721 donabile,
1032 1676 1180 1714 habens
1210 1677 1412 1726 capitalem
1447 1676 1570 1714 domi-

239 1758 333 1784 num
353 1746 418 1796 qui
437 1746 683 1796 principalius
712 1746 805 1783 illud
825 1746 954 1784 donat.
1012 1745 1062 1784 Et
1086 1746 1125 1783 in
1145 1747 1231 1793 fine,
1252 1754 1460 1796 postquam
1481 1748 1570 1784 sub-

239 1817 358 1854 iectus
393 1817 574 1854 dominus
607 1816 811 1867 profecerit
843 1816 950 1866 quod
987 1817 1059 1854 sibi
1097 1817 1261 1866 pertinet
1292 1830 1340 1855 ex
1374 1817 1569 1863 condicto,

237 1894 391 1937 oportet
426 1887 532 1938 quod
565 1887 734 1937 capitalis
765 1887 946 1925 dominus
979 1888 1208 1926 reservando
1246 1888 1460 1926 dominium
1499 1901 1570 1938 pro

239 1959 394 1996 instanti
431 1957 697 1996 translacionis
729 1958 907 2007 suppleat
940 1958 1168 1996 dacionem:
1219 1971 1308 1996 cum
1356 1972 1451 2009 ergo
1489 1972 1571 2000 non

186 2043 224 2076 25
239 2035 365 2079 potest
385 2040 470 2066 esse
492 2029 673 2067 dominus
692 2028 780 2066 Deo
801 2029 983 2078 superior,
1006 2029 1102 2066 sicut
1124 2042 1195 2068 nec
1216 2030 1297 2079 ipse
1322 2037 1447 2080 potest
1467 2031 1570 2080 capi-

240 2100 362 2139 taliter
382 2106 510 2137 tenere
532 2099 579 2137 de
600 2099 687 2147 alio,
708 2105 812 2148 patet
833 2100 938 2148 quod
959 2111 1039 2136 non
1063 2106 1189 2149 potest
1204 2112 1288 2138 esse
1308 2101 1373 2150 qui
1394 2101 1570 2150 suppleat

239 2170 278 2207 in
294 2170 369 2207 fine
384 2169 681 2207 translacionem
697 2170 813 2207 divini
830 2170 1001 2215 dominii,
1018 2170 1048 2207 si
1064 2183 1135 2219 pro
1151 2170 1216 2208 illo
1232 2171 1387 2208 instanti
1404 2172 1475 2208 sibi
1491 2184 1570 2209 non

239 2240 350 2278 fuerit
374 2240 535 2289 capitale
563 2240 777 2278 dominium
803 2246 1048 2278 reservatum.
1106 2240 1191 2279 Nec
1218 2241 1308 2278 illud
1332 2248 1457 2291 potest
1478 2243 1570 2280 verti

239 2311 279 2348 in
303 2311 472 2357 dubium,
495 2322 583 2354 cum
605 2308 727 2361 (iuxta
756 2311 857 2349 dicta
883 2309 1074 2362 superius)
1095 2311 1312 2349 dominium
1334 2313 1407 2350 Dei
1427 2313 1570 2350 forma-

186 2388 228 2419 30
241 2382 324 2420 liter
344 2382 511 2431 sequitur
530 2388 752 2429 creaturam,
776 2382 829 2419 sic
849 2382 956 2431 quod
986 2382 1016 2419 si
1037 2383 1083 2420 sit
1110 2382 1239 2433 aliqua
1257 2389 1440 2430 creatura,
1463 2383 1570 2422 Deus

239 2453 322 2490 eius
342 2452 563 2501 plenissime
584 2452 818 2490 dominatur.

293 2522 402 2560 Patet
429 2522 542 2571 igitur
562 2523 667 2572 quod
691 2535 772 2560 non
793 2528 849 2559 est
870 2522 917 2559 de
946 2523 1100 2560 racione
1121 2523 1292 2571 dominii,
1316 2524 1355 2561 in
1379 2532 1567 2574 quantum
1580 2534 1766 2595 ssssepefflihiisp

238 2592 469 2638 huiusmodi,
495 2593 601 2642 quod
630 2593 677 2630 sit
704 2593 1009 2642 proprietarium,
1032 2600 1068 2631 et
1094 2606 1164 2643 per
1193 2607 1438 2644 consequens
1462 2597 1568 2647 quod
1580 2603 1851 2670 ssissffisst‘fffaffly

1757 2656 1767 2670 2

273 2706 296 2730 8.
317 2712 333 2729 Α
347 2703 476 2729 instanti
486 2703 511 2729 A
520 2703 559 2729 C:
575 2703 637 2729 loco
648 2712 664 2729 Α
674 2702 784 2729 litterae
796 2704 818 2730 Β
830 2703 940 2736 signum
951 2707 983 2731 Λ
993 2703 1020 2730 in
1031 2704 1156 2737 margine
1166 2704 1260 2731 habet.
1418 2716 1458 2740 27.
1472 2709 1570 2734 trans-

239 2738 378 2765 lacionem
394 2737 415 2763 B
430 2744 437 2764 :
455 2737 688 2763 translacionz'A
699 2737 729 2764 C.
868 2747 908 2771 33.
929 2738 1098 2764 huiusmodi
1110 2738 1149 2764 B:
1169 2739 1258 2765 huius
1271 2740 1296 2766 A
1307 2740 1338 2767 C.

590 2831 638 2865 29.
663 2822 703 2854 V.
722 2832 831 2865 supra,
848 2822 906 2854 lib.
924 2823 946 2855 i.
966 2831 981 2854 2
1000 2833 1054 2865 pp.
1072 2832 1107 2855 11
1124 2833 1189 2866 seq.
