2095 3278
221 162 305 217 386

228 1685 304 1711 How
317 1684 400 1710 could

227 1719 319 1751 Judas
326 1722 436 1751 possess
448 1725 466 1742 a

227 1751 313 1778 field?

860 172 1065 204 RICARDI
1102 172 1399 205 ARMACHANI
1847 162 1949 216 [Lm.
1973 174 2041 204 111.

488 287 657 331 fervens,
675 286 778 330 quod
796 287 978 330 quiescere
994 297 1069 321 non
1086 289 1219 332 potest,
1238 291 1274 321 et
1288 286 1502 321 redundant
1511 285 1659 330 fluctus
1683 286 1762 319 eius
1786 285 1827 319 in
1842 284 1940 326 [27A.

499 344 811 379 conculcacz'onem
836 349 872 378 et
895 345 1031 388 lutmn,
1050 346 1137 379 Ysa.
1156 344 1230 379 lvii.
1249 355 1314 388 203
1342 350 1377 379 et
1405 344 1578 378 Proverb.
1596 343 1641 378 xi.
1661 352 1716 386 24,
1741 342 1832 377 Alz'z'

499 403 681 437 dividunt
689 403 853 447 propria
866 407 901 436 et
917 403 1195 447 dz'cz'oresfizcnt,
1209 403 1281 436 aliz·
1293 403 1452 447 rapiunt
1464 413 1537 435 non
1554 413 1624 435 sua
1638 405 1673 435 et
1687 403 1832 446 semper

501 461 544 494 in
561 464 718 505 egestate
733 463 851 501 sunt,·
875 471 951 494 non
977 466 1098 504 potest
1122 467 1245 494 autem
1272 471 1354 495 esse
1373 465 1520 504 egestas
1546 459 1584 493 in
1610 458 1730 504 aliquo
1756 458 1828 493 nisi

502 517 540 551 in
559 529 711 562 corpore
729 518 913 562 affligatur
929 529 973 552 ac
992 518 1132 563 spiritu,
1153 518 1204 552 ita
1226 524 1265 552 ut
1291 530 1329 553 re
1355 519 1451 552 male
1476 528 1650 562 possessa
1667 516 1828 562 quietem
1843 520 1860 552 5

499 586 576 609 non
604 576 761 611 habeat:
799 575 850 610 ita
878 582 928 618 ut,
956 575 1059 620 quasi
1090 576 1254 610 sedendo
1284 576 1405 620 quiete
1430 576 1553 610 valeat
1578 587 1622 610 ea
1649 574 1712 618 uti,
1739 574 1828 619 quin

500 633 620 677 magis
652 639 804 668 econtra
836 634 936 668 racio
967 634 1143 668 naturalis
1172 634 1314 668 offensa
1348 633 1480 668 suadet
1514 639 1554 667 ut
1587 633 1683 667 ultra
1715 633 1827 666 homo

500 691 641 726 laboret
658 691 707 725 ad
725 702 803 725 rem
823 691 944 735 ipsam
962 692 1082 736 quiete
1100 692 1324 733 habendam,
1344 691 1493 734 scilicet,
1513 690 1582 735 legi
1605 701 1669 724 seu
1689 689 1827 724 racioni

501 749 745 792 conformiter,
759 755 798 783 ut
816 756 950 783 extunc
968 749 1082 794 possit
1101 749 1152 783 uti
1171 761 1208 784 re
1228 749 1289 783 illa
1308 749 1441 793 quiete.
1485 750 1576 783 Esto
1593 748 1711 782 eciam
1729 748 1827 792 quod
1841 746 1905 776 Est
1921 752 1951 775 Β-

502 807 573 843 ista
598 807 723 850 sessio,
752 807 837 852 quia
863 808 1017 841 verbum
1044 807 1258 851 possidendi
1285 807 1469 852 importat,
1497 805 1600 851 quies
1627 806 1827 851 corporalis
1841 800 1921 842 quia
1937 809 1992 831 0¹1¹
2004 806 2036 831 Β·

503 866 583 900 sola
607 872 732 910 posset
759 865 911 909 intelligi
937 872 1108 910 respectu
1133 864 1392 910 acquisicionis
1418 864 1470 899 rei
1496 864 1617 899 taliter
1638 870 1828 908 occupate,

503 935 588 958 cum
608 935 754 968 semper
771 935 816 958 ex
833 923 1013 968 corporali
1033 923 1155 968 quiete
1181 929 1354 967 sequatur
1373 922 1475 967 quies
1502 923 1539 957 in
1566 922 1694 967 spiritu
1711 934 1717 956 :
1746 921 1832 966 quia

503 988 655 1017 econtra
685 993 728 1016 ex
753 982 970 1016 turbacione
1001 981 1148 1026 spiritus
1178 981 1388 1016 necessario
1414 982 1590 1022 turbatur,
1616 986 1652 1015 et
1682 991 1831 1024 corpus,

503 1039 598 1074 sicut
625 1039 661 1073 in
688 1039 922 1084 philosophia
948 1039 994 1074 de
1020 1039 1158 1073 Anima
1183 1038 1345 1073 didicisti
1373 1040 1471 1084 quod
1493 1039 1684 1083 passiones
1709 1038 1832 1072 anime

503 1097 714 1132 redundant
741 1097 778 1131 in
799 1108 931 1141 corpus
951 1097 1001 1140 (et
1026 1097 1095 1131 hec
1121 1097 1217 1132 clare
1241 1098 1462 1141 pretendunt
1481 1098 1594 1132 verba
1612 1096 1723 1131 Ysaie
1748 1107 1831 1141 pre·
1847 1107 1885 1140 15

504 1155 630 1199 missa,
665 1155 824 1189 Fluctus
850 1156 929 1189 eius
955 1155 1170 1189 redundant
1193 1155 1235 1188 in
1262 1155 1573 1189 conculcacionem
1602 1159 1638 1188 et
1670 1153 1831 1198 lulum);

505 1210 655 1245 omnino
682 1210 916 1255 consequitur
940 1210 1040 1255 quod
1066 1210 1168 1255 quies
1195 1209 1345 1255 spiritus
1370 1210 1546 1244 ad*illam
1571 1209 1774 1244 sessionem
1797 1215 1834 1243 et

504 1274 682 1313 tanquam
708 1267 758 1302 illi
784 1279 930 1303 annexa
955 1268 1203 1312 consequitur,
1223 1269 1341 1313 qualis
1368 1280 1442 1302 non
1466 1275 1522 1303 est
1546 1267 1582 1302 in
1601 1268 1712 1302 corde
1729 1267 1834 1311 impii

504 1326 715 1360 fluctuante.
759 1326 892 1360 Omnis
906 1337 993 1370 ergo
1012 1326 1157 1370 proprie
1176 1327 1276 1360 dicta
1293 1326 1479 1371 possessio
1493 1332 1549 1361 est
1567 1326 1663 1360 iusta
1680 1332 1716 1360 et
1734 1325 1835 1359 nulla

505 1384 632 1429 iniqua
648 1395 655 1418 ε
683 1384 731 1418 ad
750 1395 859 1428 quern
879 1395 1029 1418 sensum
1044 1385 1213 1419 Salvator
1230 1395 1299 1418 nos
1316 1384 1460 1419 videtur
1476 1384 1735 1426 transmittere,
1750 1394 1833 1417 cum
1849 1396 1890 1420 20

504 1453 572 1476 nos
607 1442 726 1485 docet,
761 1443 810 1475 In
843 1443 1038 1486 paciencia
1073 1446 1199 1476 vestra
1232 1442 1469 1486 possidebitis
1509 1443 1657 1476 animas
1690 1445 1836 1475 vestras

507 1500 615 1544 (Mat.
647 1500 723 1543 xi.)‚
758 1499 907 1543 scilicet,
938 1506 977 1534 ut
1012 1511 1076 1545 per
1109 1499 1348 1544 pacienciam,
1378 1500 1507 1544 spiritu
1543 1499 1717 1544 quietam,
1746 1504 1835 1533 tunc
1848 1502 1926 1534 Luc.
1945 1500 2010 1533 xxi.

505 1558 658 1592 demum
683 1557 827 1592 animas
853 1563 996 1593 vestras
1023 1564 1059 1592 et
1084 1569 1211 1592 earum
1237 1564 1413 1593 contenta
1438 1558 1618 1593 veraciter
1645 1556 1836 1602 possidere
1852 1555 1902 1588 19·

506 1615 685 1650 dicamur.

554 1675 643 1708 IOH.
671 1672 862 1718 Scriptura
890 1673 978 1707 dicit
995 1673 1077 1707 Act.
1098 1672 1118 1707 i.
1143 1673 1182 1707 18
1202 1672 1247 1708 de
1268 1673 1362 1707 Iuda
1388 1673 1487 1718 quod
1505 1673 1676 1718 possedit
1699 1683 1838 1718 agrum
1854 1682 1893 1714 25

505 1732 549 1766 de
581 1731 741 1765 mercede
774 1731 1018 1775 iniquitali&
1058 1730 1157 1765 unde
1193 1731 1431 1776 consequitur
1458 1731 1557 1775 quod
1589 1730 1719 1765 habuit
1752 1742 1839 1775 pos-

507 1789 712 1824 sessionem
738 1788 912 1823 iniustam
929 1801 936 1823 :
964 1799 1039 1822 non
1058 1788 1167 1832 igitur
1185 1787 1360 1832 importat
1381 1788 1397 1806 ²¹²
1413 1788 1534 1833 ipsum
1552 1789 1706 1823 verbum
1724 1788 1839 1833 possi-
1853 1794 1884 1823 B

508 1847 620 1882 dendi
640 1847 836 1882 iusticiam.

228 1916 375 1943 Theword
390 1916 412 1942 is
425 1915 495 1942 used
556 1906 644 1940 RIC.
672 1905 863 1949 Scriptura
880 1905 949 1939 hec
968 1903 1056 1939 dicit
1074 1903 1216 1948 vulgari
1242 1903 1416 1949 loquendi
1435 1903 1515 1938 usui
1535 1915 1574 1938 se
1592 1904 1839 1946 conformans,

230 1951 257 1977 in
271 1951 306 1976 its
320 1951 419 1983 vulgar

229 1993 318 2010 sense.

233 2492 295 2519 The
307 2492 392 2518 lower

233 2526 351 2552 animals
365 2526 436 2550 have

234 2569 269 2586 no
283 2559 439 2591 possession
453 2558 485 2585 of

234 2593 338 2626 things,

507 1963 601 1997 sicut
620 1969 656 1997 et
674 1964 773 2006 leges
787 1962 925 1996 faciunt
939 1962 1097 2007 positive
1114 1962 1206 2006 (iura
1225 1962 1323 1996 enim
1338 1961 1529 1996 hominum
1544 1962 1702 2005 positiva
1720 1961 1839 1995 civilia
1854 1969 1895 2000 30

506 2028 671 2066 tempore
690 2021 781 2054 Iude
798 2020 994 2064 proditoris
1011 2020 1155 2054 fuerant
1173 2018 1386 2063 adinventa)
1402 2031 1409 2063 ;
1438 2019 1587 2061 scilicet,
1606 2030 1677 2064 que
1700 2026 1841 2064 poterat

507 2090 588 2114 esse
615 2078 771 2123 positive
797 2078 888 2122 legis
906 2077 1105 2122 possessio,
1125 2077 1209 2112 licet
1236 2077 1371 2112 iniusta
1397 2076 1637 2121 simpliciter:
1666 2077 1763 2111 unde
1788 2077 1838 2111 ibi

509 2137 554 2171 de
573 2136 644 2170 alia
662 2136 899 2181 possessione
919 2136 957 2170 fit
977 2146 1098 2170 sermo
1117 2146 1229 2180 quam
1248 2136 1294 2170 de
1312 2135 1548 2180 possessione
1575 2135 1611 2168 in
1637 2146 1702 2169 suo
1728 2145 1840 2169 sensu

508 2193 695 2239 primario,
716 2205 786 2238 que
812 2204 1002 2238 nunquam
1026 2200 1124 2228 extat
1148 2193 1305 2236 iniusta3
1333 2193 1442 2235 unde,
1463 2192 1567 2227 sicuti
1594 2192 1630 2226 in
1657 2191 1839 2236 principio

509 2252 628 2297 operis
646 2252 755 2286 huius
774 2251 1021 2296 expressimus
1041 2252 1138 2296 quod
1157 2252 1319 2285 dominii
1335 2251 1488 2285 verbum
1514 2261 1579 2295 per
1596 2256 1840 2294 tyrannorum
1856 2264 1895 2296 35

511 2310 721 2355 superbiam
746 2316 802 2344 est
828 2322 850 2344 a
876 2321 942 2344 suo
970 2320 1080 2344 sensu
1105 2308 1281 2353 primario
1301 2309 1527 2351 translatum,
1548 2308 1600 2343 sic
1620 2309 1666 2342 de
1692 2307 1841 2352 proprio

511 2379 555 2402 ac
582 2379 673 2412 puro
701 2367 875 2412 primario
903 2379 1013 2402 sensu
1043 2366 1150 2401 huius
1178 2366 1278 2401 verbi
1300 2367 1483 2411 possessio
1513 2365 1759 2400 communiter
1785 2372 1841 2400 est

511 2433 646 2460 actum.

562 2485 652 2518 IOH.
680 2484 795 2518 Grata
820 2483 889 2517 hec
914 2483 1060 2524 habe03
1087 2488 1143 2516 set
1170 2493 1244 2515 non
1263 2481 1370 2516 video
1396 2492 1459 2516 cur
1477 2482 1642 2516 volucres
1665 2487 1700 2516 et
1719 2488 1841 2516 cetera

514 2541 680 2586 spiritum
699 2540 771 2575 vite
798 2541 981 2574 habencia
1006 2551 1079 2574 non
1107 2539 1299 2584 possident
1324 2551 1381 2574 res
1408 2539 1476 2573 sibi
1503 2546 1645 2573 creatas
1673 2539 1709 2572 in
1732 2550 1839 2573 usum
1854 2553 1897 2584 40

513 2600 590 2634 sive
616 2600 653 2633 in
679 2610 826 2633 escam:
859 2598 946 2632 dicit
974 2597 1073 2632 enim
1104 2597 1306 2641 Scriptura,
1331 2598 1435 2640 Ecce,
1463 2597 1548 2630 dedi
1571 2597 1673 2630 vobis
1698 2607 1841 2630 omnem

512 2657 661 2691 herbam
688 2657 900 2700 afflrentem
926 2667 1046 2689 semen
1072 2657 1186 2700 super
1206 2658 1358 2698 terram,
1377 2658 1413 2688 et
1437 2655 1616 2688 universa
1641 2654 1748 2699 lzgmz
1773 2665 1842 2698 que

512 2715 648 2749 habent
670 2715 711 2748 2⁶72
737 2718 848 2748 semet
873 2715 966 2759 ipsis
994 2717 1188 2747 sementem
1213 2714 1363 2758 generis
1389 2713 1460 2755 sui,
1490 2716 1533 2746 ut
1557 2713 1635 2746 sint
1666 2712 1768 2746 vobis
1799 2713 1841 2745 in

512 2784 640 2814 escam,
671 2776 706 2806 et
734 2773 873 2806 cunctis
908 2771 1165 2805 animamibus
1194 2775 1300 2813 terre,
1331 2771 1502 2815 omnique
1531 2771 1680 2805 volucri
1703 2770 1779 2813 celi,
1808 2773 1845 2804 et
