2095 3278
49 197 136 225 CAP.
152 182 266 240 vur]
593 193 657 224 DE
691 192 936 225 PAUPERIE
969 191 1283 225 SALVATORIS.
1799 189 1884 233 445

161 300 255 342 400]
276 296 362 330 dere
392 296 492 340 quod
521 296 582 340 qui
609 296 709 331 iuxta
734 295 964 331 ceremonias
993 296 1086 340 legis
1112 296 1263 340 antique
1287 301 1433 340 reputat
1458 296 1600 341 aliquos

57 827 72 848 2
88 818 168 848 Par.
183 827 189 847 ε

55 861 149 892 codd.
170 868 192 890 Ι.

55 905 136 935 Par.

274 353 367 387 alios
393 365 475 388 esse
501 353 713 388 immundos
740 361 775 389 et
802 354 851 388 ita
877 355 1000 389 cibum
1027 354 1208 388 mundum
1236 355 1284 388 ab
1312 354 1505 388 immundo
1528 354 1600 387 dis-

275 411 401 454 cernit,
421 411 450 445 si
475 411 521 445 de
546 411 737 446 immundo
761 412 973 453 manducet,
996 413 1220 456 dampnatus
1247 418 1314 454 est,
1334 411 1419 456 quia
1445 423 1519 445 non
1546 418 1602 445 est

275 469 415 503 factum
433 480 539 503 suum
557 481 601 503 ex
618 470 700 512 fide,
720 470 870 513 scilicet,
885 481 928 504 ex
946 469 1198 511 consciencia;
1231 470 1346 503 Omne
1364 473 1487 503 aulem
1506 469 1608 513 quod

227 531 259 558 D
278 538 351 560 non
368 531 422 560 est
437 527 577 571 exfide,
597 527 746 570 scilicet,
766 534 896 562 contra
912 526 1185 561 conscienciam
1204 538 1316 571 quam
1336 526 1353 545 '¹‘
1370 527 1450 571 quis
1476 527 1602 569 habet,

277 588 331 618 est
346 587 550 629 peccatum.
604 586 710 627 Item,
728 584 873 619 videtur
899 585 1007 619 iudex
1033 584 1117 619 talis
1144 596 1227 619 esse
1251 584 1287 618 in
1312 596 1400 619 casu
1424 585 1602 628 Iosaphat

275 643 383 686 regis,
402 643 463 687 qui
482 643 586 676 Acab
607 642 684 687 regi
707 643 885 687 prebebat
902 642 1075 676 auxilium
1091 655 1099 683 ;
1126 644 1188 677 cui
1212 644 1375 676 occurrit
1399 644 1465 677 Ieu
1476 643 1602 686 filius,

276 700 416 742 videns,
431 704 467 734 et
482 702 538 734 ait
554 701 607 734 ad
619 712 713 743 eum,
728 701 849 745 Impia
858 701 989 745 prebes
1006 701 1207 742 auxilium,
1222 704 1257 734 et
1272 701 1347 734 lzz'z's
1364 702 1431 744 qui
1446 701 1606 734 oderunt

276 759 482 792 Dominum
508 760 678 793 amicicia
703 760 900 804 z'ungerz's;
928 763 964 792 et
988 758 1122 792 idcirco
1147 759 1245 792 iram
1271 759 1420 802 quidem
1447 759 1607 791 Domini

278 817 476 850 merebaris
503 816 537 859 (2
567 816 724 860 Paralip.
753 816 822 850 xix.
846 815 893 860 2).
943 816 1100 850 Videtur
1127 816 1227 850 enim
1257 817 1357 860 quod
1385 816 1494 850 iudex
1521 827 1603 860 pro-

277 874 399 908 ferens
424 875 536 908 talem
562 886 628 918 pro
652 873 778 918 iniquo
802 875 1031 909 sentenciam
1058 875 1187 918 prebet
1209 874 1258 908 illi
1283 873 1458 908 auxilium
1484 874 1604 907 eciam

279 932 316 966 in
344 931 543 976 impietatis
571 939 710 975 notam,
737 939 773 967 et
799 932 832 967 ei
859 932 1030 967 amicicia
1055 932 1215 976 iungitur
1244 932 1533 977 quoquomodo;
1569 938 1605 966 et

279 990 424 1024 videtur
441 989 624 1034 iniquitati
644 1002 710 1024 sue
729 991 765 1024 in
785 1002 852 1025 sua
870 990 1105 1024 consciencia
1123 989 1331 1025 consentire
1353 990 1449 1033 (eam
1473 1001 1605 1034 aggra-

282 1048 415 1090 vando,
434 1047 601 1092 scilicet),
620 1055 659 1083 ut
685 1049 818 1093 impius
844 1055 928 1083 actu
953 1048 1104 1083 alterius
1130 1049 1229 1082 bona
1252 1048 1416 1093 recipiat,
1439 1048 1500 1093 qui
1527 1049 1607 1082 solo

226 1118 263 1150 15
283 1105 447 1150 appetitu
478 1106 601 1151 iniquo
631 1113 715 1140 ante
742 1118 786 1141 ea
811 1107 948 1141 habere
966 1107 1133 1149 volebat3
1166 1113 1202 1140 et
1229 1106 1279 1140 ita
1305 1107 1513 1141 continetur
1539 1107 1608 1140 sub

282 1164 431 1198 decreto
461 1165 630 1208 apostoli⁷
649 1166 697 1199 ad
724 1166 830 1199 Rom.
861 1164 882 1199 i.
911 1174 966 1208 32,
992 1164 1066 1208 ubi,
1093 1165 1319 1199 enumeratis
1346 1164 1610 1207 fornicacione,

282 1222 439 1265 malicia,
456 1223 552 1265 dolo,
568 1229 603 1256 et
621 1222 702 1257 aliis
717 1223 914 1267 generibus
932 1229 1179 1267 peccatorum,
1196 1223 1247 1257 ita
1261 1222 1404 1264 diffinit,
1423 1223 1609 1267 Quoniam

281 1281 350 1324 qui
364 1281 459 1314 talia
478 1285 599 1325 agunt
614 1281 724 1326 digni
738 1285 828 1314 sunt
844 1285 970 1323 morte,
990 1292 1063 1314 non
1083 1281 1203 1315 solum
1231 1281 1300 1325 qui
1310 1281 1468 1325 faciunt
1487 1292 1540 1323 ea,
1559 1284 1614 1314 set

284 1339 352 1382 qui
375 1340 608 1372 consentiunt
621 1339 859 1383 facientibus.
911 1340 996 1373 Hoc
1022 1345 1147 1372 autem
1170 1338 1365 1373 manifeste
1389 1338 1488 1372 racio
1510 1345 1611 1383 pate-

229 1409 268 1432 20
286 1396 373 1430 facit
388 1409 397 1438 ;
423 1397 601 1441 quoniam
619 1396 717 1431 racio
736 1397 785 1431 ad
802 1397 873 1431 hoc
892 1397 980 1431 data
998 1403 1054 1431 est
1072 1396 1224 1440 homini,
1240 1403 1278 1431 ut
1294 1397 1386 1431 sciat
1402 1397 1613 1431 discernere

285 1454 426 1488 bonum
455 1466 478 1488 a
510 1456 608 1488 malo
638 1461 673 1489 et
700 1455 840 1489 bonum
867 1455 1003 1499 eligere
1033 1462 1069 1489 et
1094 1455 1233 1489 malum
1259 1455 1376 1489 vitare
1413 1457 1614 1499 (apposuit,

285 1511 414 1556 inquit,
433 1513 503 1546 tibi
525 1524 662 1557 aquam
689 1517 724 1546 et
742 1513 888 1558 igneum
914 1513 967 1547 ad
985 1514 1086 1557 quod
1104 1513 1270 1547 volueris
1282 1514 1440 1558 porrzge
1458 1524 1612 1547 manum

285 1574 390 1603 tuam
405 1582 417 1603 .·
454 1574 541 1604 ante
565 1571 748 1604 hominem
776 1572 859 1604 vila
888 1575 924 1604 et
948 1582 1057 1613 mors,
1093 1571 1227 1604 bonum
1260 1575 1296 1604 et
1327 1571 1482 1614 malum,
1517 1571 1619 1615 quod

280 1628 472 1672 placuerit
487 1629 522 1662 ei
537 1629 691 1662 dabitur
705 1629 778 1671 z'llz',
798 1628 913 1663 Eccli.
934 1641 990 1662 xv.
1009 1637 1061 1672 17,
1082 1628 1137 1672 18)
1155 1640 1162 1671 ;
1191 1627 1359 1662 ordinem
1377 1640 1465 1672 ergo
1483 1635 1614 1662 nature

231 1699 268 1730 25
289 1692 324 1720 et
350 1686 471 1730 legem
497 1686 574 1720 eius
601 1686 782 1728 dissolvit,
801 1687 862 1731 qui
889 1693 1018 1721 contra
1044 1686 1317 1721 conscienciam
1348 1686 1424 1721 sive
1454 1687 1614 1721 racionis

289 1755 376 1778 suae
404 1743 580 1778 iudicium
608 1744 806 1789 quicquam
839 1745 939 1789 agit:
979 1745 1097 1780 fateor
1124 1745 1234 1789 igitur
1265 1744 1425 1779 iudicem
1455 1744 1616 1780 scienter

286 1801 409 1836 taliter
434 1802 657 1837 iudicantem
682 1814 764 1838 esse
790 1803 975 1838 iniustum.

335 1917 422 1950 Non
448 1922 572 1950 tamen
599 1923 749 1961 propter
774 1917 845 1951 hoc
872 1916 1036 1962 sequitur
1059 1917 1158 1962 quod
1185 1919 1242 1952 lex
1266 1917 1327 1952 illa
1345 1928 1418 1962 qua
1436 1917 1545 1951 iudex
1564 1917 1616 1952 sic
1636 1925 1747 1959 VIII,

288 1974 426 2008 iudicat
454 1975 501 2009 sit
530 1974 667 2009 iniusta
692 1986 762 2019 que
791 1975 1010 2019 (secundum
1036 1976 1196 2020 allegata
1222 1982 1257 2010 et
1288 1974 1457 2020 probata)
1491 1976 1616 2010 statuit
1638 1988 1692 2013 But
1708 1987 1755 2012 the
1769 1987 1821 2012 law
1835 1987 1903 2012 does

233 2049 273 2079 30
290 2032 538 2076 iudicandum,
557 2033 733 2077 quoniam
750 2033 819 2067 hec
837 2034 894 2067 lex
912 2033 1071 2067 iudicem
1088 2035 1229 2068 nullum
1247 2040 1340 2068 artat
1359 2041 1397 2068 ut
1416 2033 1563 2076 iudicet,
1582 2040 1617 2068 et
1637 2020 1786 2086 ἓξζξζὲξζ
1795 2020 1903 2080 ξζῘΠΡΕῙ

291 2091 338 2125 01)
356 2091 427 2125 hoc
446 2091 494 2124 ad
511 2091 743 2135 peccandum
761 2102 836 2124 non
855 2098 993 2125 artatur
1011 2091 1119 2125 iudex
1137 2103 1158 2125 a
1177 2092 1258 2135 lege
1273 2104 1280 2135 3
1310 2098 1365 2126 set
1383 2093 1440 2126 lex
1458 2092 1618 2126 iudicem
1637 2097 1733 2121 wrong
1746 2088 1895 2114 decisions.

289 2150 337 2183 ad
360 2149 430 2183 hoc
456 2155 550 2183 artat
576 2149 687 2193 quod,
715 2149 745 2183 si
773 2149 998 2192 iudicaverit,
1019 2149 1130 2184 debet
1156 2150 1277 2184 taliter
1302 2150 1475 2184 iudicare.
1536 2151 1618 2190 Nec

289 2207 336 2242 ab
362 2206 512 2241 homine
539 2207 648 2241 debet
674 2206 902 2241 artacionem
929 2207 1115 2252 suscipere
1134 2214 1172 2242 ut
1197 2208 1307 2242 faciat
1327 2208 1466 2252 aliquid
1491 2214 1619 2242 contra

288 2267 412 2309 legem
440 2265 523 2308 Dei,
551 2265 670 2299 eciam
697 2265 726 2298 si
755 2265 889 2299 debeat
918 2272 1075 2299 mortem
1110 2265 1273 2310 corporis
1307 2265 1505 2310 suscipere,
1533 2265 1619 2310 quia

235 2337 273 2368 35
293 2336 367 2358 non
394 2330 448 2358 est
475 2323 680 2368 parendum
705 2322 847 2356 homini
875 2329 1005 2357 contra
1036 2324 1186 2365 Deum;
1215 2323 1313 2357 unde
1340 2335 1427 2358 suus
1455 2323 1620 2368 superior

292 2382 402 2417 debet
432 2393 516 2416 eum
546 2387 760 2415 excusatum
787 2381 935 2415 habere.
985 2382 1035 2415 Et
1064 2381 1112 2415 ob
1134 2381 1206 2415 hoc
1233 2381 1269 2415 in
1296 2393 1385 2415 casu
1411 2392 1485 2426 quo
1511 2382 1617 2415 iudex
1636 2388 1729 2426 When
1743 2388 1821 2413 there
1836 2388 1860 2414 is

291 2439 393 2474 novit
419 2440 465 2474 de
490 2446 591 2473 certo
618 2445 731 2473 testes
758 2438 990 2483 singulariter
1016 2438 1116 2473 iuxta
1143 2438 1221 2472 iura
1246 2439 1401 2473 ecclesie
1427 2446 1490 2473 aut
1517 2450 1617 2473 com·
1637 2422 1763 2459 anynsk
1777 2422 1835 2447 Ofa

1639 2455 1817 2493 miscarriage
1832 2455 1862 2481 of

291 2498 451 2532 muniter
468 2497 567 2531 iuxta
586 2497 664 2531 iura
681 2497 912 2541 quorundam
931 2508 1126 2540 regnorum
1150 2497 1379 2531 examinatos
1405 2497 1498 2531 falsa
1523 2497 1618 2530 affir-
1635 2488 1747 2521 jusnce,
1760 2488 1795 2513 he
1809 2488 1898 2520 ought

293 2567 416 2589 masse
444 2567 510 2600 pro
538 2555 644 2598 veris,
676 2561 737 2589 aut
765 2555 1007 2589 instrumenta
1031 2554 1200 2588 fortassis
1229 2555 1411 2599 producta
1439 2555 1620 2591 fabricata
1638 2522 1906 2588 ξὲἑεὶξῗὲὶξξξεςέιῗτῗ

236 2626 277 2657 40
296 2613 462 2656 existere,
480 2620 542 2647 aut
560 2624 775 2657 processum
793 2612 961 2657 previum
982 2612 1095 2646 fuisse
1114 2612 1324 2655 confictum,
1344 2612 1519 2646 iudicium
1537 2624 1620 2657 pro-

294 2672 388 2706 ferre
406 2683 480 2705 non
498 2672 619 2714 debet,
639 2677 693 2705 set
712 2682 862 2705 causam
882 2681 947 2705 suo
968 2670 1144 2714 superiori
1163 2671 1298 2705 referre
1316 2683 1322 2704 :
1351 2677 1385 2704 et
1411 2670 1464 2704 sic
1489 2671 1620 2713 grada-

295 2736 361 2764 t1m
388 2730 524 2763 debent
551 2729 752 2772 inferiores,
772 2728 801 2762 si
827 2728 878 2762 ita
896 2728 969 2762 sint
993 2728 1141 2771 conscii,
1161 2728 1208 2762 ad
1235 2728 1441 2773 superiores
1469 2739 1622 2762 causam

297 2788 490 2831 deducere,
510 2789 627 2823 donec
650 2787 698 2821 ad
723 2798 908 2821 summum
926 2786 1085 2821 iudicem
1104 2786 1283 2830 veniatur,
1303 2787 1364 2831 qui
1382 2787 1494 2821 habet
1514 2797 1624 2831 super
