2008 3305
158 222 214 262 94

368 1768 398 1796 ii.

355 2193 393 2219 iii.

836 217 901 248 DE
934 216 1152 248 DOMINIO
1184 217 1359 249 Drero
1559 204 1663 263 [CAP.
1685 215 1763 244 ΧΠ.

436 333 526 371 ralis
568 332 745 382 prioritas
784 333 881 370 inter
915 332 1081 371 divinam
1111 332 1323 369 essenciam
1358 337 1395 369 et
1427 342 1645 380 personam,
1681 340 1770 367 cum
1784 329 1880 371 [3113

436 404 611 443 essencia
626 415 706 441 non
721 404 843 453 possit
858 416 1011 452 preesse
1031 403 1177 452 origine
1194 403 1267 440 nisi
1287 414 1495 451 personam
1516 400 1746 450 produceret
1761 410 1769 436 :

436 475 543 524 quod
563 481 732 524 negatur,
754 486 845 512 cum
871 480 964 512 tunc
990 486 1087 523 eque
1116 472 1345 522 produceret
1373 472 1538 517 Patrem,
1560 471 1615 508 sic
1642 475 1771 507 essent

437 552 618 595 quattuor
651 557 816 594 persone
846 545 972 582 divine
1003 543 1061 595 (ut
1090 544 1211 581 abbas
1241 543 1416 580 Ioachim
1451 539 1662 591 arguebat).
1718 541 1770 577 Et

436 622 544 665 patet
559 616 748 653 deduccio
768 628 816 653 eo
837 615 943 665 quod
959 615 1117 664 gignere
1138 620 1195 651 est
1216 619 1325 651 actus
1347 613 1545 662 suppositi,
1563 612 1668 661 quod
1689 623 1769 649 non
1782 616 1805 650 5

437 687 622 736 competit
644 692 778 724 nature
799 686 997 724 communi
1014 685 1233 730 formaliter,
1250 690 1291 721 ut
1312 684 1373 721 hic
1395 683 1645 733 supponitur:
1669 688 1772 731 patet

438 770 532 806 ergo
553 757 659 807 quod
678 764 816 794 natura
837 757 964 794 divina
988 756 1092 793 nulla
1114 767 1269 793 suarum
1290 765 1544 804 personarum
1564 760 1621 791 est
1641 753 1773 802 aliquo

438 828 558 866 modo
587 829 701 877 prior.
760 828 811 865 Et
838 840 885 865 ex
913 828 985 865 isto
1011 833 1117 876 patet
1138 826 1287 864 solucio
1313 825 1362 863 ad
1391 826 1504 863 istam
1529 825 1772 870 instanciam,

439 898 551 935 Pater
580 905 636 936 est
664 899 768 948 prior
787 898 930 944 Verbo,
953 898 1042 948 quia
1070 897 1217 946 origine
1246 894 1303 947 (ut
1332 896 1423 933 dicit
1445 893 1714 945 Augustinus),
1736 899 1772 931 et

439 981 556 1019 quam
579 969 704 1018 primo
726 969 839 1006 Pater
859 976 926 1015 est,
949 975 1087 1006 natura
1114 967 1240 1005 divina
1266 974 1322 1004 est
1334 979 1343 1013 3
1375 978 1468 1015 ergo
1489 972 1623 1003 natura
1647 965 1772 1002 divina
1786 975 1828 998 10

438 1046 494 1078 est
528 1040 631 1089 prior
662 1039 806 1077 Verbo.
865 1039 1006 1077 Peccat
1040 1039 1228 1076 deduccio
1268 1049 1314 1074 eo
1349 1037 1456 1086 quod
1485 1042 1636 1085 oportet
1668 1035 1772 1085 equi-

438 1123 577 1149 vocare
604 1111 643 1148 in
665 1109 829 1161 ‘priori,'
850 1110 1099 1160 intelligendo
1128 1109 1168 1146 in
1198 1108 1334 1146 maiori
1359 1108 1463 1157 prius
1493 1106 1641 1155 origine
1670 1113 1707 1144 et
1733 1106 1774 1143 in

438 1183 577 1220 minori
598 1189 731 1220 nature
751 1182 997 1231 primitatem,
1017 1182 1106 1230 quia
1121 1181 1160 1217 in
1175 1180 1334 1229 paritate
1350 1178 1492 1228 gradus
1507 1177 1663 1227 originis
1684 1189 1773 1214 cum

439 1253 552 1291 Patre
582 1265 663 1290 non
692 1259 820 1302 potest
848 1253 942 1302 poni
973 1252 1100 1290 divina
1128 1250 1302 1289 essencia
1334 1249 1406 1287 nisi
1430 1255 1563 1299 posset
1583 1248 1774 1297 originare

440 1336 648 1374 personam
669 1324 830 1361 adintra.
1789 1326 1828 1359 15

494 1395 543 1432 Et
564 1395 593 1432 si
615 1395 783 1444 queritur
803 1401 931 1431 utrum
952 1405 1021 1443 pro
1037 1391 1102 1430 illo
1118 1390 1241 1442 gradu
1261 1391 1466 1441 prioritatis
1486 1390 1646 1439 originis
1662 1389 1775 1427 Pater

441 1466 487 1503 sit
506 1472 627 1515 pater,
644 1471 795 1503 constat
815 1465 921 1515 quod
943 1465 1019 1510 sic;
1050 1464 1140 1513 quia
1160 1463 1282 1509 Pater,
1306 1474 1395 1500 cum
1416 1474 1496 1499 non
1511 1473 1578 1509 per
1592 1460 1775 1498 accidens

440 1537 487 1574 sit
506 1543 627 1586 pater,
647 1548 746 1586 eque
770 1536 896 1585 primo
925 1535 1020 1573 sicut
1041 1541 1108 1580 est,
1130 1539 1188 1571 est
1206 1539 1334 1583 pater3
1365 1544 1436 1570 nec
1463 1532 1569 1581 prius
1596 1538 1659 1569 aut
1685 1543 1775 1580 pos-

440 1607 556 1645 terius
585 1614 642 1645 est
667 1607 841 1644 essencia
871 1618 990 1656 quam
1017 1612 1146 1655 pater3
1177 1611 1214 1642 et
1239 1616 1337 1653 eque
1366 1603 1505 1652 primo,
1526 1602 1616 1652 quia
1641 1608 1776 1640 natura

442 1690 540 1728 eque
560 1678 697 1727 primo,
720 1678 818 1715 sicut
839 1677 953 1714 Pater
973 1684 1028 1714 est
1048 1682 1167 1726 pater,
1188 1681 1246 1713 est
1261 1674 1436 1711 Verbum
1457 1672 1566 1719 filius,
1588 1673 1674 1710 licet
1695 1685 1775 1710 non
1790 1684 1831 1707 20

444 1761 542 1797 eque
572 1749 698 1797 primo
728 1748 885 1797 origine.
942 1747 992 1784 Et
1021 1747 1052 1785 si
1081 1752 1262 1796 queratur
1287 1745 1443 1782 ulterius
1470 1744 1563 1793 quid
1589 1750 1645 1781 est
1666 1743 1777 1781 Pater

444 1832 514 1869 pro
530 1819 594 1857 illo
610 1819 727 1868 priori
743 1819 912 1868 originis,
928 1825 1055 1855 utrum
1071 1829 1140 1866 pro
1156 1817 1219 1854 illo
1237 1817 1283 1854 sit
1297 1815 1470 1853 essencia
1484 1815 1542 1853 vel
1562 1814 1777 1864 intelligens

443 1890 594 1936 Filium,
630 1896 668 1927 et
702 1890 755 1927 sic
794 1888 1027 1938 intelligibile
1061 1886 1145 1925 Filii
1183 1887 1405 1936 precederet
1443 1896 1556 1923 suum
1589 1886 1750 1923 existere
1767 1896 1776 1930 ;

442 1962 578 1999 dicitur
594 1960 700 2010 quod
720 1972 791 2009 pro
812 1960 876 1997 illo
897 1959 1015 2008 priori
1036 1971 1116 1996 non
1137 1964 1194 1995 est
1209 1957 1383 1995 essencia
1403 1969 1474 1994 nec
1494 1956 1598 2006 quid,
1619 1956 1683 1993 sed
1705 1967 1777 2004 pro

442 2032 506 2069 illo
526 2031 643 2081 priori
664 2037 721 2069 est
742 2030 853 2068 Pater
875 2041 990 2068 causa
1009 2036 1046 2067 et
1066 2030 1176 2077 origo
1198 2028 1292 2073 Filii,
1314 2034 1350 2065 et
1376 2040 1448 2065 nec
1475 2039 1544 2076 pro
1571 2027 1634 2064 illo
1661 2026 1775 2075 priori
1791 2038 1830 2070 25

445 2102 462 2122 *
478 2102 662 2151 intelligit,
684 2102 845 2151 ignorat,
867 2100 1021 2150 cogitat,
1043 2105 1108 2137 aut
1127 2099 1204 2136 vult
1224 2098 1373 2144 Filium,
1392 2097 1460 2135 sed
1481 2098 1612 2135 omnia
1627 2098 1679 2134 ita
1698 2097 1777 2145 agit
1790 2111 1818 2141 G

444 2186 542 2223 eque
562 2173 688 2222 primo
709 2179 844 2210 natura
865 2183 955 2209 cum
974 2170 1081 2208 Filio.
1141 2169 1260 2216 Quod
1281 2169 1312 2207 si
1330 2169 1447 2206 tercio
1466 2169 1633 2217 queritur
1647 2174 1777 2204 utrum

444 2245 591 2282 instans
618 2243 855 2293 paternitatis
882 2248 1015 2279 nature
1044 2247 1081 2278 et
1109 2241 1255 2278 instans
1281 2239 1480 2289 primitatis
1507 2245 1640 2276 nature
1664 2245 1702 2275 et
1721 2238 1779 2276 in-

445 2322 551 2354 stans
567 2315 765 2364 primitatis
782 2313 940 2362 originis
956 2312 1117 2350 omnino
1134 2311 1207 2349 sint
1219 2311 1336 2360 paria,
1356 2310 1492 2347 dicitur
1512 2309 1616 2358 quod
1636 2308 1778 2358 gradus

445 2386 679 2436 primitatum
699 2391 857 2434 propter
872 2383 1131 2432 disparitatem
1152 2382 1347 2419 racionum
1368 2392 1448 2417 non
1469 2386 1557 2417 sunt
1572 2379 1778 2417 formaliter
1791 2394 1832 2425 30

444 2456 748 2506 comparabiles:
784 2453 1042 2492 essencialiter
1070 2459 1198 2490 autem
1233 2451 1405 2501 primitas
1436 2457 1493 2488 est
1521 2450 1671 2487 eadem.
1728 2449 1779 2487 Et

443 2529 495 2566 ita
526 2527 622 2565 sicut
642 2526 755 2563 Pater
783 2531 889 2563 extra
918 2523 1204 2561 accidentaliter
1227 2534 1299 2572 pro
1332 2521 1453 2571 gradu
1484 2520 1690 2570 prioritatis
1722 2527 1780 2558 est

481 2622 519 2639 12.
539 2613 571 2638 in
590 2611 699 2637 minori
716 2611 784 2637 AC:
806 2609 916 2636 minori
934 2606 965 2634 B.
1081 2609 1120 2633 26.
1143 2609 1151 2637 11
1164 2607 1215 2632 sed
1227 2607 1249 2632 B
1264 2607 1281 2632 f.
1297 2607 1346 2632 226
1356 2614 1382 2631 Β.
1493 2606 1532 2630 28.
1550 2605 1722 2636 primz'tatis
1737 2604 1778 2631 B:

439 2647 636 2680 paternitatis
650 2644 714 2671 AC.
751 2654 793 2677 31.
806 2644 951 2676 primitas
971 2643 1009 2668 B:
1025 2642 1199 2674 paternitas
1217 2640 1284 2666 AC.
1354 2649 1393 2671 32.
1411 2639 1512 2671 gradu
1532 2639 1571 2664 B:
1589 2639 1696 2671 gracia
1708 2638 1776 2664 AC.

462 2706 467 2710 ”
489 2724 518 2753 4.
545 2713 616 2744 The
640 2713 798 2743 inserence
819 2721 886 2742 was
908 2709 1049 2750 charged
1071 2709 1113 2749 by
1130 2707 1282 2748 Joachim
1311 2706 1439 2746 against
1465 2706 1560 2736 Peter
1585 2704 1779 2737 Lombard's

446 2765 601 2796 doctrine.
642 2764 701 2795 See
718 2763 818 2794 Conc.
840 2763 950 2793 Later.
972 2770 1053 2800 1215
1073 2770 1144 2800 cap.
1165 2760 1210 2797 ii.,
1229 2759 1336 2789 Mansi
1356 2767 1405 2787 22.
1424 2757 1485 2797 982
1505 2766 1570 2797 seq.

491 2828 519 2858 9.
547 2816 597 2848 Cf.
616 2817 755 2856 August.
773 2818 887 2845 contra
904 2812 1075 2844 Maximin.
1094 2812 1126 2843 ii.
1149 2812 1184 2842 18
1205 2813 1219 2847 ξ
1240 2822 1269 2852 4,
1286 2810 1372 2850 Opp.
1393 2809 1422 2841 8.
1438 2809 1502 2850 718
1523 2816 1552 2839 Β.
