<?xml version="1.0" encoding="UTF-8"?>
<!DOCTYPE html PUBLIC "-//W3C//DTD XHTML 1.0 Transitional//EN"
    "http://www.w3.org/TR/xhtml1/DTD/xhtml1-transitional.dtd">
<html xmlns="http://www.w3.org/1999/xhtml" xml:lang="en" lang="en">
 <head>
  <title>
</title>
<meta http-equiv="Content-Type" content="text/html;charset=utf-8" />
  <meta name='ocr-system' content='tesseract 3.04.00' />
  <meta name='ocr-capabilities' content='ocr_page ocr_carea ocr_par ocr_line ocrx_word'/>
</head>
<body>
  <div class='ocr_page' id='page_1' title='image "./dedominiodivinol00wycl_0253.png"; bbox 0 0 2008 3305; ppageno 0'>
   <div class='ocr_carea' id='block_1_1' title="bbox 214 182 1824 240">
    <p class='ocr_par' dir='ltr' id='par_1_1' title="bbox 214 182 1824 240">
     <span class='ocr_line' id='line_1_1' title="bbox 214 182 1824 240; baseline 0.001 -16"><span class='ocrx_word' id='word_1_1' title='bbox 214 196 301 225; x_wconf 84' lang='lat' dir='ltr'><strong>CAP.</strong></span> <span class='ocrx_word' id='word_1_2' title='bbox 323 182 384 240; x_wconf 84' lang='lat' dir='ltr'>v.]</span> <span class='ocrx_word' id='word_1_3' title='bbox 656 194 804 226; x_wconf 83' lang='lat' dir='ltr'>LIBER</span> <span class='ocrx_word' id='word_1_4' title='bbox 834 193 1104 227; x_wconf 80' lang='lat' dir='ltr'><strong>SECUNDUS.</strong></span> <span class='ocrx_word' id='word_1_5' title='bbox 1746 196 1824 240; x_wconf 87' lang='lat'>197</span> 
     </span>
    </p>
   </div>
   <div class='ocr_carea' id='block_1_2' title="bbox 110 310 1797 572">
    <p class='ocr_par' dir='ltr' id='par_1_2' title="bbox 110 310 1797 572">
     <span class='ocr_line' id='line_1_2' title="bbox 110 310 1547 360; baseline 0.003 -17"><span class='ocrx_word' id='word_1_6' title='bbox 110 311 203 354; x_wconf 79' lang='lat'><strong>670]</strong></span> <span class='ocrx_word' id='word_1_7' title='bbox 218 310 320 358; x_wconf 87' lang='lat' dir='ltr'>capit</span> <span class='ocrx_word' id='word_1_8' title='bbox 348 316 497 359; x_wconf 87' lang='lat' dir='ltr'>partem</span> <span class='ocrx_word' id='word_1_9' title='bbox 518 310 619 347; x_wconf 84' lang='lat' dir='ltr'>entis</span> <span class='ocrx_word' id='word_1_10' title='bbox 648 310 802 360; x_wconf 91' lang='lat' dir='ltr'>analogi</span> <span class='ocrx_word' id='word_1_11' title='bbox 818 324 828 357; x_wconf 84' lang='lat'>;</span> <span class='ocrx_word' id='word_1_12' title='bbox 857 323 946 349; x_wconf 89' lang='lat' dir='ltr'>curn</span> <span class='ocrx_word' id='word_1_13' title='bbox 975 322 1056 348; x_wconf 90' lang='lat' dir='ltr'>non</span> <span class='ocrx_word' id='word_1_14' title='bbox 1079 310 1218 348; x_wconf 91' lang='lat' dir='ltr'>habeat</span> <span class='ocrx_word' id='word_1_15' title='bbox 1247 316 1374 359; x_wconf 89' lang='lat' dir='ltr'>partes</span> <span class='ocrx_word' id='word_1_16' title='bbox 1399 310 1547 347; x_wconf 89' lang='lat' dir='ltr'>subiec-</span> 
     </span>
     <span class='ocr_line' id='line_1_3' title="bbox 217 380 1548 431; baseline 0 -14"><span class='ocrx_word' id='word_1_17' title='bbox 217 380 313 417; x_wconf 89' lang='lat' dir='ltr'>tivas</span> <span class='ocrx_word' id='word_1_18' title='bbox 333 380 392 417; x_wconf 90' lang='lat' dir='ltr'>vel</span> <span class='ocrx_word' id='word_1_19' title='bbox 418 381 638 429; x_wconf 82' lang='lat' dir='ltr'>singularia,</span> <span class='ocrx_word' id='word_1_20' title='bbox 660 381 727 418; x_wconf 85' lang='lat' dir='ltr'>sed</span> <span class='ocrx_word' id='word_1_21' title='bbox 747 394 795 418; x_wconf 86' lang='lat' dir='ltr'>ex</span> <span class='ocrx_word' id='word_1_22' title='bbox 822 393 924 431; x_wconf 93' lang='lat' dir='ltr'>equo</span> <span class='ocrx_word' id='word_1_23' title='bbox 945 382 1065 418; x_wconf 88' lang='lat' dir='ltr'>ambit</span> <span class='ocrx_word' id='word_1_24' title='bbox 1084 386 1221 427; x_wconf 88' lang='lat' dir='ltr'>totum,</span> <span class='ocrx_word' id='word_1_25' title='bbox 1246 393 1335 418; x_wconf 89' lang='lat' dir='ltr'>cum</span> <span class='ocrx_word' id='word_1_26' title='bbox 1358 381 1404 418; x_wconf 91' lang='lat' dir='ltr'>sit</span> <span class='ocrx_word' id='word_1_27' title='bbox 1424 381 1548 418; x_wconf 80' lang='lat' dir='ltr'>omnia</span> 
     </span>
     <span class='ocr_line' id='line_1_4' title="bbox 218 450 1493 501; baseline 0.001 -14"><span class='ocrx_word' id='word_1_28' title='bbox 218 451 258 488; x_wconf 84' lang='lat' dir='ltr'>z&#39;n</span> <span class='ocrx_word' id='word_1_29' title='bbox 277 450 442 487; x_wconf 76' lang='lat' dir='ltr'>omnibus</span> <span class='ocrx_word' id='word_1_30' title='bbox 461 458 498 488; x_wconf 90' lang='lat' dir='ltr'>et</span> <span class='ocrx_word' id='word_1_31' title='bbox 517 451 742 489; x_wconf 82' lang='lat' dir='ltr'>universitas</span> <span class='ocrx_word' id='word_1_32' title='bbox 763 458 890 489; x_wconf 87' lang='lat' dir='ltr'>creata</span> <span class='ocrx_word' id='word_1_33' title='bbox 910 453 949 488; x_wconf 83' lang='lat' dir='ltr'>z&#39;n</span> <span class='ocrx_word' id='word_1_34' title='bbox 971 453 1048 501; x_wconf 54' lang='grc' dir='ltr'>ῥύεο</span> <span class='ocrx_word' id='word_1_35' title='bbox 1068 451 1285 489; x_wconf 84' lang='lat' dir='ltr'><strong>eternaliter</strong></span> <span class='ocrx_word' id='word_1_36' title='bbox 1304 452 1383 488; x_wconf 78' lang='lat' dir='ltr'>vila</span> <span class='ocrx_word' id='word_1_37' title='bbox 1403 455 1493 488; x_wconf 77' lang='lat' dir='ltr'>erat.</span> 
     </span>
     <span class='ocr_line' id='line_1_5' title="bbox 272 521 1797 572; baseline 0.001 -14"><span class='ocrx_word' id='word_1_38' title='bbox 272 521 417 559; x_wconf 90' lang='lat' dir='ltr'>Tercio</span> <span class='ocrx_word' id='word_1_39' title='bbox 438 522 604 560; x_wconf 87' lang='lat' dir='ltr'>obicitur</span> <span class='ocrx_word' id='word_1_40' title='bbox 623 534 692 571; x_wconf 93' lang='lat' dir='ltr'>per</span> <span class='ocrx_word' id='word_1_41' title='bbox 712 521 787 560; x_wconf 90' lang='lat' dir='ltr'>hoc</span> <span class='ocrx_word' id='word_1_42' title='bbox 809 526 817 541; x_wconf 94' lang='lat'>‘</span> <span class='ocrx_word' id='word_1_43' title='bbox 832 522 947 572; x_wconf 83' lang='lat' dir='ltr'>quod,</span> <span class='ocrx_word' id='word_1_44' title='bbox 963 523 993 559; x_wconf 91' lang='lat' dir='ltr'>si</span> <span class='ocrx_word' id='word_1_45' title='bbox 1013 534 1082 560; x_wconf 89' lang='lat' dir='ltr'>ens</span> <span class='ocrx_word' id='word_1_46' title='bbox 1103 522 1313 571; x_wconf 83' lang='lat' dir='ltr'>analogum</span> <span class='ocrx_word' id='word_1_47' title='bbox 1334 521 1432 559; x_wconf 86' lang='lat' dir='ltr'>foret</span> <span class='ocrx_word' id='word_1_48' title='bbox 1455 534 1546 571; x_wconf 85' lang='lat' dir='ltr'>que·</span> <span class='ocrx_word' id='word_1_49' title='bbox 1560 535 1583 553; x_wconf 84' lang='lat' dir='ltr'>c·</span> <span class='ocrx_word' id='word_1_50' title='bbox 1603 535 1654 552; x_wconf 85' lang='lat' dir='ltr'>nor</span> <span class='ocrx_word' id='word_1_51' title='bbox 1665 526 1734 552; x_wconf 82' lang='lat' dir='ltr'>does</span> <span class='ocrx_word' id='word_1_52' title='bbox 1746 535 1797 552; x_wconf 82' lang='lat' dir='ltr'>our</span> 
     </span>
    </p>
   </div>
   <div class='ocr_carea' id='block_1_3' title="bbox 1561 560 1815 586">
    <p class='ocr_par' dir='ltr' id='par_1_3' title="bbox 1561 560 1815 586">
     <span class='ocr_line' id='line_1_6' title="bbox 1561 560 1815 586; baseline 0.004 -1"><span class='ocrx_word' id='word_1_53' title='bbox 1561 560 1687 585; x_wconf 85' lang='lat' dir='ltr'>doctrine</span> <span class='ocrx_word' id='word_1_54' title='bbox 1700 560 1815 586; x_wconf 86' lang='lat' dir='ltr'>confuse</span> 
     </span>
    </p>
   </div>
   <div class='ocr_carea' id='block_1_4' title="bbox 165 592 1785 1986">
    <p class='ocr_par' dir='ltr' id='par_1_4' title="bbox 165 592 1785 1986">
     <span class='ocr_line' id='line_1_7' title="bbox 186 592 1755 654; baseline 0.001 -26"><span class='ocrx_word' id='word_1_55' title='bbox 186 592 330 637; x_wconf 85' lang='lat' dir='ltr'>5‘libet</span> <span class='ocrx_word' id='word_1_56' title='bbox 359 599 542 638; x_wconf 90' lang='lat' dir='ltr'>creatura,</span> <span class='ocrx_word' id='word_1_57' title='bbox 562 599 654 630; x_wconf 92' lang='lat' dir='ltr'>tunc</span> <span class='ocrx_word' id='word_1_58' title='bbox 679 593 808 630; x_wconf 89' lang='lat' dir='ltr'>omnis</span> <span class='ocrx_word' id='word_1_59' title='bbox 837 599 1009 631; x_wconf 87' lang='lat' dir='ltr'>creatura</span> <span class='ocrx_word' id='word_1_60' title='bbox 1037 593 1133 631; x_wconf 92' lang='lat' dir='ltr'>foret</span> <span class='ocrx_word' id='word_1_61' title='bbox 1160 592 1278 639; x_wconf 88' lang='lat' dir='ltr'>Deus,</span> <span class='ocrx_word' id='word_1_62' title='bbox 1301 600 1338 630; x_wconf 88' lang='lat' dir='ltr'>et</span> <span class='ocrx_word' id='word_1_63' title='bbox 1363 593 1548 643; x_wconf 82' lang='lat' dir='ltr'>quidlibet</span> <span class='ocrx_word' id='word_1_64' title='bbox 1561 593 1755 654; x_wconf 52' lang='lat' dir='ltr'>gggtfflgfhe</span> 
     </span>
     <span class='ocr_line' id='line_1_8' title="bbox 219 662 1547 713; baseline 0.001 -14"><span class='ocrx_word' id='word_1_65' title='bbox 219 666 228 682; x_wconf 89' lang='lat'>‘</span> <span class='ocrx_word' id='word_1_66' title='bbox 242 662 427 712; x_wconf 87' lang='lat' dir='ltr'>quidlibet</span> <span class='ocrx_word' id='word_1_67' title='bbox 442 675 449 699; x_wconf 93' lang='lat'>:</span> <span class='ocrx_word' id='word_1_68' title='bbox 465 663 474 677; x_wconf 83' lang='lat'><em>’</em></span> <span class='ocrx_word' id='word_1_69' title='bbox 495 663 563 700; x_wconf 91' lang='lat' dir='ltr'>sed</span> <span class='ocrx_word' id='word_1_70' title='bbox 582 668 687 712; x_wconf 88' lang='lat' dir='ltr'>patet</span> <span class='ocrx_word' id='word_1_71' title='bbox 707 675 754 701; x_wconf 84' lang='lat' dir='ltr'>ex</span> <span class='ocrx_word' id='word_1_72' title='bbox 772 663 881 701; x_wconf 89' lang='lat' dir='ltr'>dictis</span> <span class='ocrx_word' id='word_1_73' title='bbox 897 664 944 701; x_wconf 92' lang='lat' dir='ltr'>de</span> <span class='ocrx_word' id='word_1_74' title='bbox 960 663 1067 713; x_wconf 89' lang='lat' dir='ltr'>ydeis</span> <span class='ocrx_word' id='word_1_75' title='bbox 1081 663 1186 713; x_wconf 90' lang='lat' dir='ltr'>quod</span> <span class='ocrx_word' id='word_1_76' title='bbox 1207 664 1398 701; x_wconf 89' lang='lat' dir='ltr'>neutrium</span> <span class='ocrx_word' id='word_1_77' title='bbox 1420 664 1547 713; x_wconf 88' lang='lat' dir='ltr'>sequi-</span> 
     </span>
     <span class='ocr_line' id='line_1_9' title="bbox 217 733 1548 784; baseline 0.001 -14"><span class='ocrx_word' id='word_1_78' title='bbox 217 739 291 779; x_wconf 85' lang='lat' dir='ltr'>tur,</span> <span class='ocrx_word' id='word_1_79' title='bbox 313 734 487 783; x_wconf 87' lang='lat' dir='ltr'>quamvis</span> <span class='ocrx_word' id='word_1_80' title='bbox 507 733 581 772; x_wconf 91' lang='lat' dir='ltr'>hoc</span> <span class='ocrx_word' id='word_1_81' title='bbox 603 746 672 771; x_wconf 89' lang='lat' dir='ltr'>ens</span> <span class='ocrx_word' id='word_1_82' title='bbox 692 734 750 771; x_wconf 90' lang='lat' dir='ltr'>vel</span> <span class='ocrx_word' id='word_1_83' title='bbox 770 734 842 771; x_wconf 85' lang='lat' dir='ltr'>ista</span> <span class='ocrx_word' id='word_1_84' title='bbox 861 746 921 771; x_wconf 86' lang='lat' dir='ltr'>res</span> <span class='ocrx_word' id='word_1_85' title='bbox 948 746 1192 784; x_wconf 90' lang='lat' dir='ltr'>quacumque</span> <span class='ocrx_word' id='word_1_86' title='bbox 1213 735 1480 772; x_wconf 85' lang='lat' dir='ltr'>demonstrata</span> <span class='ocrx_word' id='word_1_87' title='bbox 1500 735 1548 772; x_wconf 89' lang='lat' dir='ltr'>sit</span> 
     </span>
     <span class='ocr_line' id='line_1_10' title="bbox 217 802 1548 855; baseline 0.001 -14"><span class='ocrx_word' id='word_1_88' title='bbox 217 802 325 842; x_wconf 85' lang='lat' dir='ltr'>Deus</span> <span class='ocrx_word' id='word_1_89' title='bbox 339 817 349 851; x_wconf 89' lang='lat'>;</span> <span class='ocrx_word' id='word_1_90' title='bbox 380 816 461 842; x_wconf 90' lang='lat' dir='ltr'>non</span> <span class='ocrx_word' id='word_1_91' title='bbox 488 810 619 842; x_wconf 87' lang='lat' dir='ltr'>tamen</span> <span class='ocrx_word' id='word_1_92' title='bbox 646 805 774 854; x_wconf 87' lang='lat' dir='ltr'>aliqua</span> <span class='ocrx_word' id='word_1_93' title='bbox 801 812 983 851; x_wconf 87' lang='lat' dir='ltr'>creatura,</span> <span class='ocrx_word' id='word_1_94' title='bbox 1004 805 1142 854; x_wconf 90' lang='lat' dir='ltr'>aliquis</span> <span class='ocrx_word' id='word_1_95' title='bbox 1166 805 1298 852; x_wconf 88' lang='lat' dir='ltr'>homo,</span> <span class='ocrx_word' id='word_1_96' title='bbox 1319 806 1378 843; x_wconf 89' lang='lat' dir='ltr'>vel</span> <span class='ocrx_word' id='word_1_97' title='bbox 1405 805 1548 855; x_wconf 88' lang='lat' dir='ltr'>aliquid</span> 
     </span>
     <span class='ocr_line' id='line_1_11' title="bbox 218 875 1548 925; baseline 0.001 -13"><span class='ocrx_word' id='word_1_98' title='bbox 218 875 289 912; x_wconf 92' lang='lat' dir='ltr'>sub</span> <span class='ocrx_word' id='word_1_99' title='bbox 318 875 600 913; x_wconf 90' lang='lat' dir='ltr'>connotacione</span> <span class='ocrx_word' id='word_1_100' title='bbox 631 876 822 925; x_wconf 82' lang='lat' dir='ltr'>qualitatis</span> <span class='ocrx_word' id='word_1_101' title='bbox 850 876 1012 925; x_wconf 85' lang='lat' dir='ltr'>generis,</span> <span class='ocrx_word' id='word_1_102' title='bbox 1046 876 1113 913; x_wconf 90' lang='lat' dir='ltr'>sed</span> <span class='ocrx_word' id='word_1_103' title='bbox 1149 876 1364 913; x_wconf 87' lang='lat' dir='ltr'>secundum</span> <span class='ocrx_word' id='word_1_104' title='bbox 1398 888 1548 913; x_wconf 89' lang='lat' dir='ltr'>merum</span> 
     </span>
     <span class='ocr_line' id='line_1_12' title="bbox 166 946 1547 996; baseline 0.001 -14"><span class='ocrx_word' id='word_1_105' title='bbox 166 959 205 982; x_wconf 94' lang='lat'>10</span> <span class='ocrx_word' id='word_1_106' title='bbox 218 958 301 983; x_wconf 90' lang='lat' dir='ltr'>esse</span> <span class='ocrx_word' id='word_1_107' title='bbox 335 946 558 995; x_wconf 82' lang='lat' dir='ltr'>analogum,</span> <span class='ocrx_word' id='word_1_108' title='bbox 589 946 695 996; x_wconf 91' lang='lat' dir='ltr'>quod</span> <span class='ocrx_word' id='word_1_109' title='bbox 724 953 780 984; x_wconf 90' lang='lat' dir='ltr'>est</span> <span class='ocrx_word' id='word_1_110' title='bbox 809 959 893 984; x_wconf 88' lang='lat' dir='ltr'>esse</span> <span class='ocrx_word' id='word_1_111' title='bbox 923 946 1161 996; x_wconf 87' lang='lat' dir='ltr'>intelligibile</span> <span class='ocrx_word' id='word_1_112' title='bbox 1190 947 1248 984; x_wconf 92' lang='lat' dir='ltr'>vel</span> <span class='ocrx_word' id='word_1_113' title='bbox 1278 959 1363 984; x_wconf 86' lang='lat' dir='ltr'>esse</span> <span class='ocrx_word' id='word_1_114' title='bbox 1387 947 1547 985; x_wconf 86' lang='lat' dir='ltr'>adintra.</span> 
     </span>
     <span class='ocr_line' id='line_1_13' title="bbox 215 1017 1549 1067; baseline 0 -13"><span class='ocrx_word' id='word_1_115' title='bbox 215 1017 267 1054; x_wconf 90' lang='lat' dir='ltr'>Et</span> <span class='ocrx_word' id='word_1_116' title='bbox 286 1017 340 1054; x_wconf 90' lang='lat' dir='ltr'>sic</span> <span class='ocrx_word' id='word_1_117' title='bbox 360 1017 579 1066; x_wconf 85' lang='lat' dir='ltr'>intelligitur</span> <span class='ocrx_word' id='word_1_118' title='bbox 598 1017 703 1067; x_wconf 90' lang='lat' dir='ltr'>quod</span> <span class='ocrx_word' id='word_1_119' title='bbox 724 1029 807 1054; x_wconf 89' lang='lat' dir='ltr'>esse</span> <span class='ocrx_word' id='word_1_120' title='bbox 828 1024 883 1055; x_wconf 92' lang='lat' dir='ltr'>est</span> <span class='ocrx_word' id='word_1_121' title='bbox 905 1029 1113 1055; x_wconf 88' lang='lat' dir='ltr'>commune</span> <span class='ocrx_word' id='word_1_122' title='bbox 1134 1017 1289 1055; x_wconf 87' lang='lat' dir='ltr'>cuilibet</span> <span class='ocrx_word' id='word_1_123' title='bbox 1311 1025 1549 1064; x_wconf 81' lang='lat' dir='ltr'>creature,—</span> 
     </span>
     <span class='ocr_line' id='line_1_14' title="bbox 216 1087 1548 1137; baseline 0.002 -13"><span class='ocrx_word' id='word_1_124' title='bbox 216 1087 291 1125; x_wconf 91' lang='lat' dir='ltr'>hoc</span> <span class='ocrx_word' id='word_1_125' title='bbox 312 1094 379 1132; x_wconf 85' lang='lat' dir='ltr'>est,</span> <span class='ocrx_word' id='word_1_126' title='bbox 400 1088 572 1136; x_wconf 87' lang='lat' dir='ltr'>quelibet</span> <span class='ocrx_word' id='word_1_127' title='bbox 593 1094 766 1125; x_wconf 89' lang='lat' dir='ltr'>creatura</span> <span class='ocrx_word' id='word_1_128' title='bbox 786 1095 842 1125; x_wconf 88' lang='lat' dir='ltr'>est</span> <span class='ocrx_word' id='word_1_129' title='bbox 871 1087 1140 1137; x_wconf 86' lang='lat' dir='ltr'>illud‚—quod</span> <span class='ocrx_word' id='word_1_130' title='bbox 1160 1094 1216 1126; x_wconf 90' lang='lat' dir='ltr'>est</span> <span class='ocrx_word' id='word_1_131' title='bbox 1239 1100 1308 1126; x_wconf 87' lang='lat' dir='ltr'>ens</span> <span class='ocrx_word' id='word_1_132' title='bbox 1338 1088 1548 1137; x_wconf 89' lang='lat' dir='ltr'>analogum</span> 
     </span>
     <span class='ocr_line' id='line_1_15' title="bbox 216 1157 1548 1208; baseline 0.002 -14"><span class='ocrx_word' id='word_1_133' title='bbox 216 1157 294 1195; x_wconf 86' lang='lat' dir='ltr'>sive</span> <span class='ocrx_word' id='word_1_134' title='bbox 322 1157 441 1205; x_wconf 85' lang='lat' dir='ltr'>Deus,</span> <span class='ocrx_word' id='word_1_135' title='bbox 463 1158 522 1195; x_wconf 92' lang='lat' dir='ltr'>vel</span> <span class='ocrx_word' id='word_1_136' title='bbox 551 1158 720 1207; x_wconf 90' lang='lat' dir='ltr'>quelibet</span> <span class='ocrx_word' id='word_1_137' title='bbox 750 1165 925 1196; x_wconf 87' lang='lat' dir='ltr'>creatura</span> <span class='ocrx_word' id='word_1_138' title='bbox 955 1159 1169 1196; x_wconf 89' lang='lat' dir='ltr'>secundum</span> <span class='ocrx_word' id='word_1_139' title='bbox 1200 1171 1284 1196; x_wconf 91' lang='lat' dir='ltr'>esse</span> <span class='ocrx_word' id='word_1_140' title='bbox 1314 1159 1548 1208; x_wconf 90' lang='lat' dir='ltr'>intelligibile</span> 
     </span>
     <span class='ocr_line' id='line_1_16' title="bbox 216 1227 1547 1279; baseline 0.001 -14"><span class='ocrx_word' id='word_1_141' title='bbox 216 1234 273 1265; x_wconf 90' lang='lat' dir='ltr'>est</span> <span class='ocrx_word' id='word_1_142' title='bbox 302 1227 418 1267; x_wconf 81' lang='lat' dir='ltr'>Deus.</span> <span class='ocrx_word' id='word_1_143' title='bbox 477 1227 528 1266; x_wconf 88' lang='lat' dir='ltr'>Et</span> <span class='ocrx_word' id='word_1_144' title='bbox 556 1241 637 1266; x_wconf 93' lang='lat' dir='ltr'>non</span> <span class='ocrx_word' id='word_1_145' title='bbox 666 1229 805 1266; x_wconf 85' lang='lat' dir='ltr'>exinde</span> <span class='ocrx_word' id='word_1_146' title='bbox 835 1230 1005 1278; x_wconf 87' lang='lat' dir='ltr'>sequitur</span> <span class='ocrx_word' id='word_1_147' title='bbox 1033 1229 1140 1279; x_wconf 91' lang='lat' dir='ltr'>quod</span> <span class='ocrx_word' id='word_1_148' title='bbox 1174 1230 1220 1267; x_wconf 84' lang='lat' dir='ltr'>sit</span> <span class='ocrx_word' id='word_1_149' title='bbox 1252 1230 1359 1267; x_wconf 89' lang='lat' dir='ltr'>Deus</span> <span class='ocrx_word' id='word_1_150' title='bbox 1388 1236 1547 1279; x_wconf 88' lang='lat' dir='ltr'>propter</span> 
     </span>
     <span class='ocr_line' id='line_1_17' title="bbox 165 1299 1546 1350; baseline -0.001 -12"><span class='ocrx_word' id='word_1_151' title='bbox 165 1316 202 1348; x_wconf 83' lang='lat'>15</span> <span class='ocrx_word' id='word_1_152' title='bbox 215 1299 556 1348; x_wconf 88' lang='lat' dir='ltr'>equivocacionem</span> <span class='ocrx_word' id='word_1_153' title='bbox 571 1312 580 1346; x_wconf 90' lang='lat'>;</span> <span class='ocrx_word' id='word_1_154' title='bbox 612 1312 703 1337; x_wconf 90' lang='lat' dir='ltr'>nam</span> <span class='ocrx_word' id='word_1_155' title='bbox 725 1300 888 1349; x_wconf 86' lang='lat' dir='ltr'>qualitas</span> <span class='ocrx_word' id='word_1_156' title='bbox 915 1301 1064 1349; x_wconf 89' lang='lat' dir='ltr'>signata</span> <span class='ocrx_word' id='word_1_157' title='bbox 1084 1313 1152 1350; x_wconf 93' lang='lat' dir='ltr'>per</span> <span class='ocrx_word' id='word_1_158' title='bbox 1172 1312 1318 1338; x_wconf 88' lang='lat' dir='ltr'>nomen</span> <span class='ocrx_word' id='word_1_159' title='bbox 1347 1301 1386 1337; x_wconf 93' lang='lat' dir='ltr'>in</span> <span class='ocrx_word' id='word_1_160' title='bbox 1405 1313 1546 1349; x_wconf 88' lang='lat' dir='ltr'>genere</span> 
     </span>
     <span class='ocr_line' id='line_1_18' title="bbox 216 1369 1547 1420; baseline 0.002 -14"><span class='ocrx_word' id='word_1_161' title='bbox 216 1369 409 1407; x_wconf 84' lang='lat' dir='ltr'>contrahit</span> <span class='ocrx_word' id='word_1_162' title='bbox 420 1370 657 1420; x_wconf 87' lang='lat' dir='ltr'>predicatum</span> <span class='ocrx_word' id='word_1_163' title='bbox 672 1370 721 1407; x_wconf 90' lang='lat' dir='ltr'>ad</span> <span class='ocrx_word' id='word_1_164' title='bbox 738 1371 1047 1419; x_wconf 85' lang='lat' dir='ltr'>predicacionem</span> <span class='ocrx_word' id='word_1_165' title='bbox 1065 1371 1279 1408; x_wconf 91' lang='lat' dir='ltr'>secundum</span> <span class='ocrx_word' id='word_1_166' title='bbox 1298 1372 1547 1409; x_wconf 86' lang='lat' dir='ltr'>existenciam</span> 
     </span>
     <span class='ocr_line' id='line_1_19' title="bbox 215 1441 1547 1491; baseline 0.002 -14"><span class='ocrx_word' id='word_1_167' title='bbox 215 1447 411 1478; x_wconf 87' lang='lat' dir='ltr'>creature:</span> <span class='ocrx_word' id='word_1_168' title='bbox 441 1448 478 1478; x_wconf 91' lang='lat' dir='ltr'>et</span> <span class='ocrx_word' id='word_1_169' title='bbox 497 1447 602 1490; x_wconf 85' lang='lat' dir='ltr'>patet</span> <span class='ocrx_word' id='word_1_170' title='bbox 628 1441 733 1491; x_wconf 92' lang='lat' dir='ltr'>quod</span> <span class='ocrx_word' id='word_1_171' title='bbox 754 1448 995 1490; x_wconf 87' lang='lat' dir='ltr'>assumptum</span> <span class='ocrx_word' id='word_1_172' title='bbox 1017 1448 1073 1479; x_wconf 92' lang='lat' dir='ltr'>est</span> <span class='ocrx_word' id='word_1_173' title='bbox 1099 1442 1344 1491; x_wconf 88' lang='lat' dir='ltr'>equivocum,</span> <span class='ocrx_word' id='word_1_174' title='bbox 1365 1454 1454 1480; x_wconf 91' lang='lat' dir='ltr'>cum</span> <span class='ocrx_word' id='word_1_175' title='bbox 1478 1454 1547 1479; x_wconf 88' lang='lat' dir='ltr'>ens</span> 
     </span>
     <span class='ocr_line' id='line_1_20' title="bbox 215 1510 1546 1559; baseline 0.002 -12"><span class='ocrx_word' id='word_1_176' title='bbox 215 1510 428 1548; x_wconf 90' lang='lat' dir='ltr'>secundum</span> <span class='ocrx_word' id='word_1_177' title='bbox 448 1518 619 1549; x_wconf 88' lang='lat' dir='ltr'>creatam</span> <span class='ocrx_word' id='word_1_178' title='bbox 639 1513 898 1559; x_wconf 82' lang='lat' dir='ltr'>existenciam‚</span> <span class='ocrx_word' id='word_1_179' title='bbox 915 1519 951 1549; x_wconf 93' lang='lat' dir='ltr'>et</span> <span class='ocrx_word' id='word_1_180' title='bbox 971 1525 1050 1549; x_wconf 90' lang='lat' dir='ltr'>non</span> <span class='ocrx_word' id='word_1_181' title='bbox 1072 1513 1285 1550; x_wconf 88' lang='lat' dir='ltr'>secundum</span> <span class='ocrx_word' id='word_1_182' title='bbox 1306 1525 1390 1550; x_wconf 90' lang='lat' dir='ltr'>esse</span> <span class='ocrx_word' id='word_1_183' title='bbox 1410 1513 1546 1550; x_wconf 87' lang='lat' dir='ltr'>intelli-</span> 
     </span>
     <span class='ocr_line' id='line_1_21' title="bbox 215 1581 1548 1632; baseline 0.002 -15"><span class='ocrx_word' id='word_1_184' title='bbox 215 1581 341 1630; x_wconf 84' lang='lat' dir='ltr'>gibile,</span> <span class='ocrx_word' id='word_1_185' title='bbox 358 1582 403 1619; x_wconf 87' lang='lat' dir='ltr'>sit</span> <span class='ocrx_word' id='word_1_186' title='bbox 423 1582 590 1632; x_wconf 90' lang='lat' dir='ltr'>quelibet</span> <span class='ocrx_word' id='word_1_187' title='bbox 610 1590 794 1620; x_wconf 90' lang='lat' dir='ltr'>creatura.</span> <span class='ocrx_word' id='word_1_188' title='bbox 853 1582 937 1620; x_wconf 92' lang='lat' dir='ltr'>Nec</span> <span class='ocrx_word' id='word_1_189' title='bbox 959 1583 1128 1632; x_wconf 89' lang='lat' dir='ltr'>sequitur</span> <span class='ocrx_word' id='word_1_190' title='bbox 1149 1582 1353 1628; x_wconf 87' lang='lat' dir='ltr'>‘Quelibet</span> <span class='ocrx_word' id='word_1_191' title='bbox 1374 1589 1548 1620; x_wconf 88' lang='lat' dir='ltr'>creatura</span> 
     </span>
     <span class='ocr_line' id='line_1_22' title="bbox 169 1651 1547 1702; baseline 0.001 -14"><span class='ocrx_word' id='word_1_192' title='bbox 169 1659 202 1688; x_wconf 87' lang='lat' dir='ltr'><strong>D</strong></span> <span class='ocrx_word' id='word_1_193' title='bbox 217 1654 224 1669; x_wconf 96' lang='lat'>‘</span> <span class='ocrx_word' id='word_1_194' title='bbox 239 1658 295 1689; x_wconf 89' lang='lat' dir='ltr'>est</span> <span class='ocrx_word' id='word_1_195' title='bbox 315 1652 527 1689; x_wconf 91' lang='lat' dir='ltr'>secundum</span> <span class='ocrx_word' id='word_1_196' title='bbox 547 1665 632 1690; x_wconf 90' lang='lat' dir='ltr'>esse</span> <span class='ocrx_word' id='word_1_197' title='bbox 653 1653 887 1702; x_wconf 89' lang='lat' dir='ltr'>intelligibile</span> <span class='ocrx_word' id='word_1_198' title='bbox 908 1652 1027 1698; x_wconf 83' lang='lat' dir='ltr'>Deus,</span> <span class='ocrx_word' id='word_1_199' title='bbox 1053 1665 1146 1701; x_wconf 90' lang='lat' dir='ltr'>ergo</span> <span class='ocrx_word' id='word_1_200' title='bbox 1169 1651 1187 1672; x_wconf 75' lang='lat'>’¹‘</span> <span class='ocrx_word' id='word_1_201' title='bbox 1213 1659 1271 1690; x_wconf 89' lang='lat' dir='ltr'>est</span> <span class='ocrx_word' id='word_1_202' title='bbox 1290 1653 1398 1690; x_wconf 88' lang='lat' dir='ltr'>Deus</span> <span class='ocrx_word' id='word_1_203' title='bbox 1412 1666 1421 1700; x_wconf 72' lang='lat'>5</span> <span class='ocrx_word' id='word_1_204' title='bbox 1436 1653 1444 1668; x_wconf 90' lang='lat'><em>&#39;</em></span> <span class='ocrx_word' id='word_1_205' title='bbox 1475 1665 1547 1690; x_wconf 89' lang='lat' dir='ltr'>nec</span> 
     </span>
     <span class='ocr_line' id='line_1_23' title="bbox 215 1723 1547 1773; baseline 0.002 -14"><span class='ocrx_word' id='word_1_206' title='bbox 215 1723 398 1772; x_wconf 79' lang='lat' dir='ltr'>sequitur,</span> <span class='ocrx_word' id='word_1_207' title='bbox 431 1723 594 1761; x_wconf 88' lang='lat' dir='ltr'>‘Omnis</span> <span class='ocrx_word' id='word_1_208' title='bbox 627 1736 687 1761; x_wconf 90' lang='lat' dir='ltr'>res</span> <span class='ocrx_word' id='word_1_209' title='bbox 718 1729 775 1761; x_wconf 89' lang='lat' dir='ltr'>est</span> <span class='ocrx_word' id='word_1_210' title='bbox 805 1724 898 1761; x_wconf 90' lang='lat' dir='ltr'>illud</span> <span class='ocrx_word' id='word_1_211' title='bbox 931 1723 1037 1773; x_wconf 90' lang='lat' dir='ltr'>quod</span> <span class='ocrx_word' id='word_1_212' title='bbox 1077 1730 1135 1760; x_wconf 91' lang='lat' dir='ltr'>est</span> <span class='ocrx_word' id='word_1_213' title='bbox 1177 1724 1304 1761; x_wconf 87' lang='lat' dir='ltr'>omnis</span> <span class='ocrx_word' id='word_1_214' title='bbox 1345 1736 1419 1769; x_wconf 88' lang='lat' dir='ltr'>res,</span> <span class='ocrx_word' id='word_1_215' title='bbox 1454 1736 1547 1773; x_wconf 89' lang='lat' dir='ltr'>ergo</span> 
     </span>
     <span class='ocr_line' id='line_1_24' title="bbox 218 1793 1548 1844; baseline 0.002 -14"><span class='ocrx_word' id='word_1_216' title='bbox 218 1795 227 1811; x_wconf 88' lang='lat'>‘</span> <span class='ocrx_word' id='word_1_217' title='bbox 240 1794 368 1831; x_wconf 91' lang='lat' dir='ltr'>omnis</span> <span class='ocrx_word' id='word_1_218' title='bbox 388 1806 448 1831; x_wconf 89' lang='lat' dir='ltr'>res</span> <span class='ocrx_word' id='word_1_219' title='bbox 468 1801 525 1831; x_wconf 90' lang='lat' dir='ltr'>est</span> <span class='ocrx_word' id='word_1_220' title='bbox 541 1795 669 1832; x_wconf 88' lang='lat' dir='ltr'>omnis</span> <span class='ocrx_word' id='word_1_221' title='bbox 693 1807 753 1832; x_wconf 87' lang='lat' dir='ltr'>res</span> <span class='ocrx_word' id='word_1_222' title='bbox 767 1807 778 1842; x_wconf 87' lang='lat'>,·</span> <span class='ocrx_word' id='word_1_223' title='bbox 792 1793 801 1806; x_wconf 85' lang='lat'>’</span> <span class='ocrx_word' id='word_1_224' title='bbox 823 1801 860 1832; x_wconf 93' lang='lat' dir='ltr'>et</span> <span class='ocrx_word' id='word_1_225' title='bbox 881 1795 934 1832; x_wconf 90' lang='lat' dir='ltr'>sic</span> <span class='ocrx_word' id='word_1_226' title='bbox 951 1794 998 1831; x_wconf 94' lang='lat' dir='ltr'>de</span> <span class='ocrx_word' id='word_1_227' title='bbox 1019 1794 1206 1832; x_wconf 90' lang='lat' dir='ltr'>similibus</span> <span class='ocrx_word' id='word_1_228' title='bbox 1226 1794 1400 1843; x_wconf 87' lang='lat' dir='ltr'>arguciis,</span> <span class='ocrx_word' id='word_1_229' title='bbox 1418 1806 1492 1844; x_wconf 91' lang='lat' dir='ltr'>que</span> <span class='ocrx_word' id='word_1_230' title='bbox 1509 1794 1548 1832; x_wconf 91' lang='lat' dir='ltr'>in</span> 
     </span>
     <span class='ocr_line' id='line_1_25' title="bbox 216 1863 1061 1915; baseline 0.002 -14"><span class='ocrx_word' id='word_1_231' title='bbox 216 1869 378 1901; x_wconf 87' lang='lat' dir='ltr'>tractatu</span> <span class='ocrx_word' id='word_1_232' title='bbox 399 1864 447 1902; x_wconf 96' lang='lat' dir='ltr'>de</span> <span class='ocrx_word' id='word_1_233' title='bbox 467 1863 587 1902; x_wconf 87' lang='lat' dir='ltr'>Ydeis</span> <span class='ocrx_word' id='word_1_234' title='bbox 608 1865 760 1914; x_wconf 91' lang='lat' dir='ltr'>plenius</span> <span class='ocrx_word' id='word_1_235' title='bbox 781 1872 868 1902; x_wconf 82' lang='lat' dir='ltr'>sunt</span> <span class='ocrx_word' id='word_1_236' title='bbox 888 1872 1061 1915; x_wconf 86' lang='lat' dir='ltr'>purgate.</span> 
     </span>
     <span class='ocr_line' id='line_1_26' title="bbox 270 1934 1785 1986; baseline -0.001 -14"><span class='ocrx_word' id='word_1_237' title='bbox 270 1934 331 1971; x_wconf 82' lang='lat' dir='ltr'>Ex</span> <span class='ocrx_word' id='word_1_238' title='bbox 360 1935 439 1973; x_wconf 91' lang='lat' dir='ltr'>istis</span> <span class='ocrx_word' id='word_1_239' title='bbox 488 1936 658 1985; x_wconf 90' lang='lat' dir='ltr'>sequitur</span> <span class='ocrx_word' id='word_1_240' title='bbox 696 1936 800 1986; x_wconf 90' lang='lat' dir='ltr'>quod</span> <span class='ocrx_word' id='word_1_241' title='bbox 832 1948 902 1973; x_wconf 90' lang='lat' dir='ltr'>ens</span> <span class='ocrx_word' id='word_1_242' title='bbox 937 1948 1089 1973; x_wconf 89' lang='lat' dir='ltr'>summe</span> <span class='ocrx_word' id='word_1_243' title='bbox 1126 1936 1288 1974; x_wconf 90' lang='lat' dir='ltr'>univoce</span> <span class='ocrx_word' id='word_1_244' title='bbox 1326 1943 1364 1974; x_wconf 93' lang='lat' dir='ltr'>et</span> <span class='ocrx_word' id='word_1_245' title='bbox 1401 1949 1550 1975; x_wconf 90' lang='lat' dir='ltr'>summe</span> <span class='ocrx_word' id='word_1_246' title='bbox 1563 1948 1588 1971; x_wconf 87' lang='lat'>3·</span> <span class='ocrx_word' id='word_1_247' title='bbox 1609 1938 1785 1964; x_wconf 72' lang='lat' dir='ltr'>Conclusion-</span> 
     </span>
    </p>
   </div>
   <div class='ocr_carea' id='block_1_5' title="bbox 1562 1972 1828 2004">
    <p class='ocr_par' dir='ltr' id='par_1_5' title="bbox 1562 1972 1828 2004">
     <span class='ocr_line' id='line_1_27' title="bbox 1562 1972 1828 2004; baseline 0 -7"><span class='ocrx_word' id='word_1_248' title='bbox 1562 1981 1589 1998; x_wconf 85' lang='lat' dir='ltr'>a.</span> <span class='ocrx_word' id='word_1_249' title='bbox 1604 1972 1705 2004; x_wconf 86' lang='lat' dir='ltr'>Entity</span> <span class='ocrx_word' id='word_1_250' title='bbox 1711 1972 1828 2004; x_wconf 85' lang='lat' dir='ltr'>belongs</span> 
     </span>
    </p>
   </div>
   <div class='ocr_carea' id='block_1_6' title="bbox 165 2005 1814 2065">
    <p class='ocr_par' dir='ltr' id='par_1_6' title="bbox 165 2005 1814 2065">
     <span class='ocr_line' id='line_1_28' title="bbox 165 2005 1814 2065; baseline 0.002 -24"><span class='ocrx_word' id='word_1_251' title='bbox 165 2018 203 2052; x_wconf 88' lang='lat'>25</span> <span class='ocrx_word' id='word_1_252' title='bbox 217 2005 403 2054; x_wconf 90' lang='lat' dir='ltr'>equivoce</span> <span class='ocrx_word' id='word_1_253' title='bbox 437 2007 621 2055; x_wconf 89' lang='lat' dir='ltr'>competit</span> <span class='ocrx_word' id='word_1_254' title='bbox 650 2007 772 2056; x_wconf 89' lang='lat' dir='ltr'>prime</span> <span class='ocrx_word' id='word_1_255' title='bbox 806 2007 979 2044; x_wconf 87' lang='lat' dir='ltr'>essencie</span> <span class='ocrx_word' id='word_1_256' title='bbox 1010 2015 1046 2044; x_wconf 92' lang='lat' dir='ltr'>et</span> <span class='ocrx_word' id='word_1_257' title='bbox 1077 2007 1241 2045; x_wconf 89' lang='lat' dir='ltr'>creatis:</span> <span class='ocrx_word' id='word_1_258' title='bbox 1287 2019 1438 2045; x_wconf 92' lang='lat' dir='ltr'>summe</span> <span class='ocrx_word' id='word_1_259' title='bbox 1466 2008 1549 2044; x_wconf 88' lang='lat' dir='ltr'>uni·</span> <span class='ocrx_word' id='word_1_260' title='bbox 1562 2005 1814 2065; x_wconf 51' lang='grc' dir='ltr'>ζὲέξῇἑὲἑξὲξὲδῑ</span> 
     </span>
    </p>
   </div>
   <div class='ocr_carea' id='block_1_7' title="bbox 217 2071 1822 2131">
    <p class='ocr_par' dir='ltr' id='par_1_7' title="bbox 217 2071 1822 2131">
     <span class='ocr_line' id='line_1_29' title="bbox 217 2071 1822 2131; baseline 0.001 -18"><span class='ocrx_word' id='word_1_261' title='bbox 217 2088 323 2121; x_wconf 87' lang='lat' dir='ltr'>voce,</span> <span class='ocrx_word' id='word_1_262' title='bbox 353 2077 442 2125; x_wconf 88' lang='lat' dir='ltr'>quia</span> <span class='ocrx_word' id='word_1_263' title='bbox 472 2077 683 2114; x_wconf 83' lang='lat' dir='ltr'>secundum</span> <span class='ocrx_word' id='word_1_264' title='bbox 712 2078 879 2127; x_wconf 87' lang='lat' dir='ltr'>primam</span> <span class='ocrx_word' id='word_1_265' title='bbox 909 2078 1115 2124; x_wconf 85' lang='lat' dir='ltr'>racionem,</span> <span class='ocrx_word' id='word_1_266' title='bbox 1146 2090 1221 2127; x_wconf 88' lang='lat' dir='ltr'>que</span> <span class='ocrx_word' id='word_1_267' title='bbox 1251 2085 1308 2115; x_wconf 90' lang='lat' dir='ltr'>est</span> <span class='ocrx_word' id='word_1_268' title='bbox 1337 2078 1549 2115; x_wconf 89' lang='lat' dir='ltr'>intelleccio</span> <span class='ocrx_word' id='word_1_269' title='bbox 1562 2071 1822 2131; x_wconf 53' lang='lat' dir='ltr'>{fieeaggssghsigffjein</span> 
     </span>
    </p>
   </div>
   <div class='ocr_carea' id='block_1_8' title="bbox 1563 2139 1796 2172">
    <p class='ocr_par' dir='ltr' id='par_1_8' title="bbox 1563 2139 1796 2172">
     <span class='ocr_line' id='line_1_30' title="bbox 1563 2139 1796 2172; baseline 0 -7"><span class='ocrx_word' id='word_1_270' title='bbox 1563 2148 1595 2165; x_wconf 83' lang='lat' dir='ltr'>as</span> <span class='ocrx_word' id='word_1_271' title='bbox 1608 2139 1744 2172; x_wconf 83' lang='lat' dir='ltr'>touching</span> <span class='ocrx_word' id='word_1_272' title='bbox 1756 2139 1796 2165; x_wconf 90' lang='lat' dir='ltr'>in-</span> 
     </span>
    </p>
   </div>
   <div class='ocr_carea' id='block_1_9' title="bbox 216 2147 1818 2206">
    <p class='ocr_par' dir='ltr' id='par_1_9' title="bbox 216 2147 1818 2206">
     <span class='ocr_line' id='line_1_31' title="bbox 216 2147 1818 2206; baseline 0.001 -22"><span class='ocrx_word' id='word_1_273' title='bbox 216 2147 294 2184; x_wconf 87' lang='lat' dir='ltr'>sive</span> <span class='ocrx_word' id='word_1_274' title='bbox 333 2148 523 2196; x_wconf 89' lang='lat' dir='ltr'>cognicio,</span> <span class='ocrx_word' id='word_1_275' title='bbox 563 2154 600 2187; x_wconf 89' lang='lat' dir='ltr'>et</span> <span class='ocrx_word' id='word_1_276' title='bbox 642 2161 732 2186; x_wconf 88' lang='lat' dir='ltr'>cum</span> <span class='ocrx_word' id='word_1_277' title='bbox 771 2148 835 2186; x_wconf 89' lang='lat' dir='ltr'>illa</span> <span class='ocrx_word' id='word_1_278' title='bbox 876 2148 922 2185; x_wconf 91' lang='lat' dir='ltr'>sit</span> <span class='ocrx_word' id='word_1_279' title='bbox 959 2148 1084 2197; x_wconf 89' lang='lat' dir='ltr'>prima</span> <span class='ocrx_word' id='word_1_280' title='bbox 1124 2149 1299 2186; x_wconf 92' lang='lat' dir='ltr'>omnium</span> <span class='ocrx_word' id='word_1_281' title='bbox 1337 2149 1699 2205; x_wconf 72' lang='lat' dir='ltr'>racionum‚telligible</span> <span class='ocrx_word' id='word_1_282' title='bbox 1713 2173 1818 2206; x_wconf 51' lang='lat' dir='ltr'>beings,</span> 
     </span>
    </p>
   </div>
   <div class='ocr_carea' id='block_1_10' title="bbox 215 2217 1551 2268">
    <p class='ocr_par' dir='ltr' id='par_1_10' title="bbox 215 2217 1551 2268">
     <span class='ocr_line' id='line_1_32' title="bbox 215 2217 1551 2268; baseline 0.002 -14"><span class='ocrx_word' id='word_1_283' title='bbox 215 2224 321 2267; x_wconf 89' lang='lat' dir='ltr'>patet</span> <span class='ocrx_word' id='word_1_284' title='bbox 352 2217 457 2266; x_wconf 91' lang='lat' dir='ltr'>quod</span> <span class='ocrx_word' id='word_1_285' title='bbox 490 2230 560 2256; x_wconf 89' lang='lat' dir='ltr'>ens</span> <span class='ocrx_word' id='word_1_286' title='bbox 594 2219 775 2268; x_wconf 88' lang='lat' dir='ltr'>competit</span> <span class='ocrx_word' id='word_1_287' title='bbox 810 2219 1025 2256; x_wconf 90' lang='lat' dir='ltr'>secundum</span> <span class='ocrx_word' id='word_1_288' title='bbox 1055 2218 1348 2268; x_wconf 88' lang='lat' dir='ltr'>ydemptitatcm</span> <span class='ocrx_word' id='word_1_289' title='bbox 1386 2220 1551 2257; x_wconf 89' lang='lat' dir='ltr'>racionis</span> 
     </span>
    </p>
   </div>
   <div class='ocr_carea' id='block_1_11' title="bbox 216 2288 1830 2365">
    <p class='ocr_par' dir='ltr' id='par_1_11' title="bbox 216 2288 1830 2365">
     <span class='ocr_line' id='line_1_33' title="bbox 216 2288 1830 2365; baseline 0 -41"><span class='ocrx_word' id='word_1_290' title='bbox 216 2288 396 2337; x_wconf 89' lang='lat' dir='ltr'>primarie</span> <span class='ocrx_word' id='word_1_291' title='bbox 418 2289 525 2326; x_wconf 92' lang='lat' dir='ltr'>omni</span> <span class='ocrx_word' id='word_1_292' title='bbox 548 2289 626 2327; x_wconf 89' lang='lat' dir='ltr'>enti</span> <span class='ocrx_word' id='word_1_293' title='bbox 642 2302 651 2335; x_wconf 83' lang='lat'><em>3</em></span> <span class='ocrx_word' id='word_1_294' title='bbox 682 2296 718 2327; x_wconf 91' lang='lat' dir='ltr'>et</span> <span class='ocrx_word' id='word_1_295' title='bbox 739 2288 845 2339; x_wconf 91' lang='lat' dir='ltr'>quod</span> <span class='ocrx_word' id='word_1_296' title='bbox 866 2301 1017 2326; x_wconf 89' lang='lat' dir='ltr'>summe</span> <span class='ocrx_word' id='word_1_297' title='bbox 1038 2290 1235 2339; x_wconf 89' lang='lat' dir='ltr'>equivoce,</span> <span class='ocrx_word' id='word_1_298' title='bbox 1264 2296 1369 2339; x_wconf 87' lang='lat' dir='ltr'>patet</span> <span class='ocrx_word' id='word_1_299' title='bbox 1398 2303 1445 2327; x_wconf 85' lang='lat' dir='ltr'>ex</span> <span class='ocrx_word' id='word_1_300' title='bbox 1475 2290 1550 2328; x_wconf 89' lang='lat' dir='ltr'>hoc</span> <span class='ocrx_word' id='word_1_301' title='bbox 1563 2297 1830 2365; x_wconf 48' lang='grc' dir='ltr'>ξέῐξεέηᾶἒέξὲὶέὧεέἕι</span> 
     </span>
    </p>
   </div>
   <div class='ocr_carea' id='block_1_12' title="bbox 165 2359 1828 2481">
    <p class='ocr_par' dir='ltr' id='par_1_12' title="bbox 165 2359 1828 2481">
     <span class='ocr_line' id='line_1_34' title="bbox 165 2359 1820 2410; baseline 0 -13"><span class='ocrx_word' id='word_1_302' title='bbox 165 2367 206 2397; x_wconf 85' lang='grc'>30</span> <span class='ocrx_word' id='word_1_303' title='bbox 218 2359 323 2408; x_wconf 92' lang='lat' dir='ltr'>quod</span> <span class='ocrx_word' id='word_1_304' title='bbox 344 2360 557 2397; x_wconf 89' lang='lat' dir='ltr'>secundum</span> <span class='ocrx_word' id='word_1_305' title='bbox 578 2371 770 2397; x_wconf 90' lang='lat' dir='ltr'>summam</span> <span class='ocrx_word' id='word_1_306' title='bbox 792 2360 1047 2397; x_wconf 88' lang='lat' dir='ltr'>diversitatem</span> <span class='ocrx_word' id='word_1_307' title='bbox 1067 2360 1232 2397; x_wconf 88' lang='lat' dir='ltr'>racionis</span> <span class='ocrx_word' id='word_1_308' title='bbox 1253 2360 1453 2406; x_wconf 83' lang='lat' dir='ltr'>existendi,</span> <span class='ocrx_word' id='word_1_309' title='bbox 1475 2373 1550 2410; x_wconf 87' lang='lat' dir='ltr'>que</span> <span class='ocrx_word' id='word_1_310' title='bbox 1563 2366 1657 2391; x_wconf 74' lang='lat' dir='ltr'>actual</span> <span class='ocrx_word' id='word_1_311' title='bbox 1671 2365 1820 2392; x_wconf 76' lang='lat' dir='ltr'>existence-</span> 
     </span>
     <span class='ocr_line' id='line_1_35' title="bbox 215 2429 1828 2481; baseline 0.004 -15"><span class='ocrx_word' id='word_1_312' title='bbox 215 2435 273 2466; x_wconf 91' lang='lat' dir='ltr'>est</span> <span class='ocrx_word' id='word_1_313' title='bbox 291 2429 415 2479; x_wconf 90' lang='lat' dir='ltr'>prima</span> <span class='ocrx_word' id='word_1_314' title='bbox 443 2430 644 2479; x_wconf 87' lang='lat' dir='ltr'>disparitas</span> <span class='ocrx_word' id='word_1_315' title='bbox 670 2430 874 2481; x_wconf 84' lang='lat' dir='ltr'>possibilis.</span> <span class='ocrx_word' id='word_1_316' title='bbox 933 2430 1114 2468; x_wconf 89' lang='lat' dir='ltr'>Secundo</span> <span class='ocrx_word' id='word_1_317' title='bbox 1142 2437 1246 2480; x_wconf 92' lang='lat' dir='ltr'>patet</span> <span class='ocrx_word' id='word_1_318' title='bbox 1278 2431 1384 2481; x_wconf 90' lang='lat' dir='ltr'>quod</span> <span class='ocrx_word' id='word_1_319' title='bbox 1403 2431 1550 2469; x_wconf 88' lang='lat' dir='ltr'>nullum</span> <span class='ocrx_word' id='word_1_320' title='bbox 1563 2437 1587 2464; x_wconf 83' lang='lat' dir='ltr'>b·</span> <span class='ocrx_word' id='word_1_321' title='bbox 1603 2437 1828 2472; x_wconf 80' lang='lat' dir='ltr'>God&#39;slordship</span> 
     </span>
    </p>
   </div>
   <div class='ocr_carea' id='block_1_13' title="bbox 215 2534 1551 2839">
    <p class='ocr_par' dir='ltr' id='par_1_13' title="bbox 215 2534 1551 2601">
     <span class='ocr_line' id='line_1_36' title="bbox 215 2534 1551 2601; baseline 0.004 -42"><span class='ocrx_word' id='word_1_322' title='bbox 215 2569 229 2594; x_wconf 76' lang='lat'>8</span> <span class='ocrx_word' id='word_1_323' title='bbox 249 2535 396 2593; x_wconf 59' lang='lat' dir='ltr'>ZImequOBB</span> <span class='ocrx_word' id='word_1_324' title='bbox 409 2541 489 2594; x_wconf 76' lang='lat' dir='ltr'>:dqua</span> <span class='ocrx_word' id='word_1_325' title='bbox 497 2535 562 2596; x_wconf 43' lang='lat'>1253.</span> <span class='ocrx_word' id='word_1_326' title='bbox 651 2536 674 2561; x_wconf 92' lang='lat'>6.</span> <span class='ocrx_word' id='word_1_327' title='bbox 695 2534 1088 2601; x_wconf 38' lang='lat' dir='ltr'>gullissibifttsssstqudlgbetl&amp;</span> <span class='ocrx_word' id='word_1_328' title='bbox 1097 2535 1131 2562; x_wconf 87' lang='lat' dir='ltr'>C.</span> <span class='ocrx_word' id='word_1_329' title='bbox 1216 2542 1239 2568; x_wconf 90' lang='lat'>7.</span> <span class='ocrx_word' id='word_1_330' title='bbox 1256 2535 1306 2562; x_wconf 77' lang='lat' dir='ltr'>hoc</span> <span class='ocrx_word' id='word_1_331' title='bbox 1315 2535 1373 2562; x_wconf 91' lang='lat' dir='ltr'>AC</span> <span class='ocrx_word' id='word_1_332' title='bbox 1386 2542 1392 2562; x_wconf 72' lang='grc' dir='ltr'><strong>Σ</strong></span> <span class='ocrx_word' id='word_1_333' title='bbox 1411 2536 1442 2562; x_wconf 79' lang='lat' dir='ltr'>in</span> <span class='ocrx_word' id='word_1_334' title='bbox 1454 2536 1504 2563; x_wconf 71' lang='grc' dir='ltr'>[ωε</span> <span class='ocrx_word' id='word_1_335' title='bbox 1517 2536 1551 2565; x_wconf 89' lang='grc' dir='ltr'>Β.</span> 
     </span>
     <span class='ocr_line' id='line_1_37' title="bbox 234 2575 1018 2601; baseline 0.001 -8"><span class='ocrx_word' id='word_1_336' title='bbox 234 2588 238 2593; x_wconf 91' lang='grc'>.</span> <span class='ocrx_word' id='word_1_337' title='bbox 295 2577 340 2593; x_wconf 74' lang='lat' dir='ltr'>nlo</span> <span class='ocrx_word' id='word_1_338' title='bbox 391 2575 397 2594; x_wconf 69' lang='grc' dir='ltr'>Σ</span> <span class='ocrx_word' id='word_1_339' title='bbox 437 2577 487 2594; x_wconf 80' lang='lat' dir='ltr'>eus</span> <span class='ocrx_word' id='word_1_340' title='bbox 563 2588 569 2594; x_wconf 72' lang='grc' dir='ltr'>ι</span> <span class='ocrx_word' id='word_1_341' title='bbox 684 2578 698 2594; x_wconf 88' lang='grc'>2</span> <span class='ocrx_word' id='word_1_342' title='bbox 718 2588 724 2595; x_wconf 85' lang='grc'><em>.</em></span> <span class='ocrx_word' id='word_1_343' title='bbox 784 2578 803 2594; x_wconf 73' lang='lat' dir='ltr'><em>a</em></span> <span class='ocrx_word' id='word_1_344' title='bbox 818 2578 832 2594; x_wconf 72' lang='grc' dir='ltr'><em>Ε</em></span> <span class='ocrx_word' id='word_1_345' title='bbox 909 2589 915 2596; x_wconf 77' lang='lat'>.</span> <span class='ocrx_word' id='word_1_346' title='bbox 929 2578 977 2601; x_wconf 79' lang='lat'>242</span> <span class='ocrx_word' id='word_1_347' title='bbox 1012 2588 1018 2594; x_wconf 83' lang='grc'><strong>.</strong></span> 
     </span>
    </p>

    <p class='ocr_par' dir='ltr' id='par_1_14' title="bbox 260 2641 523 2673">
     <span class='ocr_line' id='line_1_38' title="bbox 260 2641 523 2673; baseline 0.008 -2"><span class='ocrx_word' id='word_1_348' title='bbox 260 2650 290 2672; x_wconf 82' lang='lat'>2.</span> <span class='ocrx_word' id='word_1_349' title='bbox 315 2641 388 2672; x_wconf 92' lang='lat' dir='ltr'>Col.</span> <span class='ocrx_word' id='word_1_350' title='bbox 406 2641 452 2672; x_wconf 91' lang='lat' dir='ltr'>iii.</span> <span class='ocrx_word' id='word_1_351' title='bbox 473 2650 523 2673; x_wconf 89' lang='lat'>11.</span> 
     </span>
    </p>

    <p class='ocr_par' dir='ltr' id='par_1_15' title="bbox 262 2693 933 2735">
     <span class='ocr_line' id='line_1_39' title="bbox 262 2693 933 2735; baseline -0.003 -9"><span class='ocrx_word' id='word_1_352' title='bbox 262 2703 291 2734; x_wconf 82' lang='lat'>3.</span> <span class='ocrx_word' id='word_1_353' title='bbox 315 2693 390 2733; x_wconf 91' lang='lat' dir='ltr'>Joh.</span> <span class='ocrx_word' id='word_1_354' title='bbox 409 2694 430 2724; x_wconf 91' lang='lat' dir='ltr'>i.</span> <span class='ocrx_word' id='word_1_355' title='bbox 443 2703 472 2733; x_wconf 80' lang='lat'>3,</span> <span class='ocrx_word' id='word_1_356' title='bbox 488 2703 528 2733; x_wconf 89' lang='lat'>4:</span> <span class='ocrx_word' id='word_1_357' title='bbox 552 2693 592 2726; x_wconf 87' lang='lat' dir='ltr'>cf.</span> <span class='ocrx_word' id='word_1_358' title='bbox 611 2704 718 2735; x_wconf 85' lang='lat' dir='ltr'>supra,</span> <span class='ocrx_word' id='word_1_359' title='bbox 737 2705 768 2735; x_wconf 89' lang='lat' dir='ltr'>p.</span> <span class='ocrx_word' id='word_1_360' title='bbox 784 2693 837 2733; x_wconf 89' lang='lat'>61,</span> <span class='ocrx_word' id='word_1_361' title='bbox 854 2704 884 2726; x_wconf 87' lang='lat' dir='ltr'>n.</span> <span class='ocrx_word' id='word_1_362' title='bbox 905 2702 933 2734; x_wconf 86' lang='lat'>5.</span> 
     </span>
    </p>

    <p class='ocr_par' dir='ltr' id='par_1_16' title="bbox 216 2745 1544 2839">
     <span class='ocr_line' id='line_1_40' title="bbox 263 2745 1544 2785; baseline 0.001 -8"><span class='ocrx_word' id='word_1_363' title='bbox 263 2756 278 2777; x_wconf 87' lang='lat'><strong>2</strong></span> <span class='ocrx_word' id='word_1_364' title='bbox 285 2755 313 2785; x_wconf 83' lang='lat'>3.</span> <span class='ocrx_word' id='word_1_365' title='bbox 338 2745 410 2777; x_wconf 85' lang='lat' dir='ltr'>The</span> <span class='ocrx_word' id='word_1_366' title='bbox 426 2746 597 2777; x_wconf 83' lang='lat' dir='ltr'>Tractatus</span> <span class='ocrx_word' id='word_1_367' title='bbox 613 2747 652 2777; x_wconf 88' lang='lat' dir='ltr'>de</span> <span class='ocrx_word' id='word_1_368' title='bbox 669 2746 770 2777; x_wconf 85' lang='lat' dir='ltr'>Ydeis</span> <span class='ocrx_word' id='word_1_369' title='bbox 787 2747 887 2777; x_wconf 84' lang='lat' dir='ltr'>forms</span> <span class='ocrx_word' id='word_1_370' title='bbox 904 2747 960 2778; x_wconf 90' lang='lat' dir='ltr'>the</span> <span class='ocrx_word' id='word_1_371' title='bbox 985 2745 1055 2777; x_wconf 83' lang='lat' dir='ltr'>fifth</span> <span class='ocrx_word' id='word_1_372' title='bbox 1079 2750 1162 2777; x_wconf 83' lang='lat' dir='ltr'>tract</span> <span class='ocrx_word' id='word_1_373' title='bbox 1187 2745 1224 2776; x_wconf 92' lang='lat' dir='ltr'>of</span> <span class='ocrx_word' id='word_1_374' title='bbox 1240 2746 1295 2778; x_wconf 85' lang='lat' dir='ltr'>the</span> <span class='ocrx_word' id='word_1_375' title='bbox 1316 2746 1437 2778; x_wconf 83' lang='lat' dir='ltr'>second</span> <span class='ocrx_word' id='word_1_376' title='bbox 1456 2747 1544 2778; x_wconf 89' lang='lat' dir='ltr'>book</span> 
     </span>
     <span class='ocr_line' id='line_1_41' title="bbox 216 2796 1224 2839; baseline 0.002 -10"><span class='ocrx_word' id='word_1_377' title='bbox 216 2797 251 2829; x_wconf 85' lang='lat' dir='ltr'>of</span> <span class='ocrx_word' id='word_1_378' title='bbox 265 2796 444 2839; x_wconf 83' lang='lat' dir='ltr'>Wycliffe’s</span> <span class='ocrx_word' id='word_1_379' title='bbox 460 2803 551 2839; x_wconf 87' lang='lat' dir='ltr'>great</span> <span class='ocrx_word' id='word_1_380' title='bbox 566 2798 694 2830; x_wconf 80' lang='lat' dir='ltr'>treatise</span> <span class='ocrx_word' id='word_1_381' title='bbox 711 2799 762 2829; x_wconf 90' lang='lat' dir='ltr'>De</span> <span class='ocrx_word' id='word_1_382' title='bbox 780 2799 861 2830; x_wconf 86' lang='lat' dir='ltr'>Ente</span> <span class='ocrx_word' id='word_1_383' title='bbox 879 2798 1032 2839; x_wconf 85' lang='lat' dir='ltr'>(Shirley‚</span> <span class='ocrx_word' id='word_1_384' title='bbox 1051 2797 1158 2830; x_wconf 86' lang='lat' dir='ltr'>Catal.</span> <span class='ocrx_word' id='word_1_385' title='bbox 1178 2799 1224 2839; x_wconf 81' lang='grc'>3).</span> 
     </span>
    </p>
   </div>
  </div>
 </body>
</html>
