2095 3278
72 187 336 242 CAP.xxx1v.]
611 198 676 231 DE
708 198 947 232 PAUPERIE
981 198 1296 232 SALVATORIS.
1811 204 1889 246 331

179 307 273 348 14B]
288 301 339 337 ita
360 313 424 346 per
443 301 688 336 donacionem
711 308 746 336 et
771 313 836 346 per
858 302 1091 347 empcionem
1107 303 1282 347 recipere,
1301 302 1475 347 quoniam
1501 301 1537 337 in
1562 301 1614 337 sic
1627 303 1896 364 ἔὲξᾶςοῖΐέἶιῑξὲνίνξτ,

287 359 514 404 proficiendo
531 359 672 393 homini
691 360 803 394 claret
820 371 908 403 erga
926 360 1027 393 illum
1046 366 1081 394 et
1099 366 1287 394 exercetur
1305 359 1430 394 divina
1449 359 1613 403 dileccio,
1628 371 1713 403 good.

287 417 390 450 cuius
409 416 627 451 exercicium
646 428 792 461 semper
808 423 863 451 est
882 417 1036 460 virtutis,
1055 428 1130 451 non
1149 417 1233 452 vicii
1252 429 1259 451 z
1286 424 1322 452 et
1342 418 1389 451 ob
1404 418 1474 451 hoc
1491 429 1511 452 e
1530 429 1615 451 con-

288 473 398 509 trario
422 474 497 518 agit
516 475 632 517 Deus,
650 485 725 508 non
751 474 962 519 recipiendo
988 486 1122 509 munus
1148 487 1171 509 a
1195 475 1314 518 malis,
1332 476 1463 509 nolens
1489 486 1553 509 eos
1579 475 1616 510 in

256 531 476 571 50fferend0
503 532 679 576 proficere
695 544 704 573 ;
743 532 840 565 unde
867 532 982 565 habes
1012 531 1152 566 dictum
1182 544 1247 576 per
1278 532 1506 566 Malachiam
1533 543 1616 577 pro-

288 590 440 634 phetam
480 588 676 632 dicentem,
710 590 799 623 Non
839 593 893 623 est
929 589 1046 623 miclzi
1080 589 1258 623 voluntas
1299 590 1340 623 in
1379 590 1492 632 vobis,
1525 591 1618 624 dicit

287 647 477 681 Dominus
492 647 731 689 exercituum,
750 650 786 680 et
804 657 942 680 munus
964 658 1037 681 non
1057 648 1259 692 suscipiam
1284 648 1327 681 de
1352 658 1468 681 manu
1491 651 1617 681 vestra

291 704 469 749 (Malach.
488 703 510 737 i.
533 703 614 748 10);
645 705 742 738 unde
769 710 912 738 constat
932 704 1137 739 Dominum
1159 705 1256 739 nolle
1279 704 1441 749 recipere
1467 711 1617 749 propter

286 762 445 806 primam
470 762 617 806 culpam
642 761 801 796 hominis
825 773 959 796 munus
985 762 1075 805 eius,
1100 763 1230 797 nolens
1256 773 1340 797 eum
1366 762 1403 797 in
1429 762 1616 797 offerendo

237 835 276 857 10
288 819 476 865 proficere.

340 878 429 911 IOH.
458 877 542 910 Hec
571 876 617 911 de
647 875 770 911 divino
798 876 963 911 dominio
992 883 1218 922 pertractata
1245 877 1281 912 in
1311 878 1383 912 hoc
1412 877 1493 912 loco
1523 876 1614 912 mihi

289 933 473 969 sufficiunt
489 943 498 967 τ
523 934 580 968 fac
599 934 628 968 si
646 934 766 979 placet
785 945 921 968 novum
938 934 1126 969 exordium
1142 935 1189 970 de
1206 935 1379 971 dominiis
1397 935 1525 971 ceteris
1544 946 1615 980 que

288 1003 310 1026 a
329 990 452 1026 divino
471 991 635 1026 dominio
654 991 877 1026 derivantur.

717 1092 890 1137 Explicit
914 1092 1006 1128 liber
1020 1094 1185 1138 primus.

771 2790 902 2836 Incipit
924 2792 1119 2828 secundus.
