<?xml version="1.0" encoding="UTF-8"?>
<!DOCTYPE html PUBLIC "-//W3C//DTD XHTML 1.0 Transitional//EN"
    "http://www.w3.org/TR/xhtml1/DTD/xhtml1-transitional.dtd">
<html xmlns="http://www.w3.org/1999/xhtml" xml:lang="en" lang="en">
 <head>
  <title>
</title>
<meta http-equiv="Content-Type" content="text/html;charset=utf-8" />
  <meta name='ocr-system' content='tesseract 3.04.00' />
  <meta name='ocr-capabilities' content='ocr_page ocr_carea ocr_par ocr_line ocrx_word'/>
</head>
<body>
  <div class='ocr_page' id='page_1' title='image "./dedominiodivinol00wycl_0103.png"; bbox 0 0 2008 3305; ppageno 0'>
   <div class='ocr_carea' id='block_1_1' title="bbox 180 222 1784 280">
    <p class='ocr_par' dir='ltr' id='par_1_1' title="bbox 180 222 1784 280">
     <span class='ocr_line' id='line_1_1' title="bbox 180 222 1784 280; baseline -0.004 -16"><span class='ocrx_word' id='word_1_1' title='bbox 180 237 265 265; x_wconf 84' lang='lat' dir='ltr'>CAP.</span> <span class='ocrx_word' id='word_1_2' title='bbox 281 222 375 280; x_wconf 77' lang='lat' dir='ltr'>VIL]</span> <span class='ocrx_word' id='word_1_3' title='bbox 658 232 803 263; x_wconf 85' lang='lat' dir='ltr'><strong>LIBER</strong></span> <span class='ocrx_word' id='word_1_4' title='bbox 836 231 1032 263; x_wconf 87' lang='lat' dir='ltr'>PRIMUS.</span> <span class='ocrx_word' id='word_1_5' title='bbox 1730 228 1784 271; x_wconf 89' lang='lat'>47</span> 
     </span>
    </p>
   </div>
   <div class='ocr_carea' id='block_1_2' title="bbox 69 343 1715 1948">
    <p class='ocr_par' dir='ltr' id='par_1_2' title="bbox 69 343 1509 608">
     <span class='ocr_line' id='line_1_2' title="bbox 69 343 1509 395; baseline -0.003 -10"><span class='ocrx_word' id='word_1_6' title='bbox 69 352 159 394; x_wconf 84' lang='lat'>150]</span> <span class='ocrx_word' id='word_1_7' title='bbox 175 354 370 385; x_wconf 78' lang='lat' dir='ltr'>mensurat</span> <span class='ocrx_word' id='word_1_8' title='bbox 390 346 438 385; x_wconf 90' lang='lat' dir='ltr'>ad</span> <span class='ocrx_word' id='word_1_9' title='bbox 458 346 558 384; x_wconf 82' lang='lat' dir='ltr'>hanc</span> <span class='ocrx_word' id='word_1_10' title='bbox 579 346 763 395; x_wconf 86' lang='lat' dir='ltr'>regulam.</span> <span class='ocrx_word' id='word_1_11' title='bbox 820 345 904 383; x_wconf 95' lang='lat' dir='ltr'>Nec</span> <span class='ocrx_word' id='word_1_12' title='bbox 925 344 1017 382; x_wconf 92' lang='lat' dir='ltr'>illud</span> <span class='ocrx_word' id='word_1_13' title='bbox 1037 345 1165 382; x_wconf 81' lang='lat' dir='ltr'>obstat</span> <span class='ocrx_word' id='word_1_14' title='bbox 1185 344 1361 382; x_wconf 86' lang='lat' dir='ltr'>infinitati</span> <span class='ocrx_word' id='word_1_15' title='bbox 1381 343 1509 381; x_wconf 87' lang='lat' dir='ltr'>divine</span> 
     </span>
     <span class='ocr_line' id='line_1_3' title="bbox 173 414 1509 468; baseline -0.004 -13"><span class='ocrx_word' id='word_1_16' title='bbox 173 418 352 468; x_wconf 85' lang='lat' dir='ltr'>potencie</span> <span class='ocrx_word' id='word_1_17' title='bbox 381 417 449 454; x_wconf 90' lang='lat' dir='ltr'>sed</span> <span class='ocrx_word' id='word_1_18' title='bbox 478 417 615 466; x_wconf 86' lang='lat' dir='ltr'>pocius</span> <span class='ocrx_word' id='word_1_19' title='bbox 643 416 742 454; x_wconf 87' lang='lat' dir='ltr'>hanc</span> <span class='ocrx_word' id='word_1_20' title='bbox 771 415 954 463; x_wconf 81' lang='lat' dir='ltr'>includit3</span> <span class='ocrx_word' id='word_1_21' title='bbox 989 416 1080 465; x_wconf 90' lang='lat' dir='ltr'>quia</span> <span class='ocrx_word' id='word_1_22' title='bbox 1104 415 1284 464; x_wconf 88' lang='lat' dir='ltr'>potencia</span> <span class='ocrx_word' id='word_1_23' title='bbox 1309 414 1394 460; x_wconf 88' lang='lat' dir='ltr'>Dei,</span> <span class='ocrx_word' id='word_1_24' title='bbox 1419 426 1509 452; x_wconf 90' lang='lat' dir='ltr'>cum</span> 
     </span>
     <span class='ocr_line' id='line_1_4' title="bbox 173 485 1508 533; baseline -0.003 -8"><span class='ocrx_word' id='word_1_25' title='bbox 173 500 256 525; x_wconf 91' lang='lat' dir='ltr'>non</span> <span class='ocrx_word' id='word_1_26' title='bbox 298 488 344 525; x_wconf 88' lang='lat' dir='ltr'>sit</span> <span class='ocrx_word' id='word_1_27' title='bbox 382 487 454 525; x_wconf 88' lang='lat' dir='ltr'>sibi</span> <span class='ocrx_word' id='word_1_28' title='bbox 488 487 677 533; x_wconf 91' lang='lat' dir='ltr'>accidens,</span> <span class='ocrx_word' id='word_1_29' title='bbox 714 499 795 524; x_wconf 91' lang='lat' dir='ltr'>non</span> <span class='ocrx_word' id='word_1_30' title='bbox 833 492 1076 524; x_wconf 85' lang='lat' dir='ltr'>mensuratur</span> <span class='ocrx_word' id='word_1_31' title='bbox 1113 485 1171 523; x_wconf 90' lang='lat' dir='ltr'>vel</span> <span class='ocrx_word' id='word_1_32' title='bbox 1210 492 1388 524; x_wconf 84' lang='lat' dir='ltr'>causatur</span> <span class='ocrx_word' id='word_1_33' title='bbox 1418 496 1508 533; x_wconf 91' lang='lat' dir='ltr'>pro-</span> 
     </span>
     <span class='ocr_line' id='line_1_5' title="bbox 173 554 1509 608; baseline -0.004 -13"><span class='ocrx_word' id='word_1_34' title='bbox 173 557 486 608; x_wconf 86' lang='lat' dir='ltr'>porcionabiliter</span> <span class='ocrx_word' id='word_1_35' title='bbox 514 557 564 594; x_wconf 90' lang='lat' dir='ltr'>ad</span> <span class='ocrx_word' id='word_1_36' title='bbox 598 557 804 601; x_wconf 90' lang='lat' dir='ltr'>obiectum,</span> <span class='ocrx_word' id='word_1_37' title='bbox 835 557 934 594; x_wconf 91' lang='lat' dir='ltr'>sicut</span> <span class='ocrx_word' id='word_1_38' title='bbox 965 556 1136 605; x_wconf 88' lang='lat' dir='ltr'>quelibet</span> <span class='ocrx_word' id='word_1_39' title='bbox 1171 562 1297 593; x_wconf 88' lang='lat' dir='ltr'>creata</span> <span class='ocrx_word' id='word_1_40' title='bbox 1328 554 1509 604; x_wconf 89' lang='lat' dir='ltr'>potencia</span> 
     </span>
    </p>

    <p class='ocr_par' dir='ltr' id='par_1_3' title="bbox 121 625 1512 1804">
     <span class='ocr_line' id='line_1_6' title="bbox 143 625 1509 676; baseline -0.003 -10"><span class='ocrx_word' id='word_1_41' title='bbox 143 628 356 667; x_wconf 88' lang='lat' dir='ltr'>5diffinitur</span> <span class='ocrx_word' id='word_1_42' title='bbox 384 627 423 663; x_wconf 91' lang='lat' dir='ltr'>in</span> <span class='ocrx_word' id='word_1_43' title='bbox 456 627 535 664; x_wconf 91' lang='lat' dir='ltr'>suis</span> <span class='ocrx_word' id='word_1_44' title='bbox 563 627 748 664; x_wconf 89' lang='lat' dir='ltr'>limitibus</span> <span class='ocrx_word' id='word_1_45' title='bbox 778 627 827 664; x_wconf 88' lang='lat' dir='ltr'>ab</span> <span class='ocrx_word' id='word_1_46' title='bbox 856 627 1025 664; x_wconf 84' lang='lat' dir='ltr'>increata</span> <span class='ocrx_word' id='word_1_47' title='bbox 1056 627 1262 676; x_wconf 88' lang='lat' dir='ltr'>sapiencia,</span> <span class='ocrx_word' id='word_1_48' title='bbox 1294 625 1509 664; x_wconf 90' lang='lat' dir='ltr'>secundum</span> 
     </span>
     <span class='ocr_line' id='line_1_7' title="bbox 172 696 1509 747; baseline -0.001 -12"><span class='ocrx_word' id='word_1_49' title='bbox 172 698 473 747; x_wconf 90' lang='lat' dir='ltr'>proporcionem</span> <span class='ocrx_word' id='word_1_50' title='bbox 493 709 611 747; x_wconf 88' lang='lat' dir='ltr'>quam</span> <span class='ocrx_word' id='word_1_51' title='bbox 631 697 849 734; x_wconf 87' lang='lat' dir='ltr'>eternaliter</span> <span class='ocrx_word' id='word_1_52' title='bbox 865 697 1096 734; x_wconf 89' lang='lat' dir='ltr'>ordinaverit</span> <span class='ocrx_word' id='word_1_53' title='bbox 1115 697 1165 734; x_wconf 87' lang='lat' dir='ltr'>ad</span> <span class='ocrx_word' id='word_1_54' title='bbox 1184 697 1313 734; x_wconf 85' lang='lat' dir='ltr'>alium.</span> <span class='ocrx_word' id='word_1_55' title='bbox 1357 696 1509 733; x_wconf 89' lang='lat' dir='ltr'>Eadem</span> 
     </span>
     <span class='ocr_line' id='line_1_8' title="bbox 172 767 1510 818; baseline -0.001 -13"><span class='ocrx_word' id='word_1_56' title='bbox 172 768 330 818; x_wconf 89' lang='lat' dir='ltr'>quidem</span> <span class='ocrx_word' id='word_1_57' title='bbox 358 774 416 804; x_wconf 86' lang='lat' dir='ltr'>est</span> <span class='ocrx_word' id='word_1_58' title='bbox 445 768 485 804; x_wconf 91' lang='lat' dir='ltr'>in</span> <span class='ocrx_word' id='word_1_59' title='bbox 514 767 600 804; x_wconf 92' lang='lat' dir='ltr'>Deo</span> <span class='ocrx_word' id='word_1_60' title='bbox 630 767 810 816; x_wconf 88' lang='lat' dir='ltr'>potencia</span> <span class='ocrx_word' id='word_1_61' title='bbox 834 774 872 805; x_wconf 89' lang='lat' dir='ltr'>et</span> <span class='ocrx_word' id='word_1_62' title='bbox 901 768 1107 817; x_wconf 87' lang='lat' dir='ltr'>sapiencia,</span> <span class='ocrx_word' id='word_1_63' title='bbox 1136 780 1213 817; x_wconf 89' lang='lat' dir='ltr'>qua</span> <span class='ocrx_word' id='word_1_64' title='bbox 1242 767 1391 804; x_wconf 87' lang='lat' dir='ltr'>adintra</span> <span class='ocrx_word' id='word_1_65' title='bbox 1420 778 1510 816; x_wconf 93' lang='lat' dir='ltr'>pro-</span> 
     </span>
     <span class='ocr_line' id='line_1_9' title="bbox 172 837 1507 887; baseline -0.001 -11"><span class='ocrx_word' id='word_1_66' title='bbox 172 839 322 876; x_wconf 89' lang='lat' dir='ltr'>ducitur</span> <span class='ocrx_word' id='word_1_67' title='bbox 358 837 533 875; x_wconf 87' lang='lat' dir='ltr'>Verbum</span> <span class='ocrx_word' id='word_1_68' title='bbox 575 844 612 875; x_wconf 87' lang='lat' dir='ltr'>et</span> <span class='ocrx_word' id='word_1_69' title='bbox 657 837 821 886; x_wconf 84' lang='lat' dir='ltr'>Spiritus</span> <span class='ocrx_word' id='word_1_70' title='bbox 868 844 1035 883; x_wconf 83' lang='lat' dir='ltr'>sanctus,</span> <span class='ocrx_word' id='word_1_71' title='bbox 1077 844 1115 875; x_wconf 90' lang='lat' dir='ltr'>et</span> <span class='ocrx_word' id='word_1_72' title='bbox 1159 838 1317 875; x_wconf 87' lang='lat' dir='ltr'>adextra</span> <span class='ocrx_word' id='word_1_73' title='bbox 1363 837 1507 887; x_wconf 88' lang='lat' dir='ltr'>produ-</span> 
     </span>
     <span class='ocr_line' id='line_1_10' title="bbox 171 906 1510 957; baseline -0.001 -11"><span class='ocrx_word' id='word_1_74' title='bbox 171 908 265 946; x_wconf 87' lang='lat' dir='ltr'>citur</span> <span class='ocrx_word' id='word_1_75' title='bbox 291 908 470 954; x_wconf 87' lang='lat' dir='ltr'>mundus,</span> <span class='ocrx_word' id='word_1_76' title='bbox 498 914 760 953; x_wconf 86' lang='lat' dir='ltr'>conservatur,</span> <span class='ocrx_word' id='word_1_77' title='bbox 788 914 825 945; x_wconf 91' lang='lat' dir='ltr'>et</span> <span class='ocrx_word' id='word_1_78' title='bbox 854 908 1135 956; x_wconf 86' lang='lat' dir='ltr'>sapientissime</span> <span class='ocrx_word' id='word_1_79' title='bbox 1162 909 1409 957; x_wconf 85' lang='lat' dir='ltr'>gubernatur.</span> <span class='ocrx_word' id='word_1_80' title='bbox 1460 906 1510 944; x_wconf 89' lang='lat' dir='ltr'>Et</span> 
     </span>
     <span class='ocr_line' id='line_1_11' title="bbox 125 977 1507 1028; baseline -0.001 -12"><span class='ocrx_word' id='word_1_81' title='bbox 125 987 239 1027; x_wconf 85' lang='lat' dir='ltr'>Dper</span> <span class='ocrx_word' id='word_1_82' title='bbox 272 990 526 1027; x_wconf 90' lang='lat' dir='ltr'>consequens,</span> <span class='ocrx_word' id='word_1_83' title='bbox 559 978 656 1015; x_wconf 89' lang='lat' dir='ltr'>sicut</span> <span class='ocrx_word' id='word_1_84' title='bbox 690 978 888 1028; x_wconf 89' lang='lat' dir='ltr'>sapiencia</span> <span class='ocrx_word' id='word_1_85' title='bbox 923 978 1105 1016; x_wconf 86' lang='lat' dir='ltr'>deficeret</span> <span class='ocrx_word' id='word_1_86' title='bbox 1135 977 1154 998; x_wconf 77' lang='lat'>&#39;¹‘</span> <span class='ocrx_word' id='word_1_87' title='bbox 1184 979 1223 1015; x_wconf 92' lang='lat' dir='ltr'>in</span> <span class='ocrx_word' id='word_1_88' title='bbox 1252 978 1507 1028; x_wconf 84' lang='lat' dir='ltr'>gubernando</span> 
     </span>
     <span class='ocr_line' id='line_1_12' title="bbox 171 1048 1511 1098; baseline 0 -13"><span class='ocrx_word' id='word_1_89' title='bbox 171 1048 393 1086; x_wconf 88' lang='lat' dir='ltr'>machinam</span> <span class='ocrx_word' id='word_1_90' title='bbox 413 1049 613 1095; x_wconf 90' lang='lat' dir='ltr'>infinitam,</span> <span class='ocrx_word' id='word_1_91' title='bbox 637 1048 691 1086; x_wconf 90' lang='lat' dir='ltr'>sic</span> <span class='ocrx_word' id='word_1_92' title='bbox 712 1055 750 1086; x_wconf 88' lang='lat' dir='ltr'>et</span> <span class='ocrx_word' id='word_1_93' title='bbox 769 1049 950 1098; x_wconf 86' lang='lat' dir='ltr'>potencia</span> <span class='ocrx_word' id='word_1_94' title='bbox 970 1049 1020 1086; x_wconf 88' lang='lat' dir='ltr'>ad</span> <span class='ocrx_word' id='word_1_95' title='bbox 1041 1049 1265 1087; x_wconf 88' lang='lat' dir='ltr'>creandum.</span> <span class='ocrx_word' id='word_1_96' title='bbox 1324 1049 1511 1086; x_wconf 84' lang='lat' dir='ltr'>Potencia</span> 
     </span>
     <span class='ocr_line' id='line_1_13' title="bbox 171 1119 1509 1170; baseline 0.001 -14"><span class='ocrx_word' id='word_1_97' title='bbox 171 1131 264 1168; x_wconf 86' lang='lat' dir='ltr'>ergo</span> <span class='ocrx_word' id='word_1_98' title='bbox 284 1126 410 1156; x_wconf 89' lang='lat' dir='ltr'>creata</span> <span class='ocrx_word' id='word_1_99' title='bbox 437 1125 495 1156; x_wconf 92' lang='lat' dir='ltr'>est</span> <span class='ocrx_word' id='word_1_100' title='bbox 521 1131 569 1157; x_wconf 90' lang='lat' dir='ltr'>eo</span> <span class='ocrx_word' id='word_1_101' title='bbox 596 1119 729 1164; x_wconf 82' lang='lat' dir='ltr'>maior,</span> <span class='ocrx_word' id='word_1_102' title='bbox 751 1131 830 1170; x_wconf 89' lang='lat' dir='ltr'>quo</span> <span class='ocrx_word' id='word_1_103' title='bbox 858 1119 944 1170; x_wconf 93' lang='lat' dir='ltr'>plus</span> <span class='ocrx_word' id='word_1_104' title='bbox 969 1127 1026 1158; x_wconf 93' lang='lat' dir='ltr'>est</span> <span class='ocrx_word' id='word_1_105' title='bbox 1048 1119 1213 1158; x_wconf 88' lang='lat' dir='ltr'>factibile</span> <span class='ocrx_word' id='word_1_106' title='bbox 1234 1133 1302 1170; x_wconf 90' lang='lat' dir='ltr'>per</span> <span class='ocrx_word' id='word_1_107' title='bbox 1321 1120 1509 1158; x_wconf 89' lang='lat' dir='ltr'>eandem:</span> 
     </span>
     <span class='ocr_line' id='line_1_14' title="bbox 171 1189 1508 1238; baseline 0.001 -12"><span class='ocrx_word' id='word_1_108' title='bbox 171 1202 251 1227; x_wconf 91' lang='lat' dir='ltr'>non</span> <span class='ocrx_word' id='word_1_109' title='bbox 271 1189 324 1226; x_wconf 92' lang='lat' dir='ltr'>sic</span> <span class='ocrx_word' id='word_1_110' title='bbox 345 1189 526 1238; x_wconf 88' lang='lat' dir='ltr'>potencia</span> <span class='ocrx_word' id='word_1_111' title='bbox 547 1189 696 1226; x_wconf 90' lang='lat' dir='ltr'>infinita</span> <span class='ocrx_word' id='word_1_112' title='bbox 711 1203 720 1236; x_wconf 90' lang='lat'>;</span> <span class='ocrx_word' id='word_1_113' title='bbox 752 1202 841 1227; x_wconf 91' lang='lat' dir='ltr'>cum</span> <span class='ocrx_word' id='word_1_114' title='bbox 862 1196 954 1228; x_wconf 92' lang='lat' dir='ltr'>tunc</span> <span class='ocrx_word' id='word_1_115' title='bbox 971 1203 1051 1228; x_wconf 92' lang='lat' dir='ltr'>non</span> <span class='ocrx_word' id='word_1_116' title='bbox 1068 1198 1169 1228; x_wconf 91' lang='lat' dir='ltr'>esset</span> <span class='ocrx_word' id='word_1_117' title='bbox 1185 1190 1276 1228; x_wconf 86' lang='lat' dir='ltr'>dare</span> <span class='ocrx_word' id='word_1_118' title='bbox 1292 1192 1508 1228; x_wconf 84' lang='lat' dir='ltr'>maximum</span> 
     </span>
     <span class='ocr_line' id='line_1_15' title="bbox 171 1259 1511 1313; baseline 0.001 -16"><span class='ocrx_word' id='word_1_119' title='bbox 171 1260 336 1309; x_wconf 86' lang='lat' dir='ltr'>gradum</span> <span class='ocrx_word' id='word_1_120' title='bbox 357 1260 482 1297; x_wconf 90' lang='lat' dir='ltr'>divine</span> <span class='ocrx_word' id='word_1_121' title='bbox 501 1261 692 1309; x_wconf 88' lang='lat' dir='ltr'>potencie,</span> <span class='ocrx_word' id='word_1_122' title='bbox 712 1261 810 1298; x_wconf 91' lang='lat' dir='ltr'>sicut</span> <span class='ocrx_word' id='word_1_123' title='bbox 826 1260 950 1311; x_wconf 83' lang='lat' dir='ltr'>(iuxta</span> <span class='ocrx_word' id='word_1_124' title='bbox 971 1259 1225 1313; x_wconf 86' lang='lat' dir='ltr'>adversarios)</span> <span class='ocrx_word' id='word_1_125' title='bbox 1242 1274 1322 1299; x_wconf 88' lang='lat' dir='ltr'>non</span> <span class='ocrx_word' id='word_1_126' title='bbox 1343 1267 1399 1299; x_wconf 90' lang='lat' dir='ltr'>est</span> <span class='ocrx_word' id='word_1_127' title='bbox 1419 1261 1511 1299; x_wconf 89' lang='lat' dir='ltr'>dare</span> 
     </span>
     <span class='ocr_line' id='line_1_16' title="bbox 121 1330 1508 1381; baseline 0.001 -14"><span class='ocrx_word' id='word_1_128' title='bbox 121 1343 158 1375; x_wconf 88' lang='lat'>15</span> <span class='ocrx_word' id='word_1_129' title='bbox 172 1330 350 1368; x_wconf 87' lang='lat' dir='ltr'>effectum</span> <span class='ocrx_word' id='word_1_130' title='bbox 373 1331 589 1368; x_wconf 81' lang='lat' dir='ltr'>maximum</span> <span class='ocrx_word' id='word_1_131' title='bbox 616 1331 655 1368; x_wconf 94' lang='lat' dir='ltr'>in</span> <span class='ocrx_word' id='word_1_132' title='bbox 682 1344 800 1381; x_wconf 88' lang='lat' dir='ltr'>quem</span> <span class='ocrx_word' id='word_1_133' title='bbox 826 1338 965 1381; x_wconf 88' lang='lat' dir='ltr'>potest.</span> <span class='ocrx_word' id='word_1_134' title='bbox 1024 1331 1112 1377; x_wconf 89' lang='lat' dir='ltr'>Sed,</span> <span class='ocrx_word' id='word_1_135' title='bbox 1133 1338 1175 1369; x_wconf 94' lang='lat' dir='ltr'>ut</span> <span class='ocrx_word' id='word_1_136' title='bbox 1194 1332 1287 1370; x_wconf 89' lang='lat' dir='ltr'>alias</span> <span class='ocrx_word' id='word_1_137' title='bbox 1307 1332 1508 1379; x_wconf 89' lang='lat' dir='ltr'>declaravi,</span> 
     </span>
     <span class='ocr_line' id='line_1_17' title="bbox 171 1401 1512 1453; baseline 0.001 -14"><span class='ocrx_word' id='word_1_138' title='bbox 171 1401 266 1439; x_wconf 87' lang='lat' dir='ltr'>tales</span> <span class='ocrx_word' id='word_1_139' title='bbox 285 1401 461 1450; x_wconf 88' lang='lat' dir='ltr'>potencie</span> <span class='ocrx_word' id='word_1_140' title='bbox 482 1401 703 1451; x_wconf 90' lang='lat' dir='ltr'>producunt</span> <span class='ocrx_word' id='word_1_141' title='bbox 723 1401 871 1439; x_wconf 89' lang='lat' dir='ltr'>adintra</span> <span class='ocrx_word' id='word_1_142' title='bbox 897 1414 957 1440; x_wconf 91' lang='lat' dir='ltr'>res</span> <span class='ocrx_word' id='word_1_143' title='bbox 985 1403 1205 1452; x_wconf 88' lang='lat' dir='ltr'>simpliciter</span> <span class='ocrx_word' id='word_1_144' title='bbox 1231 1403 1302 1440; x_wconf 86' lang='lat' dir='ltr'>sibi</span> <span class='ocrx_word' id='word_1_145' title='bbox 1329 1415 1452 1453; x_wconf 86' lang='lat' dir='ltr'>pares,</span> <span class='ocrx_word' id='word_1_146' title='bbox 1474 1410 1512 1441; x_wconf 91' lang='lat' dir='ltr'>et</span> 
     </span>
     <span class='ocr_line' id='line_1_18' title="bbox 173 1471 1510 1523; baseline 0.002 -14"><span class='ocrx_word' id='word_1_147' title='bbox 173 1478 343 1510; x_wconf 89' lang='lat' dir='ltr'>creature</span> <span class='ocrx_word' id='word_1_148' title='bbox 369 1478 533 1521; x_wconf 89' lang='lat' dir='ltr'>possunt</span> <span class='ocrx_word' id='word_1_149' title='bbox 557 1471 726 1518; x_wconf 86' lang='lat' dir='ltr'>adextra,</span> <span class='ocrx_word' id='word_1_150' title='bbox 748 1485 838 1510; x_wconf 91' lang='lat' dir='ltr'>cum</span> <span class='ocrx_word' id='word_1_151' title='bbox 858 1473 1050 1510; x_wconf 89' lang='lat' dir='ltr'>iuvamine</span> <span class='ocrx_word' id='word_1_152' title='bbox 1070 1474 1192 1522; x_wconf 90' lang='lat' dir='ltr'>prime</span> <span class='ocrx_word' id='word_1_153' title='bbox 1213 1475 1400 1523; x_wconf 87' lang='lat' dir='ltr'>potencie,</span> <span class='ocrx_word' id='word_1_154' title='bbox 1422 1487 1510 1523; x_wconf 89' lang='lat' dir='ltr'>pro-</span> 
     </span>
     <span class='ocr_line' id='line_1_19' title="bbox 172 1542 1507 1593; baseline 0.002 -14"><span class='ocrx_word' id='word_1_155' title='bbox 172 1542 314 1580; x_wconf 90' lang='lat' dir='ltr'>ducere</span> <span class='ocrx_word' id='word_1_156' title='bbox 331 1542 490 1579; x_wconf 87' lang='lat' dir='ltr'>effectus</span> <span class='ocrx_word' id='word_1_157' title='bbox 507 1555 547 1579; x_wconf 90' lang='lat' dir='ltr'>se</span> <span class='ocrx_word' id='word_1_158' title='bbox 563 1543 669 1592; x_wconf 90' lang='lat' dir='ltr'>ipsos</span> <span class='ocrx_word' id='word_1_159' title='bbox 685 1543 724 1580; x_wconf 92' lang='lat' dir='ltr'>in</span> <span class='ocrx_word' id='word_1_160' title='bbox 740 1544 870 1593; x_wconf 86' lang='lat' dir='ltr'>aliquo</span> <span class='ocrx_word' id='word_1_161' title='bbox 887 1544 1130 1582; x_wconf 85' lang='lat' dir='ltr'>excedentes.</span> <span class='ocrx_word' id='word_1_162' title='bbox 1176 1544 1361 1582; x_wconf 86' lang='lat' dir='ltr'>Potencia</span> <span class='ocrx_word' id='word_1_163' title='bbox 1377 1551 1507 1582; x_wconf 86' lang='lat' dir='ltr'>autem</span> 
     </span>
     <span class='ocr_line' id='line_1_20' title="bbox 172 1613 1508 1664; baseline 0.002 -14"><span class='ocrx_word' id='word_1_164' title='bbox 172 1613 339 1652; x_wconf 87' lang='lat' dir='ltr'>increata</span> <span class='ocrx_word' id='word_1_165' title='bbox 353 1626 400 1651; x_wconf 85' lang='lat' dir='ltr'>ex</span> <span class='ocrx_word' id='word_1_166' title='bbox 417 1614 674 1652; x_wconf 87' lang='lat' dir='ltr'>immensitate</span> <span class='ocrx_word' id='word_1_167' title='bbox 689 1627 756 1652; x_wconf 89' lang='lat' dir='ltr'>sue</span> <span class='ocrx_word' id='word_1_168' title='bbox 768 1614 1018 1663; x_wconf 89' lang='lat' dir='ltr'>perfeccionis</span> <span class='ocrx_word' id='word_1_169' title='bbox 1032 1615 1080 1652; x_wconf 91' lang='lat' dir='ltr'>ad</span> <span class='ocrx_word' id='word_1_170' title='bbox 1093 1628 1226 1664; x_wconf 89' lang='lat' dir='ltr'>parem</span> <span class='ocrx_word' id='word_1_171' title='bbox 1243 1616 1315 1653; x_wconf 88' lang='lat' dir='ltr'>sibi</span> <span class='ocrx_word' id='word_1_172' title='bbox 1328 1616 1508 1654; x_wconf 90' lang='lat' dir='ltr'>effectum</span> 
     </span>
     <span class='ocr_line' id='line_1_21' title="bbox 121 1684 1508 1737; baseline 0.003 -15"><span class='ocrx_word' id='word_1_173' title='bbox 121 1701 162 1722; x_wconf 86' lang='lat'>20</span> <span class='ocrx_word' id='word_1_174' title='bbox 174 1696 253 1721; x_wconf 92' lang='lat' dir='ltr'>non</span> <span class='ocrx_word' id='word_1_175' title='bbox 274 1690 401 1733; x_wconf 89' lang='lat' dir='ltr'>potest</span> <span class='ocrx_word' id='word_1_176' title='bbox 422 1685 619 1733; x_wconf 83' lang='lat' dir='ltr'>attingere.</span> <span class='ocrx_word' id='word_1_177' title='bbox 669 1684 764 1722; x_wconf 91' lang='lat' dir='ltr'>Ideo</span> <span class='ocrx_word' id='word_1_178' title='bbox 785 1685 932 1723; x_wconf 87' lang='lat' dir='ltr'>fatuum</span> <span class='ocrx_word' id='word_1_179' title='bbox 953 1692 1010 1723; x_wconf 90' lang='lat' dir='ltr'>est</span> <span class='ocrx_word' id='word_1_180' title='bbox 1030 1687 1183 1724; x_wconf 91' lang='lat' dir='ltr'>credere</span> <span class='ocrx_word' id='word_1_181' title='bbox 1199 1687 1377 1725; x_wconf 86' lang='lat' dir='ltr'>effectum</span> <span class='ocrx_word' id='word_1_182' title='bbox 1392 1700 1508 1737; x_wconf 90' lang='lat' dir='ltr'>posse</span> 
     </span>
     <span class='ocr_line' id='line_1_22' title="bbox 173 1755 1508 1804; baseline 0.004 -13"><span class='ocrx_word' id='word_1_183' title='bbox 173 1755 386 1792; x_wconf 90' lang='lat' dir='ltr'>mensurari</span> <span class='ocrx_word' id='word_1_184' title='bbox 414 1755 582 1792; x_wconf 89' lang='lat' dir='ltr'>divinam</span> <span class='ocrx_word' id='word_1_185' title='bbox 605 1756 838 1804; x_wconf 85' lang='lat' dir='ltr'>potenciam.</span> <span class='ocrx_word' id='word_1_186' title='bbox 897 1755 1040 1802; x_wconf 89' lang='lat' dir='ltr'>Quoad</span> <span class='ocrx_word' id='word_1_187' title='bbox 1063 1757 1158 1794; x_wconf 84' lang='lat' dir='ltr'>alios</span> <span class='ocrx_word' id='word_1_188' title='bbox 1179 1758 1354 1796; x_wconf 89' lang='lat' dir='ltr'>obiectus</span> <span class='ocrx_word' id='word_1_189' title='bbox 1374 1765 1508 1796; x_wconf 87' lang='lat' dir='ltr'>contra</span> 
     </span>
    </p>

    <p class='ocr_par' dir='ltr' id='par_1_4' title="bbox 173 1826 1471 1878">
     <span class='ocr_line' id='line_1_23' title="bbox 173 1826 1471 1878; baseline 0.003 -16"><span class='ocrx_word' id='word_1_190' title='bbox 173 1826 284 1863; x_wconf 88' lang='lat' dir='ltr'>istam</span> <span class='ocrx_word' id='word_1_191' title='bbox 305 1826 551 1871; x_wconf 85' lang='lat' dir='ltr'>sentenciam,</span> <span class='ocrx_word' id='word_1_192' title='bbox 575 1838 754 1875; x_wconf 89' lang='lat' dir='ltr'>suppono</span> <span class='ocrx_word' id='word_1_193' title='bbox 776 1838 860 1864; x_wconf 87' lang='lat' dir='ltr'>esse</span> <span class='ocrx_word' id='word_1_194' title='bbox 882 1827 971 1864; x_wconf 91' lang='lat' dir='ltr'>alibi</span> <span class='ocrx_word' id='word_1_195' title='bbox 992 1827 1217 1878; x_wconf 88' lang='lat' dir='ltr'>plerumque</span> <span class='ocrx_word' id='word_1_196' title='bbox 1238 1829 1471 1878; x_wconf 85' lang='lat' dir='ltr'>expeditum.</span> 
     </span>
    </p>

    <p class='ocr_par' dir='ltr' id='par_1_5' title="bbox 232 1895 1715 1948">
     <span class='ocr_line' id='line_1_24' title="bbox 232 1895 1715 1948; baseline 0.002 -15"><span class='ocrx_word' id='word_1_197' title='bbox 232 1895 308 1933; x_wconf 88' lang='lat' dir='ltr'>Sed</span> <span class='ocrx_word' id='word_1_198' title='bbox 328 1896 399 1934; x_wconf 88' lang='lat' dir='ltr'>hec</span> <span class='ocrx_word' id='word_1_199' title='bbox 421 1896 521 1933; x_wconf 87' lang='lat' dir='ltr'>dicta</span> <span class='ocrx_word' id='word_1_200' title='bbox 533 1896 709 1934; x_wconf 87' lang='lat' dir='ltr'>videntur</span> <span class='ocrx_word' id='word_1_201' title='bbox 722 1909 877 1946; x_wconf 82' lang='lat' dir='ltr'>gravem</span> <span class='ocrx_word' id='word_1_202' title='bbox 899 1897 1162 1936; x_wconf 88' lang='lat' dir='ltr'>difficultatem</span> <span class='ocrx_word' id='word_1_203' title='bbox 1184 1899 1506 1948; x_wconf 89' lang='lat' dir='ltr'>methaphisicam</span> <span class='ocrx_word' id='word_1_204' title='bbox 1520 1914 1542 1937; x_wconf 84' lang='lat'>3-</span> <span class='ocrx_word' id='word_1_205' title='bbox 1563 1904 1653 1931; x_wconf 87' lang='lat' dir='ltr'>Could</span> <span class='ocrx_word' id='word_1_206' title='bbox 1667 1904 1715 1930; x_wconf 83' lang='lat' dir='ltr'>the</span> 
     </span>
    </p>
   </div>
   <div class='ocr_carea' id='block_1_3' title="bbox 1519 1939 1774 1964">
    <p class='ocr_par' dir='ltr' id='par_1_6' title="bbox 1519 1939 1774 1964">
     <span class='ocr_line' id='line_1_25' title="bbox 1519 1939 1774 1964; baseline -0.004 -1"><span class='ocrx_word' id='word_1_207' title='bbox 1519 1939 1605 1964; x_wconf 89' lang='lat' dir='ltr'>world</span> <span class='ocrx_word' id='word_1_208' title='bbox 1619 1939 1691 1963; x_wconf 81' lang='lat' dir='ltr'>have</span> <span class='ocrx_word' id='word_1_209' title='bbox 1705 1939 1774 1963; x_wconf 84' lang='lat' dir='ltr'>been</span> 
     </span>
    </p>
   </div>
   <div class='ocr_carea' id='block_1_4' title="bbox 174 1966 1787 2030">
    <p class='ocr_par' dir='ltr' id='par_1_7' title="bbox 174 1966 1787 2030">
     <span class='ocr_line' id='line_1_26' title="bbox 174 1966 1787 2030; baseline 0.002 -27"><span class='ocrx_word' id='word_1_210' title='bbox 174 1966 358 2015; x_wconf 86' lang='lat' dir='ltr'>parturire</span> <span class='ocrx_word' id='word_1_211' title='bbox 372 1979 381 2012; x_wconf 78' lang='lat'><em>3</em></span> <span class='ocrx_word' id='word_1_212' title='bbox 417 1966 602 2012; x_wconf 91' lang='lat' dir='ltr'>videlicet,</span> <span class='ocrx_word' id='word_1_213' title='bbox 625 1967 655 2003; x_wconf 90' lang='lat' dir='ltr'>si</span> <span class='ocrx_word' id='word_1_214' title='bbox 682 1967 852 2004; x_wconf 91' lang='lat' dir='ltr'>mundus</span> <span class='ocrx_word' id='word_1_215' title='bbox 878 1967 947 2004; x_wconf 88' lang='lat' dir='ltr'>iste</span> <span class='ocrx_word' id='word_1_216' title='bbox 975 1980 1055 2006; x_wconf 92' lang='lat' dir='ltr'>non</span> <span class='ocrx_word' id='word_1_217' title='bbox 1082 1969 1204 2018; x_wconf 92' lang='lat' dir='ltr'>possit</span> <span class='ocrx_word' id='word_1_218' title='bbox 1233 1969 1394 2018; x_wconf 90' lang='lat' dir='ltr'>produci</span> <span class='ocrx_word' id='word_1_219' title='bbox 1424 1971 1505 2008; x_wconf 89' lang='lat' dir='ltr'>sine</span> <span class='ocrx_word' id='word_1_220' title='bbox 1519 1971 1787 2030; x_wconf 44' lang='lat' dir='ltr'>ffissfflfiegfvssfflom</span> 
     </span>
    </p>
   </div>
   <div class='ocr_carea' id='block_1_5' title="bbox 84 2037 1791 2727">
    <p class='ocr_par' dir='ltr' id='par_1_8' title="bbox 84 2037 1791 2727">
     <span class='ocr_line' id='line_1_27' title="bbox 122 2037 1791 2098; baseline 0.004 -25"><span class='ocrx_word' id='word_1_221' title='bbox 122 2048 160 2080; x_wconf 87' lang='lat'>25</span> <span class='ocrx_word' id='word_1_222' title='bbox 176 2037 286 2086; x_wconf 87' lang='lat' dir='ltr'>lapsu</span> <span class='ocrx_word' id='word_1_223' title='bbox 310 2037 424 2086; x_wconf 90' lang='lat' dir='ltr'>primi</span> <span class='ocrx_word' id='word_1_224' title='bbox 452 2037 577 2086; x_wconf 85' lang='lat' dir='ltr'>angeli</span> <span class='ocrx_word' id='word_1_225' title='bbox 607 2043 644 2074; x_wconf 91' lang='lat' dir='ltr'>et</span> <span class='ocrx_word' id='word_1_226' title='bbox 673 2037 786 2086; x_wconf 90' lang='lat' dir='ltr'>primi</span> <span class='ocrx_word' id='word_1_227' title='bbox 814 2037 993 2084; x_wconf 91' lang='lat' dir='ltr'>hominis,</span> <span class='ocrx_word' id='word_1_228' title='bbox 1015 2045 1051 2076; x_wconf 89' lang='lat' dir='ltr'>et</span> <span class='ocrx_word' id='word_1_229' title='bbox 1071 2051 1139 2088; x_wconf 92' lang='lat' dir='ltr'>per</span> <span class='ocrx_word' id='word_1_230' title='bbox 1160 2052 1405 2090; x_wconf 88' lang='lat' dir='ltr'>consequens</span> <span class='ocrx_word' id='word_1_231' title='bbox 1426 2042 1506 2079; x_wconf 90' lang='lat' dir='ltr'>sine</span> <span class='ocrx_word' id='word_1_232' title='bbox 1519 2038 1742 2098; x_wconf 47' lang='lat' dir='ltr'>ffissffiggssssffl}</span> <span class='ocrx_word' id='word_1_233' title='bbox 1757 2037 1791 2063; x_wconf 82' lang='lat' dir='ltr'>0f</span> 
     </span>
     <span class='ocr_line' id='line_1_28' title="bbox 174 2107 1508 2157; baseline 0.004 -14"><span class='ocrx_word' id='word_1_234' title='bbox 174 2107 249 2145; x_wconf 89' lang='lat' dir='ltr'>hoc</span> <span class='ocrx_word' id='word_1_235' title='bbox 279 2107 385 2157; x_wconf 89' lang='lat' dir='ltr'>quod</span> <span class='ocrx_word' id='word_1_236' title='bbox 415 2119 563 2144; x_wconf 90' lang='lat' dir='ltr'>vermes</span> <span class='ocrx_word' id='word_1_237' title='bbox 592 2114 629 2144; x_wconf 90' lang='lat' dir='ltr'>et</span> <span class='ocrx_word' id='word_1_238' title='bbox 658 2107 731 2144; x_wconf 90' lang='lat' dir='ltr'>alia</span> <span class='ocrx_word' id='word_1_239' title='bbox 760 2108 940 2145; x_wconf 89' lang='lat' dir='ltr'>animalia</span> <span class='ocrx_word' id='word_1_240' title='bbox 960 2121 1158 2148; x_wconf 89' lang='lat' dir='ltr'>venenosa</span> <span class='ocrx_word' id='word_1_241' title='bbox 1187 2111 1401 2148; x_wconf 91' lang='lat' dir='ltr'>secundum</span> <span class='ocrx_word' id='word_1_242' title='bbox 1430 2112 1508 2149; x_wconf 88' lang='lat' dir='ltr'>iam</span> 
     </span>
     <span class='ocr_line' id='line_1_29' title="bbox 174 2178 1509 2231; baseline 0.004 -15"><span class='ocrx_word' id='word_1_243' title='bbox 174 2185 390 2216; x_wconf 89' lang='lat' dir='ltr'>currentem</span> <span class='ocrx_word' id='word_1_244' title='bbox 411 2178 587 2216; x_wconf 90' lang='lat' dir='ltr'>ordinem</span> <span class='ocrx_word' id='word_1_245' title='bbox 608 2186 864 2227; x_wconf 88' lang='lat' dir='ltr'>procreentur.</span> <span class='ocrx_word' id='word_1_246' title='bbox 912 2179 962 2217; x_wconf 91' lang='lat' dir='ltr'>Et</span> <span class='ocrx_word' id='word_1_247' title='bbox 982 2181 1129 2218; x_wconf 89' lang='lat' dir='ltr'>videtur</span> <span class='ocrx_word' id='word_1_248' title='bbox 1143 2181 1340 2231; x_wconf 91' lang='lat' dir='ltr'>dupliciter</span> <span class='ocrx_word' id='word_1_249' title='bbox 1355 2196 1402 2220; x_wconf 87' lang='lat' dir='ltr'>ex</span> <span class='ocrx_word' id='word_1_250' title='bbox 1419 2183 1509 2221; x_wconf 81' lang='lat' dir='ltr'>dato</span> 
     </span>
     <span class='ocr_line' id='line_1_30' title="bbox 175 2249 1510 2302; baseline 0.005 -17"><span class='ocrx_word' id='word_1_251' title='bbox 175 2249 286 2298; x_wconf 89' lang='lat' dir='ltr'>sequi</span> <span class='ocrx_word' id='word_1_252' title='bbox 301 2261 391 2298; x_wconf 88' lang='lat' dir='ltr'>pars</span> <span class='ocrx_word' id='word_1_253' title='bbox 407 2249 634 2287; x_wconf 78' lang='lat' dir='ltr'>affirmativa</span> <span class='ocrx_word' id='word_1_254' title='bbox 648 2250 775 2287; x_wconf 87' lang='lat' dir='ltr'>dubii:</span> <span class='ocrx_word' id='word_1_255' title='bbox 803 2250 929 2299; x_wconf 90' lang='lat' dir='ltr'>primo</span> <span class='ocrx_word' id='word_1_256' title='bbox 949 2263 1016 2300; x_wconf 91' lang='lat' dir='ltr'>per</span> <span class='ocrx_word' id='word_1_257' title='bbox 1031 2251 1105 2289; x_wconf 92' lang='lat' dir='ltr'>hoc</span> <span class='ocrx_word' id='word_1_258' title='bbox 1125 2253 1231 2302; x_wconf 88' lang='lat' dir='ltr'>quod</span> <span class='ocrx_word' id='word_1_259' title='bbox 1251 2254 1321 2290; x_wconf 89' lang='lat' dir='ltr'>iste</span> <span class='ocrx_word' id='word_1_260' title='bbox 1342 2254 1510 2292; x_wconf 89' lang='lat' dir='ltr'>mundus</span> 
     </span>
     <span class='ocr_line' id='line_1_31' title="bbox 175 2320 1511 2369; baseline 0.006 -14"><span class='ocrx_word' id='word_1_261' title='bbox 175 2331 255 2356; x_wconf 91' lang='lat' dir='ltr'>non</span> <span class='ocrx_word' id='word_1_262' title='bbox 276 2325 408 2368; x_wconf 88' lang='lat' dir='ltr'>posset</span> <span class='ocrx_word' id='word_1_263' title='bbox 427 2331 512 2357; x_wconf 87' lang='lat' dir='ltr'>esse</span> <span class='ocrx_word' id='word_1_264' title='bbox 539 2320 621 2357; x_wconf 90' lang='lat' dir='ltr'>sine</span> <span class='ocrx_word' id='word_1_265' title='bbox 649 2320 729 2358; x_wconf 90' lang='lat' dir='ltr'>istis</span> <span class='ocrx_word' id='word_1_266' title='bbox 757 2321 927 2369; x_wconf 90' lang='lat' dir='ltr'>partibus</span> <span class='ocrx_word' id='word_1_267' title='bbox 953 2328 991 2359; x_wconf 89' lang='lat' dir='ltr'>et</span> <span class='ocrx_word' id='word_1_268' title='bbox 1019 2324 1200 2361; x_wconf 89' lang='lat' dir='ltr'>omnibus</span> <span class='ocrx_word' id='word_1_269' title='bbox 1230 2325 1310 2362; x_wconf 89' lang='lat' dir='ltr'>istis</span> <span class='ocrx_word' id='word_1_270' title='bbox 1335 2326 1511 2364; x_wconf 88' lang='lat' dir='ltr'>acciden-</span> 
     </span>
     <span class='ocr_line' id='line_1_32' title="bbox 122 2389 1511 2446; baseline 0.006 -21"><span class='ocrx_word' id='word_1_271' title='bbox 122 2400 162 2430; x_wconf 84' lang='lat'>30</span> <span class='ocrx_word' id='word_1_272' title='bbox 177 2390 277 2426; x_wconf 89' lang='lat' dir='ltr'>tibus</span> <span class='ocrx_word' id='word_1_273' title='bbox 301 2389 497 2438; x_wconf 85' lang='lat' dir='ltr'>positivis;</span> <span class='ocrx_word' id='word_1_274' title='bbox 531 2390 703 2427; x_wconf 91' lang='lat' dir='ltr'>secundo</span> <span class='ocrx_word' id='word_1_275' title='bbox 731 2403 800 2440; x_wconf 86' lang='lat' dir='ltr'>per</span> <span class='ocrx_word' id='word_1_276' title='bbox 830 2390 904 2429; x_wconf 93' lang='lat' dir='ltr'>hoc</span> <span class='ocrx_word' id='word_1_277' title='bbox 931 2392 1037 2442; x_wconf 90' lang='lat' dir='ltr'>quod</span> <span class='ocrx_word' id='word_1_278' title='bbox 1066 2401 1251 2442; x_wconf 90' lang='lat' dir='ltr'>pereunte</span> <span class='ocrx_word' id='word_1_279' title='bbox 1280 2408 1511 2446; x_wconf 89' lang='lat' dir='ltr'>quacunque</span> 
     </span>
     <span class='ocr_line' id='line_1_33' title="bbox 177 2459 1512 2514; baseline 0.007 -18"><span class='ocrx_word' id='word_1_280' title='bbox 177 2459 304 2509; x_wconf 87' lang='lat' dir='ltr'>specie</span> <span class='ocrx_word' id='word_1_281' title='bbox 328 2460 538 2497; x_wconf 90' lang='lat' dir='ltr'>bestiarum</span> <span class='ocrx_word' id='word_1_282' title='bbox 559 2460 655 2498; x_wconf 91' lang='lat' dir='ltr'>foret</span> <span class='ocrx_word' id='word_1_283' title='bbox 676 2473 798 2509; x_wconf 83' lang='lat' dir='ltr'>genus</span> <span class='ocrx_word' id='word_1_284' title='bbox 818 2462 970 2507; x_wconf 87' lang='lat' dir='ltr'>animal,</span> <span class='ocrx_word' id='word_1_285' title='bbox 991 2469 1028 2500; x_wconf 91' lang='lat' dir='ltr'>et</span> <span class='ocrx_word' id='word_1_286' title='bbox 1046 2476 1114 2513; x_wconf 92' lang='lat' dir='ltr'>per</span> <span class='ocrx_word' id='word_1_287' title='bbox 1133 2477 1375 2514; x_wconf 89' lang='lat' dir='ltr'>consequens</span> <span class='ocrx_word' id='word_1_288' title='bbox 1395 2479 1512 2505; x_wconf 84' lang='lat' dir='ltr'>omne</span> 
     </span>
     <span class='ocr_line' id='line_1_34' title="bbox 175 2530 1512 2586; baseline 0.008 -22"><span class='ocrx_word' id='word_1_289' title='bbox 175 2540 300 2577; x_wconf 86' lang='lat' dir='ltr'>genus</span> <span class='ocrx_word' id='word_1_290' title='bbox 321 2530 505 2578; x_wconf 87' lang='lat' dir='ltr'>superius,</span> <span class='ocrx_word' id='word_1_291' title='bbox 528 2531 656 2568; x_wconf 90' lang='lat' dir='ltr'>minus</span> <span class='ocrx_word' id='word_1_292' title='bbox 676 2531 843 2580; x_wconf 89' lang='lat' dir='ltr'>plenum.</span> <span class='ocrx_word' id='word_1_293' title='bbox 885 2531 961 2570; x_wconf 89' lang='lat' dir='ltr'>Sed</span> <span class='ocrx_word' id='word_1_294' title='bbox 980 2546 1051 2582; x_wconf 92' lang='lat' dir='ltr'>pro</span> <span class='ocrx_word' id='word_1_295' title='bbox 1072 2534 1143 2571; x_wconf 89' lang='lat' dir='ltr'>isto</span> <span class='ocrx_word' id='word_1_296' title='bbox 1163 2535 1310 2572; x_wconf 86' lang='lat' dir='ltr'>videtur</span> <span class='ocrx_word' id='word_1_297' title='bbox 1330 2538 1436 2586; x_wconf 91' lang='lat' dir='ltr'>quod</span> <span class='ocrx_word' id='word_1_298' title='bbox 1460 2538 1512 2576; x_wconf 90' lang='lat' dir='ltr'>sic</span> 
     </span>
     <span class='ocr_line' id='line_1_35' title="bbox 176 2599 1512 2648; baseline 0.008 -13"><span class='ocrx_word' id='word_1_299' title='bbox 176 2599 342 2647; x_wconf 89' lang='lat' dir='ltr'>opinans</span> <span class='ocrx_word' id='word_1_300' title='bbox 363 2601 593 2638; x_wconf 90' lang='lat' dir='ltr'>concederet</span> <span class='ocrx_word' id='word_1_301' title='bbox 614 2601 918 2648; x_wconf 88' lang='lat' dir='ltr'>conclusionem,</span> <span class='ocrx_word' id='word_1_302' title='bbox 940 2616 1028 2641; x_wconf 91' lang='lat' dir='ltr'>curn</span> <span class='ocrx_word' id='word_1_303' title='bbox 1043 2604 1151 2642; x_wconf 92' lang='lat' dir='ltr'>Deus</span> <span class='ocrx_word' id='word_1_304' title='bbox 1172 2607 1389 2645; x_wconf 88' lang='lat' dir='ltr'>eternaliter</span> <span class='ocrx_word' id='word_1_305' title='bbox 1409 2609 1512 2646; x_wconf 90' lang='lat' dir='ltr'>ordi-</span> 
     </span>
     <span class='ocr_line' id='line_1_36' title="bbox 84 2669 1512 2727; baseline 0.009 -23"><span class='ocrx_word' id='word_1_306' title='bbox 84 2681 127 2710; x_wconf 85' lang='lat'>16</span> <span class='ocrx_word' id='word_1_307' title='bbox 130 2681 163 2710; x_wconf 89' lang='lat' dir='ltr'>A</span> <span class='ocrx_word' id='word_1_308' title='bbox 176 2669 279 2706; x_wconf 89' lang='lat' dir='ltr'>navit</span> <span class='ocrx_word' id='word_1_309' title='bbox 293 2681 405 2706; x_wconf 90' lang='lat' dir='ltr'>suum</span> <span class='ocrx_word' id='word_1_310' title='bbox 420 2682 612 2708; x_wconf 85' lang='lat' dir='ltr'>carcerem</span> <span class='ocrx_word' id='word_1_311' title='bbox 625 2684 714 2708; x_wconf 89' lang='lat' dir='ltr'>cum</span> <span class='ocrx_word' id='word_1_312' title='bbox 728 2672 810 2709; x_wconf 89' lang='lat' dir='ltr'>aliis</span> <span class='ocrx_word' id='word_1_313' title='bbox 823 2685 898 2722; x_wconf 88' lang='lat' dir='ltr'>que</span> <span class='ocrx_word' id='word_1_314' title='bbox 911 2674 1124 2721; x_wconf 85' lang='lat' dir='ltr'>secuntur,*</span> <span class='ocrx_word' id='word_1_315' title='bbox 1135 2682 1176 2713; x_wconf 88' lang='lat' dir='ltr'>ut</span> <span class='ocrx_word' id='word_1_316' title='bbox 1191 2683 1295 2725; x_wconf 88' lang='lat' dir='ltr'>patet</span> <span class='ocrx_word' id='word_1_317' title='bbox 1310 2679 1512 2727; x_wconf 85' lang='lat' dir='ltr'>posterius.</span> 
     </span>
    </p>
   </div>
   <div class='ocr_carea' id='block_1_6' title="bbox 209 2748 1512 2790">
    <p class='ocr_par' dir='ltr' id='par_1_9' title="bbox 209 2748 1512 2790">
     <span class='ocr_line' id='line_1_37' title="bbox 209 2748 1512 2790; baseline 0.009 -17"><span class='ocrx_word' id='word_1_318' title='bbox 209 2749 233 2774; x_wconf 88' lang='lat'>6.</span> <span class='ocrx_word' id='word_1_319' title='bbox 252 2748 294 2774; x_wconf 79' lang='lat' dir='ltr'>ad</span> <span class='ocrx_word' id='word_1_320' title='bbox 306 2749 402 2774; x_wconf 79' lang='lat' dir='ltr'>alium</span> <span class='ocrx_word' id='word_1_321' title='bbox 417 2749 440 2775; x_wconf 91' lang='lat' dir='ltr'>B</span> <span class='ocrx_word' id='word_1_322' title='bbox 453 2756 459 2776; x_wconf 74' lang='lat' dir='ltr'><strong><em>z</em></strong></span> <span class='ocrx_word' id='word_1_323' title='bbox 480 2750 619 2776; x_wconf 78' lang='lat' dir='ltr'>obiectum</span> <span class='ocrx_word' id='word_1_324' title='bbox 633 2751 658 2776; x_wconf 89' lang='lat' dir='ltr'><strong>A</strong></span> <span class='ocrx_word' id='word_1_325' title='bbox 669 2751 702 2777; x_wconf 90' lang='lat' dir='ltr'>C.</span> <span class='ocrx_word' id='word_1_326' title='bbox 842 2762 865 2785; x_wconf 89' lang='lat'>7.</span> <span class='ocrx_word' id='word_1_327' title='bbox 887 2755 896 2783; x_wconf 83' lang='grc' dir='ltr'>ΙΙ</span> <span class='ocrx_word' id='word_1_328' title='bbox 909 2756 939 2779; x_wconf 76' lang='lat' dir='ltr'>et</span> <span class='ocrx_word' id='word_1_329' title='bbox 949 2755 1096 2786; x_wconf 70' lang='lat' dir='ltr'>sapiencia</span> <span class='ocrx_word' id='word_1_330' title='bbox 1110 2755 1133 2781; x_wconf 94' lang='lat' dir='ltr'>B</span> <span class='ocrx_word' id='word_1_331' title='bbox 1146 2756 1163 2782; x_wconf 89' lang='lat' dir='ltr'>f.</span> <span class='ocrx_word' id='word_1_332' title='bbox 1181 2766 1229 2790; x_wconf 86' lang='lat'>219</span> <span class='ocrx_word' id='word_1_333' title='bbox 1239 2765 1267 2782; x_wconf 79' lang='grc' dir='ltr'>Α.</span> <span class='ocrx_word' id='word_1_334' title='bbox 1397 2768 1436 2784; x_wconf 87' lang='lat'>20.</span> <span class='ocrx_word' id='word_1_335' title='bbox 1457 2768 1512 2785; x_wconf 71' lang='lat' dir='ltr'>nrm</span> 
     </span>
    </p>
   </div>
   <div class='ocr_carea' id='block_1_7' title="bbox 171 2783 1512 2848">
    <p class='ocr_par' dir='ltr' id='par_1_10' title="bbox 171 2783 1512 2848">
     <span class='ocr_line' id='line_1_38' title="bbox 171 2783 1512 2824; baseline 0.01 -18"><span class='ocrx_word' id='word_1_336' title='bbox 171 2784 268 2815; x_wconf 79' lang='lat' dir='ltr'>potest</span> <span class='ocrx_word' id='word_1_337' title='bbox 281 2791 334 2821; x_wconf 73' lang='lat' dir='ltr'>orn.</span> <span class='ocrx_word' id='word_1_338' title='bbox 351 2783 382 2809; x_wconf 89' lang='lat' dir='ltr'>B.</span> <span class='ocrx_word' id='word_1_339' title='bbox 466 2793 507 2815; x_wconf 85' lang='lat'>23.</span> <span class='ocrx_word' id='word_1_340' title='bbox 516 2784 575 2822; x_wconf 68' lang='lat' dir='ltr'>stac</span> <span class='ocrx_word' id='word_1_341' title='bbox 587 2785 612 2809; x_wconf 93' lang='grc' dir='ltr'><strong>Α</strong></span> <span class='ocrx_word' id='word_1_342' title='bbox 622 2784 645 2810; x_wconf 95' lang='lat' dir='ltr'>C</span> <span class='ocrx_word' id='word_1_343' title='bbox 656 2792 661 2810; x_wconf 88' lang='lat'>:</span> <span class='ocrx_word' id='word_1_344' title='bbox 682 2785 729 2812; x_wconf 76' lang='lat' dir='ltr'>hic</span> <span class='ocrx_word' id='word_1_345' title='bbox 743 2786 774 2812; x_wconf 89' lang='lat' dir='ltr'>B.</span> <span class='ocrx_word' id='word_1_346' title='bbox 866 2796 905 2819; x_wconf 86' lang='lat'>30.</span> <span class='ocrx_word' id='word_1_347' title='bbox 927 2797 1098 2821; x_wconf 75' lang='lat' dir='ltr'>quacunque</span> <span class='ocrx_word' id='word_1_348' title='bbox 1112 2789 1134 2814; x_wconf 88' lang='lat' dir='ltr'>B</span> <span class='ocrx_word' id='word_1_349' title='bbox 1147 2796 1152 2816; x_wconf 89' lang='lat'>:</span> <span class='ocrx_word' id='word_1_350' title='bbox 1172 2793 1431 2824; x_wconf 75' lang='lat' dir='ltr'>quantumcunque</span> <span class='ocrx_word' id='word_1_351' title='bbox 1444 2793 1469 2818; x_wconf 92' lang='lat' dir='ltr'>A</span> <span class='ocrx_word' id='word_1_352' title='bbox 1480 2793 1512 2820; x_wconf 86' lang='lat' dir='ltr'>C.</span> 
     </span>
     <span class='ocr_line' id='line_1_39' title="bbox 180 2816 652 2848; baseline 0.006 -7"><span class='ocrx_word' id='word_1_353' title='bbox 180 2824 222 2848; x_wconf 85' lang='lat'>31.</span> <span class='ocrx_word' id='word_1_354' title='bbox 241 2817 361 2842; x_wconf 80' lang='lat' dir='ltr'>anzmal</span> <span class='ocrx_word' id='word_1_355' title='bbox 371 2816 446 2843; x_wconf 88' lang='lat' dir='ltr'>AC:</span> <span class='ocrx_word' id='word_1_356' title='bbox 466 2818 607 2844; x_wconf 81' lang='lat' dir='ltr'>anzmalzs</span> <span class='ocrx_word' id='word_1_357' title='bbox 621 2818 652 2845; x_wconf 91' lang='lat' dir='ltr'>B.</span> 
     </span>
    </p>
   </div>
  </div>
 </body>
</html>
