2095 3278
53 203 265 263 CAP.XX1.]
608 213 673 246 DE
704 212 946 246 PAUPERIE
979 210 1292 246 SALVATORIS.
1785 203 1869 257 363

167 323 256 365 210]
273 317 396 364 quoad
422 328 528 353 usum
551 317 806 352 auctoritatem
823 316 1023 361 prohibens
1047 317 1243 351 tolleretur.
1294 313 1420 359 Unde,
1439 313 1532 350 sicut
1554 312 1591 349 in

270 375 371 411 ebrio
405 382 529 410 manet
564 374 734 417 sciencia,
762 385 831 409 nec
864 380 952 418 potu
987 373 1132 418 digesto
1163 373 1288 418 aliqua
1316 373 1385 407 sibi
1419 373 1466 408 de
1494 384 1592 407 novo

272 432 433 468 sciencia
456 432 662 476 confertur3
690 432 742 466 ita
758 431 903 466 videtur
926 430 959 466 ei
983 431 1085 466 fatuo
1103 431 1224 476 quoad
1246 431 1345 465 istud
1371 429 1591 473 dominium,

272 491 372 535 quod
402 490 480 525 sine
506 500 604 524 nova
631 489 805 524 facultate
831 496 991 534 recepta,
1020 488 1294 533 impedimentis
1327 487 1454 523 utendi
1482 489 1592 523 rebus

240 561 258 592 5
273 548 438 591 sublatis,
460 547 512 582 uti
531 547 647 592 possit
665 548 774 582 rebus
791 558 836 582 ex
853 558 920 581 sua
937 546 1037 591 prius
1055 546 1183 581 habita
1200 546 1388 581 facultate,

321 607 409 640 IOH.
430 606 536 640 quta
548 604 734 639 racionem
748 603 858 639 istam
871 603 1017 639 videtur
1030 604 1127 648 quod
1142 603 1179 638 in
1195 610 1376 648 peccante
1390 602 1595 638 mortaliter

272 669 461 698 remaneat
483 662 663 706 integrum
681 661 782 696 istud
805 661 983 706 originale
1006 661 1234 705 dominium3
1262 661 1449 706 quoniam,
1467 667 1593 696 amoto

226 729 258 758 D
272 720 510 765 postmodum
527 719 790 764 impedimento
808 719 961 764 peccati,
977 718 1056 754 sine
1066 730 1163 753 nova
1176 718 1394 754 auctoritate
1411 718 1427 737 '¹‘
1444 725 1593 764 recepta

270 777 462 831 (quoniam
480 778 600 811 nullus
618 788 749 812 carens
767 777 830 812 tali
848 777 1066 811 auctoritate
1084 783 1228 811 tenetur
1244 788 1327 812 eam
1345 776 1506 821 recipere
1522 776 1592 811 nisi

220 845 259 866 10
272 835 386 879 velit),
405 841 525 879 potest
544 834 598 879 (ut
614 834 771 879 videtur)
792 834 953 879 plenarie
971 834 1022 869 uti
1041 834 1134 879 ipso.

319 894 405 927 RIC.
434 891 672 927 Oblivisceris
700 898 810 927 antea
843 898 1087 927 ostensorum.
1137 891 1241 927 Sicut
1275 891 1374 927 enim
1400 891 1592 937 peccando

271 950 407 994 gracia,
437 949 658 995 principium
684 950 838 984 formale
865 949 1019 984 dominii
1050 949 1249 994 originalis,
1275 956 1331 985 est
1359 950 1514 995 perdita,
1541 950 1593 984 ita

271 1019 355 1042 cum
382 1007 507 1052 gracia
533 1007 710 1053 redditur,
734 1007 944 1043 necessario
972 1008 1094 1052 ipsum
1120 1007 1238 1042 redit:
1272 1014 1309 1042 et
1339 1008 1391 1043 sic
1418 1008 1593 1053 recipitur

269 1077 366 1100 nova
383 1065 592 1108 auctoritas,
611 1076 723 1110 quam
740 1072 864 1100 tamen
881 1066 1002 1100 nullus
1024 1065 1138 1100 libere
1155 1065 1353 1100 voluntatis
1374 1066 1504 1111 recipit
1522 1066 1593 1100 nisi

221 1131 258 1163 15
272 1123 358 1158 velit
372 1134 380 1166 ;
408 1122 575 1168 quamvis
591 1122 742 1168 quilibet
756 1129 926 1158 teneatur
938 1134 1020 1158 eam
1035 1123 1208 1168 recipere,
1221 1123 1340 1158 eciam
1358 1123 1386 1158 si
1406 1135 1481 1158 non
1495 1125 1594 1166 velit,

272 1193 317 1216 ex
334 1192 406 1226 quo
429 1181 593 1225 graciam
615 1192 638 1215 a
655 1192 728 1225 qua
754 1180 916 1225 separari
942 1181 1067 1226 nequit
1091 1187 1237 1215 tenetur
1258 1180 1406 1215 habere.
1454 1181 1594 1216 Verum

271 1245 327 1274 est
345 1245 469 1273 tamen
487 1239 596 1283 quod,
614 1238 759 1283 perdito
778 1238 847 1273 isto
871 1238 1038 1283 originali
1056 1239 1220 1274 dominio
1243 1250 1309 1283 per
1324 1244 1530 1283 peccatum,
1549 1251 1594 1275 eo

272 1297 372 1342 quod
391 1297 462 1331 Dei
481 1296 683 1331 similitudo
708 1296 888 1331 amittitur
904 1303 938 1332 et
958 1297 1160 1332 similitudo
1182 1297 1372 1331 brutorum
1398 1296 1594 1332 incurritur

53 1364 105 1394 ΡΒ,
121 1362 223 1394 xlviii,
274 1354 463 1400 (quoniam
481 1365 563 1388 cum
580 1354 687 1388 homo
704 1355 744 1388 in
762 1354 899 1389 honore
920 1359 1021 1398 esset,
1047 1366 1121 1389 non
1144 1354 1339 1397 intellexit,
1356 1357 1594 1399 comparatus

57 1416 107 1446 13,
123 1415 172 1436 21·
271 1416 327 1447 est
349 1413 527 1446 iumentis
553 1412 815 1456 insipientibus
840 1415 877 1446 et
898 1413 1036 1447 similis
1048 1413 1181 1457 factus
1209 1417 1263 1447 est
1286 1412 1404 1457 z‘llz's);
1440 1413 1591 1447 nichilo-

54 1481 165 1508 tamen
175 1485 187 1508 .·
290 1469 419 1504 minus
446 1468 776 1504 tamenmaterialis
801 1480 914 1504 causa
940 1469 1093 1504 dominii
1118 1470 1232 1515 ipsius
1257 1477 1425 1505 remanet
1451 1470 1488 1505 in
1509 1482 1593 1516 pec-

54 1530 128 1551 cum
146 1528 177 1551 Β·
273 1534 391 1570 cante,
409 1527 583 1572 quoniam
601 1533 929 1572 quantumcunque
943 1528 1055 1563 homo
1073 1528 1263 1573 delinquat
1276 1540 1423 1573 semper
1440 1528 1477 1563 in
1491 1540 1593 1573 yma-

271 1585 356 1629 gine
369 1584 568 1629 pertransit
584 1584 775 1628 (intelligo,
792 1584 992 1629 Creatoris)
1011 1598 1018 1627 ;
1037 1597 1174 1630 ymago
1191 1597 1277 1620 vero
1289 1597 1372 1620 curn
1384 1586 1594 1630 indigencia

273 1641 453 1687 corporali
473 1641 525 1686 (ut
544 1641 711 1686 superius
729 1648 786 1676 est
802 1642 1029 1687 expressum)
1048 1650 1104 1678 est
1123 1654 1235 1678 causa
1261 1643 1365 1688 quasi
1393 1643 1593 1678 materialis

220 1703 258 1736 25
274 1700 378 1736 istius
404 1699 591 1744 originalis
617 1699 797 1734 dominii:
832 1706 868 1735 et
901 1701 949 1735 ob
976 1701 1049 1736 hoc
1078 1700 1231 1746 quidam
1262 1701 1389 1736 titulus
1416 1702 1594 1736 naturalis

272 1759 357 1793 licet
384 1758 559 1793 deformis
591 1758 639 1792 ad
669 1769 777 1793 usum
803 1770 927 1793 rerum
952 1765 1119 1794 remanet
1144 1758 1182 1793 in
1208 1766 1398 1804 peccante,
1425 1760 1594 1804 quamvis

273 1816 478 1851 dominium
497 1827 562 1860 per
578 1815 819 1851 amissionem
837 1815 892 1851 sui
910 1816 1075 1852 formalis
1092 1816 1260 1862 principii
1278 1817 1477 1852 amittatur.

321 1932 551 1966 IOHANNES.
577 1930 701 1975 Queso
719 1937 755 1965 te
774 1937 812 1966 ut
835 1931 975 1966 firmius
1002 1931 1092 1976 figas
1111 1931 1222 1967 istam
1247 1932 1424 1975 radicem,
1445 1931 1706 1977 scilicet,XX1,

274 1989 373 2034 quod
391 1988 594 2024 dominium
612 1988 788 2032 originale
809 2000 919 2033 super
937 2001 994 2024 res
1013 1990 1160 2025 inferius
1179 1990 1238 2025 hic
1258 1997 1400 2025 creatas
1426 1991 1594 2025 abdicari
1608 1996 1649 2021 As
1660 2004 1744 2028 grace
1756 1993 1840 2021 could

222 2053 263 2083 30
275 2058 349 2081 non
361 2046 490 2091 possit,
504 2058 547 2081 ex
561 2057 632 2091 quo
646 2053 701 2081 est
713 2046 852 2081 donum
866 2046 943 2081 sive
956 2047 1146 2091 donatum,
1159 2049 1336 2093 quoniam
1347 2048 1485 2082 donum
1496 2048 1594 2083 vide·
1608 2028 1876 2088 ᾏῗῃῢᾷᾖξῗῖῗῖνῖζ

275 2111 334 2139 tur
347 2116 456 2150 posse
473 2104 586 2139 libere
603 2104 726 2149 respui
741 2116 763 2139 a
780 2116 999 2150 quocunque
1015 2118 1022 2147 ;
1050 2112 1086 2140 et
1099 2105 1213 2140 michi
1227 2106 1371 2141 videtur
1387 2106 1487 2151 quod
1501 2106 1596 2150 pari·
1607 2096 1667 2122 ¹³¹⁵*
1679 2095 1808 2129 granted,

274 2169 330 2197 ter
340 2162 456 2207 potuit
473 2162 638 2197 abdicari
656 2169 857 2207 receptum,
871 2162 964 2197 sicut
982 2170 1127 2208 poterat
1144 2164 1265 2209 respui
1282 2164 1401 2209 primo
1419 2164 1596 2199 oblatum.

324 2221 551 2255 RICARDUS.
579 2219 714 2255 Gracia
740 2221 827 2254 data
852 2220 972 2265 primo
999 2221 1140 2256 homini
1166 2222 1202 2256 in
1230 2233 1297 2256 sua
1322 2222 1511 2257 creacione
1535 2228 1597 2256 aut

278 2276 498 2321 (secundum
525 2277 748 2322 Magistrum
774 2278 1070 2323 Sentenciarum)
1099 2279 1318 2314 innocencia
1350 2279 1428 2314 sive
1454 2279 1600 2314 iusticia

223 2340 261 2372 35
276 2335 442 2379 potuitne
458 2335 579 2379 respui
598 2347 681 2370 cum
700 2335 858 2370 dabatur
872 2336 886 2370 ?

325 2394 414 2428 IOH.
443 2393 482 2428 Si
510 2393 645 2437 dixero,
665 2394 737 2436 Sic,
766 2394 842 2428 scio
868 2394 967 2438 quod
993 2406 1125 2438 argues
1151 2407 1233 2430 eam
1263 2394 1390 2430 datam
1417 2395 1453 2430 in
1479 2395 1599 2440 primo

59 2453 143 2494 quin
159 2460 187 2484 Β.
277 2450 428 2485 instanti
462 2451 661 2486 existencie
702 2451 874 2494 hominis,
909 2451 994 2496 quia
1035 2452 1124 2486 illud
1166 2452 1384 2497 supponitur
1416 2453 1452 2487 in
1486 2453 1598 2487 verbo

275 2509 447 2552 dabatur,
468 2516 503 2543 et
526 2521 601 2543 non
626 2510 764 2551 datam,
783 2509 869 2554 quia
891 2520 974 2544 eam
997 2521 1044 2544 ne
1068 2510 1251 2555 acciperet
1276 2510 1495 2555 respuebat:
1527 2522 1598 2555 que

276 2566 346 2600 sibi
363 2572 491 2600 mutuo
509 2566 777 2601 contradicunt.

223 2627 266 2660 40
325 2624 409 2658 RIC.
439 2624 644 2658 Prudenter
673 2623 960 2668 repugnanciam
994 2623 1103 2659 istam
1128 2624 1312 2659 advertis:
1349 2624 1377 2659 si
1410 2635 1496 2669 ergo
1527 2624 1599 2659 ori-

276 2681 397 2725 ginale
428 2680 631 2716 dominium
658 2681 870 2716 necessario
899 2681 985 2716 huic
1011 2682 1109 2716 dono
1135 2682 1353 2724 annectitur,
1379 2694 1453 2716 non
1481 2683 1599 2726 magis

277 2739 396 2783 potuit
422 2739 542 2783 ipsum
568 2740 689 2784 respui
716 2751 798 2774 cum
826 2740 993 2783 dabatur,
1020 2751 1131 2784 quam
1157 2739 1295 2774 donum
1322 2740 1423 2783 illud,
1449 2740 1598 2781 scilicet,

279 2797 405 2840 gracia
420 2797 494 2833 sive
513 2796 665 2841 iusticia,
679 2797 726 2832 ad
746 2797 848 2832 cuius
867 2797 1123 2843 accepcionem
1140 2798 1349 2833 necessario
1365 2799 1596 2843 sequebatur.
