2095 3278
29 234 116 265 cAP.
138 219 292 276 xxxa]
590 229 655 262 DE
689 228 933 263 PAUPEROE
965 226 1278 261 SALVATORIS.
1766 218 1850 264 425

127 335 225 376 ΒΘΑ]
244 335 295 381 (ut
311 345 422 379 supra
435 340 633 370 tractantes
648 335 693 370 de
708 333 941 380 possessione
956 332 1215 377 ostendimus),
1226 331 1293 367 tibi
1309 328 1567 371 concedimus;

25 396 133 428 supra,
152 398 184 429 P·
243 400 299 428 set
326 393 406 438 ipsa
433 392 583 427 omnino
611 404 692 427 esse
718 404 826 427 cassa
855 403 930 426 non
960 392 1108 436 probas,
1135 390 1221 435 quia
1250 395 1405 434 possunt
1436 388 1569 422 saltem

27 431 99 472 398*
242 450 464 496 imperfectis
482 450 518 484 in
537 457 633 484 statu
648 449 830 494 presentis
846 449 993 484 miserie
1008 455 1135 483 contra
1149 447 1366 482 invadentes
1380 446 1569 491 proficere,

243 508 296 543 sic
321 507 420 553 quod
445 518 519 541 non
546 507 783 552 impugnatur
806 518 872 552 per
896 506 968 541 ista
994 505 1183 540 ordinacio
1213 505 1283 540 Dei
1314 505 1360 539 de
1391 503 1571 538 divisione

210 575 228 606 5
244 565 489 600 dominiorum
514 571 608 600 terre
634 564 902 609 promissionis,
927 563 1169 608 supponendo
1195 562 1294 607 quod
1320 563 1424 597 Deus
1450 560 1572 596 taliter

242 622 435 666 ordinavit,
454 634 538 657 cum
563 634 628 667 per
650 623 712 657 illa
735 621 898 657 dominia
923 621 1084 667 positiva
1105 627 1274 666 poterant
1298 627 1426 655 contra
1450 620 1570 654 malos

242 680 365 716 utilius
390 692 557 716 exercere
582 687 685 715 actus
711 680 898 725 predictos
925 691 1036 724 quam
1063 691 1128 724 per
1153 679 1328 723 originale
1354 677 1570 712 dominium.

246 740 351 780 Item,
380 749 563 783 nusquam
593 739 708 773 habes
740 737 794 782 (ut
827 736 931 782 puto)
964 737 1001 771 in
1031 737 1222 782 Scriptura
1253 736 1439 770 firmatum
1468 734 1568 780 quod
1615 741 1640 759 2·

246 797 349 831 Deus
376 795 446 830 illis
472 795 640 831 tribubus
667 796 790 830 divisit
815 795 1078 840 particularum
1105 806 1254 829 suarum
1280 793 1456 837 dominia,
1482 793 1568 828 licet

192 865 232 889 10
245 854 291 889 de
308 853 585 898 possessionum
603 865 753 888 suarum
771 853 961 898 particulis
980 853 1043 887 fiat
1060 864 1192 887 sermo.

293 912 384 946 IOH.
412 913 488 946 Ista
514 911 677 955 intueor3
714 917 769 946 set
793 911 906 945 miror
929 922 992 945 cur
1016 911 1177 945 mundus
1202 916 1298 945 totus
1324 909 1569 945 donacionem

200 970 230 999 B
244 980 319 1003 non
337 975 491 1014 reputat,
509 968 580 1004 nisi
599 969 660 1003 ubi
678 981 700 1003 a
719 969 879 1004 donante
897 980 1003 1003 suum
1021 968 1227 1003 dominium
1241 967 1257 986 '¹‘
1271 967 1474 1003 abdicatur.

27 1018 78 1050 ΡΞ·
93 1017 135 1049 iV‘
150 1025 178 1057 3·
291 1028 379 1062 RIC.
407 1026 504 1072 Quia
520 1027 606 1072 filz'z'
628 1027 821 1061 hominum
844 1028 968 1072 gravi
990 1026 1104 1070 corde,
1131 1032 1329 1071 postquam
1354 1032 1480 1060 nostra
1505 1036 1569 1059 na-

243 1090 326 1120 tura
351 1091 520 1129 corrupta
544 1085 662 1119 fuerat
686 1096 753 1129 per
776 1091 979 1130 peccatum,
1000 1090 1144 1119 tantum
1170 1084 1339 1129 dz'lzsgunt
1361 1084 1570 1118 vanitatem

194 1149 230 1181 15
244 1145 280 1177 et
314 1146 478 1187 querunt
513 1143 758 1186 772e7zdacz'um‚
797 1142 948 1185 scilicet,
986 1154 1044 1176 res
1083 1143 1151 1176 sub
1189 1143 1266 1176 sole
1303 1152 1421 1176 vanas
1458 1147 1569 1186 atque

27 1192 147 1224 ΕΟΰῙ-ῑ·
161 1200 210 1232 14·
243 1200 411 1235 fallentes
439 1200 555 1244 (Vidi,
575 1200 703 1246 inquit,
726 1205 859 1235 cuncta
883 1200 950 1234 sub
974 1200 1059 1242 sole,
1078 1203 1114 1234 et
1137 1211 1212 1234 ecce
1236 1200 1362 1234 omnia
1387 1198 1569 1244 vanitas),

244 1259 345 1303 quod
375 1264 508 1293 cuncta
535 1258 603 1293 sibi
630 1258 732 1293 utilia
760 1258 837 1293 sive
864 1258 1069 1292 accomoda
1099 1257 1302 1302 cupiditate
1331 1262 1569 1300 mensurant3

244 1315 419 1361 quoniam
443 1316 494 1350 ita
518 1322 601 1350 sunt
626 1316 697 1351 ista
721 1315 923 1360 cupiditate
947 1315 1062 1351 cecati
1087 1316 1187 1360 quod
1207 1315 1310 1360 quasi
1330 1315 1569 1349 commodum

245 1373 315 1408 sibi
333 1374 528 1419 provenire
546 1386 590 1409 ex
609 1375 706 1409 dono
723 1374 800 1409 sive
818 1386 862 1409 ex
879 1375 985 1408 aliter
1002 1373 1191 1418 acquisitis
1210 1385 1285 1407 non
1304 1373 1479 1416 iudicant,
1498 1373 1569 1407 nisi

193 1441 234 1463 20
246 1432 406 1467 solitaria
424 1432 648 1477 proprietate
666 1433 755 1467 illud
770 1433 984 1477 optineant:
1013 1433 1113 1467 unde
1132 1432 1208 1466 fieri
1229 1431 1474 1466 donacionem
1493 1442 1570 1465 non

245 1496 417 1535 reputant
436 1490 507 1525 nisi
525 1490 682 1533 donans,
697 1502 719 1525 a
737 1502 775 1525 se
792 1490 1002 1525 abdicando
1020 1501 1100 1524 rem
1118 1490 1256 1532 datam,
1270 1489 1463 1524 donatario
1481 1488 1569 1523 illud

246 1548 452 1593 apropriet3
494 1560 579 1583 cum
605 1560 626 1584 e
653 1548 837 1583 contrario
867 1548 1003 1583 habeat
1032 1549 1157 1592 regula
1186 1547 1349 1582 veritatis
1379 1559 1423 1582 ac
1453 1547 1571 1582 eciam

245 1606 408 1641 caritatis
439 1617 483 1640 ac
512 1606 631 1641 eciam
658 1608 785 1651 regula
814 1606 1003 1651 originalis
1029 1606 1171 1641 iusticie
1199 1605 1308 1650 (sicut
1338 1605 1506 1651 superius
1534 1604 1572 1639 in

29 1673 136 1705 supra,
152 1673 208 1705 pp.
245 1663 363 1708 primo
380 1664 488 1699 huius
505 1665 673 1709 exemplo
691 1664 831 1709 patenti
851 1663 1109 1709 ostendimus),
1125 1664 1275 1708 scilicet,
1295 1664 1395 1708 quod
1413 1662 1571 1698 donacio

31 1716 93 1747 3¹3
111 1717 175 1748 seq·
245 1721 392 1767 proprie
415 1722 525 1766 dicta,
545 1733 615 1767 que
641 1729 697 1757 est
722 1728 828 1756 actus
853 1722 1018 1766 dominii,
1036 1734 1228 1768 nunquam
1251 1734 1318 1767 per
1335 1734 1374 1757 se
1398 1722 1573 1757 transfert

247 1779 463 1823 dominium,
481 1791 551 1814 nec
576 1779 741 1824 procedit
763 1791 785 1814 a
809 1780 983 1815 donantis
1007 1780 1171 1814 dominio
1189 1779 1273 1815 talis
1298 1779 1467 1822 donacio,
1486 1779 1573 1814 licet

246 1837 423 1883 procedat
452 1850 474 1872 a
504 1837 677 1872 facultate
704 1844 739 1873 et
768 1837 886 1873 eciam
913 1850 935 1873 a
959 1838 1186 1873 liberalitatis
1213 1839 1346 1873 virtute
1376 1837 1569 1881 donantis;

246 1896 345 1930 unde
370 1902 473 1930 actus
499 1895 727 1930 liberalitatis
753 1895 908 1940 proprie,
928 1907 1004 1930 non
1027 1896 1173 1941 proprie
1190 1903 1294 1932 actus
1315 1896 1481 1940 dominii,
1500 1896 1572 1931 dici

247 1960 381 1999 potest,
399 1953 492 1989 sicut
510 1953 547 1988 in
566 1961 696 1999 quarto
716 1953 821 1988 huius
839 1954 958 1999 magis
976 1955 1149 1990 lucescet.

196 2074 237 2106 30
300 2068 527 2102 IOHANNES.
555 2067 627 2101 Dic
646 2067 692 2102 de
710 2067 1022 2102 accomodacione
1045 2067 1224 2113 numquid
1248 2068 1443 2104 conveniat
1466 2068 1574 2113 origi·
1589 2066 1736 2098 XXXII-

249 2125 322 2159 nali
342 2124 516 2168 dominio,
536 2124 630 2159 sicut
648 2124 825 2169 competit
844 2125 892 2159 illi
911 2126 1081 2160 donacio.
1586 2121 1831 2187 ὲξξξῑῐῑὲὲοζίῑὲξξὲῑ

297 2184 526 2217 RICARDUS.
545 2184 602 2216 Ex
616 2194 688 2227 quo
702 2182 860 2217 donacio
872 2195 945 2217 non
961 2183 1133 2218 convenit
1149 2183 1199 2217 illi
1214 2183 1283 2218 nisi
1299 2183 1574 2228 possessionem
1586 2187 1713 2220 lordship

249 2240 502 2275 transferendo
517 2246 579 2274 aut
593 2239 902 2274 communicando
917 2240 1086 2284 eandem,
1102 2252 1166 2275 seu
1183 2241 1439 2285 restringendo
1454 2242 1577 2286 quoad

34 2290 120 2329 ciffi
137 2305 169 2328 B.
250 2304 353 2332 actus
384 2297 548 2341 dominii,
577 2309 648 2342 que
678 2297 867 2332 restriccio
896 2298 1170 2342 possessionem
1200 2299 1333 2333 minuit
1362 2299 1482 2334 eciam
1511 2311 1577 2334 seu

198 2360 236 2392 35
251 2355 446 2399 restringit,
464 2367 549 2389 cum
567 2355 605 2389 id
624 2355 686 2389 fiat
705 2355 872 2389 absolute
889 2356 1145 2390 transferendo
1167 2363 1229 2391 aut
1253 2357 1575 2401 communicando,

250 2412 383 2457 poterit
406 2413 537 2447 eadem
562 2412 747 2457 possessio
771 2413 959 2447 transferri
979 2419 1041 2447 aut
1059 2414 1189 2448 saltem
1208 2414 1470 2449 communicari
1489 2427 1573 2450 curn
1585 2419 1614 2446 in
1625 2429 1655 2446 so
1667 2420 1709 2446 far
1721 2429 1752 2446 as
1765 2418 1787 2446 it

251 2471 374 2514 modo,
409 2470 558 2514 scilicet,
593 2471 642 2505 ad
675 2471 903 2506 voluntatem
936 2478 998 2506 aut
1031 2471 1080 2506 ad
1114 2472 1258 2507 libitum
1292 2473 1572 2508 commodantis.
1586 2454 1846 2519 ffigffietgffssgssns'

35 2538 152 2569 habet:
168 2534 216 2579 ᾖ
254 2528 472 2573 Quicunque
504 2528 603 2563 enirn
632 2534 754 2573 potest
785 2528 999 2573 simpliciter
1027 2529 1126 2564 bona
1159 2541 1224 2564 sua
1258 2530 1397 2565 donare
1415 2543 1422 2565 :
1461 2532 1574 2566 habet
1587 2519 1811 2580 ξξξέῗξξξξᾶεεῑ
1825 2525 1855 2547 ‘⁰

36 2582 117 2627 ΙῖἱΒ,
130 2593 231 2629 potes·
255 2585 422 2630 (scilicet)
442 2586 656 2620 facultatem
675 2597 759 2620 cum
777 2586 889 2620 modo
909 2586 977 2621 sibi
1002 2586 1138 2631 placito
1161 2599 1206 2622 ea
1226 2588 1324 2631 dare,
1344 2595 1383 2623 ut
1402 2588 1438 2622 in
1456 2589 1576 2633 primo
1746 2573 1752 2586 ⁹

36 2636 134 2662 tatem
147 2640 187 2663 M·
253 2643 361 2678 huius
376 2644 421 2677 de
437 2645 519 2678 Deo
533 2644 792 2688 expressimus,
806 2644 906 2688 quod
921 2645 1024 2678 Deus
1040 2650 1160 2688 potest
1175 2656 1240 2689 per
1251 2657 1356 2680 suum
1371 2646 1576 2682 dominium

36 2685 204 2759 3111?pr
208 2700 214 2705 ”
254 2701 502 2736 commodare.

302 2760 390 2793 IOH.
418 2760 505 2793 Non
521 2758 663 2793 videtur
676 2759 781 2793 firma
800 2759 868 2794 hec
883 2759 983 2794 racio
998 2772 1005 2803 3
1034 2759 1220 2805 quoniam,
1236 2772 1280 2796 ex
1298 2773 1369 2806 quo
1387 2763 1576 2806 possessio

253 2827 327 2850 non
347 2822 401 2851 est
417 2816 471 2851 ius
491 2823 526 2852 et
545 2817 855 2853 commodatarius
874 2818 1003 2863 equale
1022 2818 1076 2853 ius
1095 2819 1207 2854 habet
1225 2818 1261 2854 in
1276 2831 1314 2854 re
1332 2821 1577 2855 accomodata
