2008 3305
244 199 415 258 CAP.11.]
711 211 858 242 LrssER
892 209 1114 242 TERTIUS.
1766 206 1848 250 215

130 332 227 374 7413]
296 324 372 361 Pro
396 323 565 362 secundo
591 323 804 361 notandum
832 323 937 373 quod
966 335 1061 372 pure
1088 320 1403 371 philosophantes
1427 331 1568 369 posue·
1581 324 1833 389 {lieitildssffimm

241 400 327 431 runt
360 401 448 432 octo
487 394 627 432 modos
657 395 867 443 equivocos
904 393 1033 442 quoad
1063 393 1230 442 speciem
1269 392 1408 442 quibus
1450 402 1569 427 unum

240 465 347 502 alteri
367 465 544 510 inexistit‚
566 472 607 502 ut
626 471 730 514 patet
750 471 887 513 quarto
917 464 1169 509 Phisicorum,
1191 474 1356 512 quorum
1385 462 1570 511 septimus

240 535 381 573 modus
410 542 476 581 est,
507 541 549 572 ut
577 535 734 584 aliquod
763 540 820 572 est
849 535 887 571 in
918 546 987 572 sua
1016 545 1133 572 causa
1163 533 1278 578 finali,
1308 532 1404 569 sicut
1434 531 1569 569 divicie
1583 534 1655 561 their
1666 533 1731 560 final
1744 541 1837 559 cause.

209 614 226 645 5
241 605 348 654 regni
385 604 602 643 Grecorum
643 606 820 642 dicuntur
859 616 942 642 esse
980 605 1021 641 in
1055 610 1246 653 potestate
1286 603 1408 652 regis;
1448 602 1570 639 multo

199 684 227 713 c
241 676 364 724 magis
384 688 476 724 ergo
496 676 535 713 in
556 675 653 722 Deo,
676 676 741 724 qui
762 682 818 713 est
838 688 907 724 per
928 687 968 712 se
989 686 1105 712 causa
1126 673 1251 711 finalis
1274 672 1292 692 *
1314 673 1458 718 ultima,
1482 679 1571 710 sunt

240 746 388 796 singule
419 754 600 784 creature.
659 746 760 783 Illud
793 752 922 783 autem
957 752 1014 782 est
1053 744 1228 782 subtilius
1267 749 1304 781 et
1342 743 1571 792 profundius

240 824 374 854 notum
394 817 587 866 theologo,
603 817 668 866 qui
685 817 790 854 novit
805 816 1006 865 quomodo
1026 815 1133 852 Deus
1149 820 1206 852 est
1222 813 1357 862 plenus
1370 813 1571 850 racionum

241 887 518 936 exemplarium
544 900 617 936 que
645 893 733 924 sunt
757 887 1016 924 essencialiter
1039 886 1143 923 idem
1170 884 1270 930 Deo,
1292 891 1330 922 et
1359 884 1570 922 secundum

190 974 229 996 10
242 969 324 995 esse
337 957 570 1006 intelligibile
584 957 751 1006 quelibet
765 963 938 994 creatura
953 971 962 1003 3
984 963 1025 994 ut
1044 956 1107 993 hic
1127 956 1276 1004 capitur
1297 967 1344 992 ex
1359 953 1571 1003 ewangelio

241 1028 425 1065 Iohannis
440 1028 462 1064 i.
481 1040 515 1075 3,
533 1041 567 1074 4,
589 1027 696 1073 Quod
691 1029 845 1078 factum
861 1032 912 1064 est
929 1029 968 1064 z'n
989 1029 1065 1076 z-'pso
1084 1028 1161 1064 vila
1177 1030 1266 1072 erat,
1279 1032 1465 1075 tanquam
1481 1025 1571 1062 alibi

240 1098 485 1135 declaratum.
530 1098 614 1136 Nec
635 1098 790 1147 capiunt
810 1110 943 1147 grosse
957 1105 994 1135 et
1007 1097 1258 1146 corporaliter
1273 1097 1464 1145 sapientes
1481 1097 1571 1132 sub-

240 1169 425 1214 tilitatem,
451 1169 735 1218 proprietatem,
757 1176 793 1206 et
819 1168 1122 1218 profunditatem
1144 1167 1347 1216 Scripture,
1370 1166 1571 1216 quomodo

241 1237 348 1275 Deus
361 1238 475 1287 prius,
497 1239 774 1284 immediaeius,
790 1246 827 1276 et
840 1239 1018 1287 proprius
1032 1239 1204 1276 continet
1217 1238 1440 1275 universum
1453 1248 1571 1285 quam

190 1323 228 1355 15
242 1309 349 1346 locus
365 1320 574 1358 corporeus
595 1309 711 1346 situm
730 1309 898 1346 locatum
913 1322 922 1355 ;
953 1309 1043 1358 quia
1062 1316 1118 1346 est
1143 1309 1304 1346 circulus
1325 1306 1571 1355 intelligibilis

241 1379 341 1416 intra
354 1385 390 1416 et
405 1385 512 1416 extra
525 1379 735 1428 quamlibet
751 1387 975 1425 creaturam,
990 1387 1126 1417 tenens
1139 1391 1226 1416 eam
1241 1379 1281 1415 in
1298 1379 1374 1415 suis
1388 1378 1572 1414 limitibus

241 1449 515 1499 omniquaque,
537 1462 586 1486 ne
616 1449 761 1487 labatur
794 1450 834 1487 in
868 1450 1075 1487 nichilum:
1112 1461 1193 1486 non
1220 1449 1272 1486 sic
1306 1455 1434 1485 autern
1463 1448 1573 1485 locus

242 1532 451 1570 corporeus
472 1520 536 1569 qui
556 1520 689 1569 pocius
709 1526 867 1558 econtra
887 1532 909 1557 a
930 1533 1000 1558 suo
1015 1521 1236 1558 continente
1257 1526 1436 1558 servatur.
1477 1518 1573 1556 Ideo

242 1597 398 1640 propter
418 1590 757 1640 imperfeccionem
778 1591 1021 1628 continencie
1042 1590 1116 1628 loci
1136 1590 1314 1639 corporei
1334 1596 1370 1626 et
1390 1589 1573 1638 perfecci-

191 1674 231 1697 20
243 1673 359 1698 onem
385 1661 628 1698 continencie
649 1660 735 1707 Dei,
756 1661 934 1698 dicuntur
953 1660 1060 1698 Deus
1089 1668 1125 1698 et
1145 1660 1251 1698 locus
1275 1660 1460 1709 equivoce
1480 1671 1574 1696 con-

243 1733 386 1777 tinere;
416 1738 454 1768 et
474 1731 597 1772 solum
610 1742 771 1769 sensum
791 1731 1023 1779 equivocum
1043 1731 1171 1767 minus
1191 1731 1403 1786 proprium,
1418 1736 1575 1779 propter

243 1802 570 1852 propinquitatem
596 1802 645 1838 ad
666 1812 834 1846 sensum,
856 1801 1032 1849 vulgares
1059 1801 1290 1850 concipiunt,
1314 1800 1575 1838 concedentes

244 1873 348 1922 quod
368 1873 481 1910 nichil
500 1879 627 1922 potest
646 1884 730 1909 esse
750 1872 789 1908 in
808 1871 896 1909 Deo
909 1872 967 1908 vel
988 1872 1027 1908 in
1049 1872 1176 1921 aliqua
1196 1872 1411 1909 secundum
1432 1871 1576 1908 molem

244 1944 458 1981 indivisibili
495 1949 689 1980 creatura:
729 1954 810 1979 non
850 1942 904 1979 sic
942 1949 1071 1979 autem
1110 1942 1329 1991 philosophi
1369 1948 1576 1979 noscentes

192 2030 229 2061 25
244 2013 579 2063 equivocacionem
593 2013 850 2058 inexistencie‚
865 2024 935 2049 nec
949 2012 1016 2049 viri
1030 2013 1162 2059 sancti,
1174 2013 1354 2049 doctores
1368 2011 1574 2060 Scripture,

245 2085 311 2134 qui
332 2089 418 2121 sunt
439 2083 613 2132 superius
633 2089 670 2120 et
690 2082 843 2120 uberius
864 2082 1047 2119 illustrati.

298 2154 363 2191 Ad
388 2154 547 2191 tercium
574 2153 711 2190 dieitur
734 2152 841 2202 quod
868 2152 976 2190 Deus
1000 2152 1150 2190 meliori
1174 2152 1294 2190 modo
1318 2152 1437 2190 donat
1457 2162 1627 2202 quamifi.
1649 2162 1712 2188 Itis
1727 2162 1819 2188 better

1588 2197 1650 2222 that
1665 2196 1729 2222 God
1743 2196 1843 2222 should

246 2225 277 2261 si
310 2232 400 2274 post
437 2224 707 2270 donacionem,
742 2224 906 2260 instante
944 2223 1141 2260 voluntate
1177 2223 1376 2272 peccandi,
1413 2223 1576 2261 auferret
1588 2229 1815 2296 ξέδζξεῖἰὲιῃᾶἓῑῑη

200 2294 266 2334 D*
286 2306 443 2343 organa,
472 2294 531 2331 vel
564 2306 678 2331 usum
709 2293 886 2342 potencie
918 2299 1195 2342 sequestraret;
1244 2300 1325 2330 tum
1355 2293 1445 2343 quia
1483 2299 1574 2331 tunc
1588 2296 1813 2355 ffilssttlffirglffifft

194 2377 235 2407 30
248 2365 406 2414 quilibet
434 2364 548 2401 invite
577 2370 857 2413 preservaretur
885 2364 934 2400 ab
964 2364 1190 2401 extrinsecis
1220 2364 1415 2401 maleficiis
1445 2370 1482 2401 et
1510 2376 1576 2413 per
1589 2362 1821 2428 Reassggjljtttsse

248 2446 491 2484 consequens
512 2446 593 2472 non
621 2434 817 2479 merendo,
839 2439 920 2470 tum
945 2434 1068 2471 eciam
1089 2435 1178 2483 quia
1201 2434 1353 2483 plurimi
1373 2441 1577 2484 peccantes
1588 2430 1783 2494 {sstsffiffiffgjt
1796 2428 1829 2455 0f

248 2505 396 2542 adintra
425 2505 550 2543 forent
578 2505 683 2542 aliter
720 2516 838 2554 quam
871 2503 1010 2542 facesie
1049 2503 1123 2541 Dei
1161 2505 1342 2542 convenit
1381 2505 1577 2542 diffamati.

282 2592 305 2616 8.
326 2590 395 2616 deus
409 2591 431 2616 B
443 2591 481 2617 C:
502 2599 555 2616 om.
572 2590 606 2616 A.
725 2599 739 2615 2
743 2598 767 2621 5.
787 2591 796 2619 ΙΙ
808 2597 857 2615 nec
869 2590 932 2616 vz'rz'
944 2589 966 2615 B
980 2589 997 2615 f.
1013 2598 1044 2622 24
1048 2597 1061 2621 5
1075 2598 1098 2615 c.
1238 2600 1277 2622 30.
1294 2592 1523 2622 preservarez‘ur
1533 2590 1576 2616 A:

242 2626 431 2657 preservaret
445 2624 467 2649 B
480 2624 510 2650 C.

295 2694 324 2725 3.
349 2686 448 2716 Arist.
465 2685 562 2725 Phys.
580 2684 623 2715 iv.
642 2693 660 2724 3
677 2695 710 2726 p.
731 2693 804 2716 210.
1079 2693 1127 2716 11.
1154 2683 1205 2716 Cf.
1224 2694 1330 2725 supra,
1350 2695 1382 2726 p.
1400 2683 1438 2714 61
1456 2695 1487 2715 n.
1507 2693 1535 2724 5.

295 2745 344 2775 32.
368 2737 497 2767 Facesz'e
513 2737 589 2767 Dei.
625 2736 676 2767 Cf.
694 2736 734 2766 de
751 2736 810 2767 civ.
830 2737 929 2767 Dom.
949 2736 968 2767 i.
987 2735 1006 2766 6
1024 2746 1055 2777 p.
1069 2745 1108 2776 45
1131 2736 1178 2776 (in
1195 2736 1250 2768 the
1267 2747 1356 2767 same
1373 2736 1580 2777 argument):

253 2788 350 2828 Quod
367 2793 450 2819 esset
466 2787 605 2820 infaceta
622 2788 807 2820 crudelitas.
