2008 3305
128 234 212 272 124

117 779 149 812 j:
166 779 320 805 whatever

128 822 221 839 comes
233 812 304 838 from
318 811 383 838 God

129 846 153 872 is
165 855 182 872 a
194 845 248 878 gift
260 846 331 871 from

128 879 186 905 him
199 886 205 910 ;
225 880 276 905 but
289 879 324 904 he

130 918 234 939 cannot
246 912 310 945 give
323 911 375 943 sin,

129 946 205 972 since
219 952 248 972 to
260 946 297 972 do
310 954 341 971 so

129 980 223 1006 would
236 980 270 1005 be
283 988 348 1005 con-

129 1019 207 1046 trary
220 1018 249 1039 to
260 1013 305 1039 his

130 1052 238 1073 nature.

807 232 870 262 DE
903 230 1121 263 DOMINIO
1151 229 1326 262 DIVINO
1518 218 1625 277 [cAP.
1639 231 1730 261 ΧΠ.

405 347 452 384 vi.
471 349 530 393 18,
550 347 639 397 quia
660 347 781 386 Levit.
802 359 867 385 xx.
885 360 930 384 21
951 347 1128 385 scribitur
1152 345 1231 392 Qui
1247 346 1576 384 duxerz‘t‘uxorem
1580 346 1733 396 fratris
1745 350 1840 391 [41A

404 419 469 455 sus·
484 431 558 455 rem
579 419 687 469 facit
705 420 888 455 z'llz'cz'lam.
947 417 1047 455 Cum
1078 430 1171 466 ergo
1198 430 1247 454 ex
1272 417 1341 454 ista
1361 417 1546 466 opinione
1568 416 1736 466 sequitur

405 489 510 538 quod
530 489 615 526 licet
631 489 786 526 cuilibet
810 489 1003 538 peccatori
1031 488 1306 537 quodcumque
1336 487 1484 525 facinus
1504 494 1734 537 perpetrare,

406 572 495 597 cum
515 559 641 609 placet
660 560 746 597 Deo
768 560 874 610 quod
894 560 947 597 ita
965 559 1102 597 faciat:
1127 557 1146 578 '¹‘
1165 570 1409 608 consequens
1426 565 1559 596 contra
1580 569 1736 596 omnem
1751 564 1782 593 B

406 630 633 679 religionem
663 637 699 668 et
728 630 929 667 horrorem
956 630 1028 679 piis
1057 630 1214 667 auribus
1244 629 1499 675 incussurum,
1528 640 1617 665 cum
1647 634 1739 665 tunc
1754 641 1771 673 5

406 709 506 738 esset
540 701 721 750 iniquitas
753 701 1070 750 principalissime
1103 707 1195 749 aput
1226 699 1379 737 Deum:
1426 699 1494 736 sed
1527 699 1737 748 apostolus,

412 771 526 809 Rom.
548 772 596 809 iii.
620 774 654 818 6,
679 772 780 817 dicit,
802 771 924 808 Absit.
982 771 1093 817 Item,
1119 783 1234 808 omne
1270 770 1376 820 quod
1399 769 1505 807 Deus
1533 770 1597 806 dat
1621 769 1738 815 alteri,

411 843 487 880 sive
523 843 569 880 sit
600 843 821 880 substancia
852 843 928 880 sive
959 842 1150 889 accidens,
1180 853 1267 879 vere
1299 841 1438 887 donat3
1478 840 1547 878 sed
1575 852 1655 878 non
1685 846 1742 877 est

409 913 589 963 possibile
610 912 739 950 Deum
759 912 903 950 donare
923 919 1128 962 peccatum
1149 911 1305 961 aliquod
1334 918 1503 949 creature
1514 923 1523 957 ς
1554 922 1647 959 ergo
1667 921 1740 947 nec

410 985 525 1022 dare:
569 985 636 1022 sed
669 996 758 1022 cum
790 996 908 1021 omne
944 983 1050 1033 quod
1085 982 1194 1020 Deus
1230 981 1320 1019 facit
1354 988 1567 1019 creaturam
1597 980 1794 1017 haberem

409 1055 546 1104 ipsum,
580 1061 622 1092 ut
655 1055 720 1100 sic,
750 1054 815 1092 dat
844 1055 980 1100 eidem,
1012 1054 1181 1103 sequitur
1210 1052 1317 1102 quod
1347 1063 1429 1089 non
1458 1056 1587 1100 potest
1615 1050 1740 1088 facere

409 1132 623 1162 creaturam
652 1137 761 1163 suam
792 1138 964 1175 peccare,
998 1125 1140 1162 habere
1173 1130 1388 1173 peccatum,
1420 1122 1478 1159 vel
1511 1122 1675 1160 deficere
1702 1122 1741 1159 in

409 1196 592 1241 moribus,
614 1195 720 1245 quod
740 1203 797 1233 est
817 1195 932 1233 idern.
980 1195 1235 1244 Assumpturn
1256 1200 1360 1244 patet
1380 1193 1579 1243 posterius.
1638 1192 1741 1229 Nam

408 1266 549 1315 gracia,
570 1266 838 1316 fides‚—ym0‚
864 1266 1016 1312 cecitas,
1038 1277 1150 1315 pena,
1173 1271 1209 1302 et
1238 1264 1370 1303 omnia
1395 1263 1647 1301 accidentalia
1667 1275 1742 1312 que

409 1337 517 1374 Deus
536 1337 691 1374 inmittit
708 1336 1014 1380 homini,—sunt
1035 1336 1211 1385 graciosa
1225 1335 1328 1373 dona
1342 1335 1426 1381 Dei,
1441 1347 1529 1372 cum
1546 1334 1742 1372 neminem
1759 1343 1795 1375 15

410 1408 545 1456 punire
565 1408 703 1457 poterit
730 1407 802 1445 nisi
831 1407 1126 1444 misericorditer
1149 1413 1186 1444 et
1212 1406 1385 1455 graciose
1413 1405 1557 1455 puniat,
1578 1411 1619 1441 ut
1638 1410 1743 1453 patet

411 1478 511 1516 alibi.
568 1477 771 1528 Numquid
790 1490 883 1527 ergo
908 1478 1070 1516 concedi
1095 1477 1232 1527 poterit
1258 1476 1364 1526 quod
1388 1483 1591 1526 peccatum
1611 1476 1742 1512 huius-

412 1549 518 1586 modi
548 1549 594 1586 sit
623 1549 772 1587 donum
804 1548 966 1598 Spiritus
996 1549 1146 1586 sancti?
1204 1548 1366 1585 Constat
1396 1547 1503 1596 quod
1532 1558 1624 1591 non,
1654 1557 1743 1583 cum

412 1614 521 1658 Deus
538 1620 629 1657 nulli
651 1620 764 1658 faciat
780 1620 963 1669 graciam,
980 1619 1051 1656 nisi
1072 1619 1119 1656 de
1136 1626 1281 1669 quanto
1301 1618 1487 1667 gratificat
1500 1631 1509 1664 ;
1532 1616 1598 1654 sed
1613 1616 1743 1654 dando

412 1698 617 1741 peccatum
646 1691 806 1737 homini,
833 1697 874 1727 ut
898 1691 964 1735 sic,
990 1690 1118 1739 ipsum
1141 1690 1268 1735 abicit,
1297 1702 1377 1727 non
1407 1694 1608 1737 acceptat:
1638 1693 1743 1737 patet
1759 1699 1799 1721 20

412 1774 505 1812 ergo
527 1762 633 1812 quod
655 1774 743 1799 cum
765 1762 868 1799 omni
878 1762 960 1798 dato
973 1761 1033 1798 vel
1043 1761 1133 1797 dono
1153 1774 1176 1797 a
1192 1761 1311 1798 Patre
1326 1761 1507 1797 luminum
1522 1759 1746 1795 descendente

414 1840 489 1871 stat
526 1834 656 1883 gracia
693 1832 926 1882 gratificanS,
960 1844 1036 1881 que
1077 1838 1206 1869 tamen
1245 1843 1325 1868 non
1364 1836 1553 1879 repugnat
1586 1834 1747 1878 peccato

413 1904 631 1950 formaliter,
652 1910 757 1954 patet
783 1903 891 1953 quod
919 1903 1049 1951 ipsum
1078 1915 1159 1940 non
1189 1907 1316 1952 potest
1343 1901 1436 1950 fingi
1465 1899 1747 1938 racionabiliter

412 1976 547 2013 datum
570 1975 656 2012 Dei.
715 1975 799 2013 Nec
820 1974 933 2011 video
954 1973 1154 2023 quomodo
1175 1985 1342 2023 peccans
1362 1972 1499 2021 primo,
1520 1977 1561 2008 ut
1580 1969 1745 2015 Lucifer,

414 2046 554 2093 Adam,
589 2046 647 2083 vel
686 2046 793 2092 alius,
826 2046 874 2084 sit
911 2046 1191 2084 racionabiliter
1229 2043 1499 2093 increpandus,
1532 2042 1561 2079 si
1600 2054 1622 2078 a
1660 2041 1746 2079 Deo
1761 2052 1799 2085 25

415 2117 668 2154 necessitatur
687 2123 752 2153 aut
772 2117 922 2165 cogitur
943 2117 1023 2155 sine
1044 2129 1115 2154 suo
1135 2114 1364 2166 precedente
1382 2113 1566 2151 demerito
1588 2112 1635 2149 ad
1655 2124 1747 2161 pec·

415 2188 596 2233 candum,
619 2189 671 2224 sic
699 2187 806 2236 quod
835 2187 1066 2225 inclinancia
1088 2185 1106 2206 ’⁸‘
1129 2186 1203 2223 Dei
1230 2185 1491 2236 preveniendo
1521 2182 1744 2221 inevitabili·
1760 2183 1787 2213 0

415 2264 501 2295 tans
531 2257 579 2295 ad
609 2257 814 2303 defectum,
845 2258 891 2295 sit
923 2257 1064 2295 forcior
1091 2258 1198 2295 omni
1230 2256 1320 2294 data
1349 2255 1532 2305 potencia
1564 2253 1745 2292 resistiva.

416 2328 535 2365 Istam
551 2328 851 2377 prevencionem
871 2341 951 2366 non
971 2328 1087 2366 credo
1105 2340 1188 2366 esse
1206 2326 1450 2371 catholicam,
1467 2324 1747 2374 impossibilem

417 2399 503 2436 Deo
535 2400 654 2444 bono,
685 2411 775 2436 cum
805 2399 1020 2437 secundum
1049 2399 1279 2448 apostolum,
1320 2410 1334 2434 1
1370 2396 1460 2434 Cor.
1491 2409 1526 2433 x.
1562 2409 1621 2444 13,
1642 2394 1747 2431 Deus
1761 2405 1803 2436 30

406 2470 536 2519 fidelis
565 2470 697 2519 faciel
731 2483 813 2506 cum
856 2471 1090 2519 temptacz'one
1123 2473 1352 2518 provenlum.
1409 2467 1557 2504 Revera
1597 2465 1748 2502 infidele

417 2540 562 2577 factum
582 2547 682 2578 esset
702 2547 739 2577 et
765 2540 971 2578 subdolum
999 2540 1242 2578 introducere
1274 2545 1467 2576 creaturas
1498 2537 1536 2573 in
1557 2538 1691 2574 orbern
1713 2541 1750 2573 et

418 2617 506 2660 post
526 2611 708 2649 inducere
736 2623 850 2660 super
874 2623 939 2648 eas
960 2611 1240 2660 temptaciones
1260 2610 1309 2647 ad
1336 2609 1493 2655 malum,
1512 2615 1553 2645 ut
1579 2613 1746 2657 pereant,

453 2712 476 2734 3.
496 2703 561 2728 licet
575 2702 612 2727 B:
634 2703 659 2728 li
713 2702 781 2728 AC.
913 2710 935 2734 5.
959 2702 1144 2728 incus-surum
1156 2701 1182 2727 A
1192 2701 1231 2728 C:
1253 2701 1431 2727 incussivmn
1445 2700 1478 2725 B.
1598 2700 1623 2725 6.
1643 2698 1694 2724 sed
1706 2698 1727 2723 B
1740 2704 1746 2723 :

417 2736 574 2761 secundum
583 2736 608 2760 A
619 2736 651 2762 C.
727 2745 749 2768 9.
771 2736 857 2761 deum
869 2736 891 2761 B
902 2743 907 2760 1
922 2735 973 2761 deo
981 2736 1006 2761 A
1015 2736 1048 2761 C.
1132 2744 1172 2766 15.
1193 2737 1202 2764 ΙΙ
1211 2735 1352 2760 neminem
1363 2734 1384 2759 B
1396 2734 1414 2759 f.
1425 2743 1474 2766 ²30
1484 2742 1509 2760 D.
1588 2742 1627 2757 22.
1650 2734 1749 2757 tamen

418 2769 444 2795 A
454 2770 476 2795 C
487 2776 492 2794 :
507 2778 572 2795 cum
585 2770 615 2795 Β.
720 2778 761 2801 25.
776 2770 969 2802 increpandus
977 2770 1003 2795 A
1011 2769 1034 2796 C
1046 2776 1051 2795 :
1067 2768 1277 2800 increpandum
1289 2767 1321 2794 B.
1425 2768 1468 2793 26.
1480 2776 1530 2793 suo
1540 2766 1562 2791 B
1574 2772 1580 2792 ἰ
1600 2774 1655 2791 om.
1665 2765 1690 2790 A
1699 2764 1732 2791 C.

957 2845 1005 2868 21.
1032 2836 1102 2877 Jac.
1120 2835 1140 2866 i.
1157 2841 1205 2876 17.
