2008 3305
164 177 243 218 166

167 868 218 893 but
231 873 279 894 not
292 867 330 893 all
343 867 425 893 effect

167 902 223 927 will
237 901 397 934 absolutely

167 935 336 967 necessarily

168 968 279 1001 happen
290 975 297 999 3

169 1012 191 1038 it
205 1013 228 1039 is
242 1012 417 1045 contingent.

187 2492 273 2519 God's
289 2490 421 2525 practical

187 2527 354 2558 knowledge

188 2560 210 2585 is
224 2565 271 2585 not
285 2558 422 2591 posterior

187 2600 216 2619 to
230 2593 272 2619 his
287 2593 353 2624 will,

842 180 908 215 DE
941 181 1162 214 DoMrNro
1195 180 1369 212 Drero
1517 168 1622 227 [CAP.
1645 181 1768 210 xvm.

440 300 504 337 illo
535 299 687 336 instanti
709 305 764 335 est
786 298 848 335 illa
867 298 1042 336 volencia
1067 309 1141 347 que
1171 304 1343 346 tempore
1375 308 1445 333 suo
1475 301 1653 333 causatur
1677 302 1772 332 tem·
1784 298 1882 340 [5613

440 370 620 421 poraliter
641 371 690 407 ab
710 370 872 415 effeetu;
900 369 968 406 sed
988 381 1069 406 non
1089 380 1161 418 pro
1182 367 1337 405 instanti
1352 367 1561 404 eternitatis
1581 365 1772 415 complete

443 451 631 488 causatur,
648 453 736 479 cum
753 440 880 477 deficit
899 451 969 489 pro
989 440 1051 476 illa
1070 450 1253 476 mensura
1268 438 1474 476 causancia
1491 444 1674 474 creature.
1723 435 1774 473 Et

444 513 518 550 hoc
536 517 725 550 consonat
740 510 930 549 locucioni
947 510 1093 559 vulgari
1108 516 1145 547 et
1161 508 1427 559 philosophice
1448 520 1523 557 qua
1538 519 1623 545 vere
1639 506 1775 544 dicitur

443 583 673 621 volicionem
699 579 773 618 Dei
792 593 873 619 non
901 592 985 618 esse
1005 580 1204 629 impletam
1232 585 1442 628 antequam
1471 577 1638 615 evenerit
1667 576 1807 626 quod5

444 653 617 691 intendit.
686 652 736 690 Et
771 651 818 689 de
854 651 1121 700 complecione
1159 650 1358 687 volicionis
1391 648 1612 686 huiusmodi
1650 653 1776 697 potest

444 723 601 772 intelligi
640 722 734 759 illud
773 720 869 758 Mat.
898 722 944 758 vi.
983 734 1042 767 10,
1076 720 1173 758 Fial
1209 721 1378 757 voluntas
1411 724 1487 765 lua,
1523 725 1559 756 et
1598 719 1777 756 crebrum

445 795 604 832 verbum
630 793 836 832 Salvatoris
857 805 935 842 quo
955 792 1046 830 dicit
1066 804 1105 830 se
1126 792 1248 829 Patris
1277 791 1401 828 facere
1422 790 1669 828 voluntatem.

499 863 672 903 Ulterius
700 870 863 913 negatur
882 863 988 912 quod
1008 863 1134 900 omnis
1163 862 1325 901 effectus
1353 862 1529 899 absolute
1559 860 1779 899 necessario

445 936 606 982 eveniet,
632 946 724 984 ymo
754 934 977 971 conceditur
1006 933 1113 983 quod
1141 932 1318 970 absolute
1347 932 1568 969 necessario
1598 937 1655 968 est
1685 942 1777 967 con·
1794 939 1834 961 10

447 1007 612 1056 tingens.
671 1004 775 1042 Nam
796 1005 826 1042 si
847 1003 954 1042 Deus
979 1011 1035 1041 est
1061 1004 1239 1053 potencie
1259 1002 1552 1041 contradictorie
1573 1001 1703 1046 libere,
1724 1007 1781 1038 est

447 1076 702 1125 contingens;
732 1074 799 1111 sed
828 1074 1004 1112 absolute
1034 1074 1255 1111 necessario
1274 1072 1382 1110 Deus
1403 1079 1460 1110 est
1486 1072 1666 1121 potencie
1687 1083 1780 1108 con-

448 1146 665 1185 tradictorie
694 1145 822 1191 libere;
875 1157 968 1194 ergo
998 1145 1172 1182 absolute
1202 1143 1421 1182 necessario
1451 1149 1508 1180 est
1537 1142 1779 1190 contingens.

452 1217 581 1255 Maior
600 1222 704 1265 patet
722 1229 769 1253 ex
790 1216 863 1253 hoc
884 1216 989 1265 quod
1019 1228 1099 1252 non
1126 1222 1199 1252 stat
1218 1215 1372 1252 libertas
1393 1212 1716 1252 contradiccionis
1744 1213 1784 1249 in

450 1288 551 1334 Deo,
573 1288 645 1324 nisi
674 1293 711 1325 et
739 1287 860 1324 multa
889 1293 1050 1336 possunt
1079 1298 1163 1323 esse
1193 1298 1269 1335 que
1298 1297 1379 1322 non
1408 1285 1586 1330 existunt,
1608 1290 1645 1320 et
1665 1283 1785 1321 multa
1799 1298 1838 1329 15

452 1365 615 1408 possunt
631 1358 793 1395 existere
814 1369 890 1407 que
911 1356 1128 1394 nullatenus
1148 1363 1236 1393 sunt
1258 1356 1304 1393 de
1324 1355 1450 1393 facto:
1482 1355 1572 1404 quia
1592 1355 1641 1391 da
1656 1353 1785 1392 Deum

454 1441 537 1467 esse
557 1428 735 1478 potencie
756 1428 810 1465 sic
832 1428 960 1474 libere,
983 1438 1072 1465 cum
1093 1427 1275 1477 opposito
1302 1427 1413 1463 huius
1434 1426 1536 1472 dieti,
1558 1432 1596 1463 et
1616 1425 1791 1474 queritur<

453 1506 583 1537 utrum
613 1504 786 1536 creatura
815 1498 943 1547 aliqua
969 1498 1015 1534 sit
1035 1498 1285 1546 contingens:
1318 1497 1348 1533 si
1378 1508 1471 1543 non,
1494 1507 1583 1533 cum
1604 1495 1711 1533 Deus
1741 1496 1788 1533 sit

454 1569 634 1619 potencie
667 1551 959 1605 contradictorie
994 1567 1109 1605 libere
1142 1567 1192 1604 ad
1225 1567 1475 1611 causandum,
1506 1566 1652 1603 nullam
1681 1577 1788 1603 crea-

456 1647 581 1677 turam
602 1638 763 1676 existere
784 1645 842 1676 est
862 1639 1104 1688 contingens,
1127 1639 1217 1688 quia
1239 1637 1257 1657 ²¹<
1280 1645 1337 1675 est
1356 1645 1392 1674 et
1419 1643 1544 1686 potest
1573 1649 1652 1674 non
1681 1648 1763 1674 esse
1777 1649 1786 1683 3
1800 1647 1829 1677 ο

458 1710 549 1760 quia
579 1710 609 1747 si
630 1709 737 1747 Deus
757 1716 974 1747 creaturam
1003 1709 1237 1758 produxerit,
1258 1714 1349 1746 tunc
1378 1720 1458 1745 non
1487 1713 1599 1752 esset,
1620 1707 1727 1756 quod
1757 1708 1788 1744 si

458 1781 563 1818 nulla
583 1787 755 1818 creatura
784 1787 910 1829 potest
938 1792 1017 1817 non
1048 1792 1142 1826 esse,
1163 1785 1255 1816 tunc
1285 1778 1389 1815 nulla
1418 1778 1572 1815 libertas
1602 1778 1711 1814 huius
1731 1784 1790 1815 est

458 1852 497 1888 in
518 1852 615 1889 Deo.
671 1852 722 1888 Et
742 1852 868 1888 minor
887 1851 1103 1900 argumenti
1124 1863 1171 1887 ex
1198 1850 1273 1887 isto
1292 1856 1348 1887 est
1368 1849 1536 1893 evidens,
1557 1848 1664 1897 quod
1683 1847 1791 1885 Deus

459 1929 586 1972 potest
605 1923 747 1959 habere
767 1921 986 1960 huiusmodi
1007 1921 1231 1966 libertatem,
1252 1931 1341 1957 cum
1361 1919 1455 1956 nulli
1477 1925 1667 1967 repugnat
1687 1919 1793 1967 quod

460 1993 622 2039 habeat;
662 2005 764 2043 ymo,
796 1993 885 2030 dato
915 1992 1020 2041 quod
1050 2003 1131 2029 non
1161 1991 1309 2037 habeat,
1340 1996 1564 2040 sequeretur
1592 1988 1791 2038 multiplex
1808 2005 1852 2036 25

461 2065 751 2110 inconveniens,
769 2064 864 2101 sicut
884 2075 999 2112 supra
1014 2062 1183 2111 tangitur
1199 2062 1246 2100 de
1265 2067 1427 2111 peccato
1444 2073 1451 2098 :
1482 2060 1550 2098 sed
1570 2072 1649 2098 non
1668 2066 1795 2109 potest

462 2136 731 2184 contingenter
768 2135 911 2172 habere
946 2140 1175 2184 potestatem
1213 2131 1447 2178 huiusmodi,
1484 2143 1531 2168 eo
1570 2131 1677 2180 quod
1715 2143 1795 2168 non

463 2212 592 2256 potest
629 2218 766 2255 capere
800 2206 926 2254 ipsam
956 2206 1005 2242 ab
1039 2205 1138 2251 alio;
1178 2216 1284 2253 ergo,
1321 2203 1352 2240 si
1385 2209 1512 2252 potest
1546 2202 1688 2239 habere
1722 2214 1794 2250 po-

464 2284 639 2314 testatem
662 2276 894 2321 huiusmodi,
917 2275 1092 2313 absolute
1122 2274 1340 2312 necessario
1370 2273 1485 2310 habet
1509 2273 1643 2322 ipsam.
1701 2272 1796 2310 Ideo

464 2359 602 2385 omnes
631 2348 833 2397 loquentes
854 2353 982 2384 nostre
1004 2347 1099 2395 legis
1120 2352 1270 2396 ponunt
1291 2345 1397 2395 quod
1426 2344 1550 2393 prima
1577 2345 1681 2382 racio
1702 2356 1796 2381 eon·
1810 2360 1857 2391 30*

463 2419 655 2467 tingencie
675 2424 732 2456 est
752 2418 791 2454 in
812 2417 910 2455 Deo.

519 2489 570 2525 Et
590 2501 638 2526 ex
660 2488 769 2526 dictis
795 2495 899 2537 patet
927 2488 1075 2525 solucio
1096 2487 1145 2524 ad
1166 2487 1362 2525 racionem
1383 2498 1459 2535 qua
1479 2485 1648 2534 queritur
1669 2491 1798 2521 utrum

468 2559 633 2597 sciencia
654 2558 728 2596 Dei
755 2559 924 2607 practica
944 2558 990 2595 sit
1011 2570 1079 2595 sua
1099 2558 1301 2595 volucione
1322 2555 1521 2605 posterior,
1544 2555 1602 2592 vel
1630 2562 1797 2593 econtra.

504 2672 524 2686 τ.
546 2663 555 2690 ll
568 2662 695 2687 valencia
710 2662 739 2686 B.
757 2661 775 2686 f.
790 2670 836 2693 237
849 2669 876 2686 D.
988 2670 1009 2692 3.
1031 2665 1097 2685 ante
1110 2660 1267 2685 musantia
1283 2659 1305 2684 B
1316 2668 1334 2683 a
1348 2657 1452 2683 inserit.
1570 2666 1592 2689 4.
1608 2657 1801 2690 philosophice

469 2695 493 2721 A
506 2696 544 2721 C:
559 2695 758 2727 philosophica
772 2695 802 2720 B.
945 2696 984 2719 16.
999 2696 1134 2726 possunt:
1157 2693 1237 2718 codd.
1245 2695 1369 2724 possent.

938 2769 984 2800 26.
1013 2771 1051 2800 V.
1070 2780 1177 2810 supra,
1195 2769 1244 2800 ch.
1264 2769 1326 2799 xiv.
