2008 3305
173 226 253 266 190

176 2263 200 2279 2.
219 2262 245 2279 a.
267 2251 284 2278 i.
305 2251 368 2277 The

176 2287 319 2313 existence
332 2285 390 2311 osa

176 2329 270 2353 power
283 2318 391 2351 implies

176 2363 213 2379 an
226 2353 319 2384 object
333 2353 375 2377 for

176 2386 212 2414 its
225 2385 348 2413 exercise
356 2392 364 2417 ;

835 224 901 255 DE
934 223 1154 255 DOMINIO
1188 223 1365 255 DIV1No
1593 212 1698 271 [eff.
1721 227 1777 255 1v.

448 339 546 377 foret
565 339 794 377 contractius
814 350 1050 388 componere
1071 339 1175 388 quod
1201 337 1308 376 Deus
1328 344 1385 376 est
1405 351 1521 388 quam
1541 351 1780 388 componere
1794 339 1895 382 [64D

448 410 554 460 quod
579 409 686 447 Deus
712 409 899 458 intelligit,
922 409 1046 458 gignit
1074 408 1216 456 Deum,
1237 409 1295 446 vel
1315 409 1467 447 ordinat
1494 410 1780 447 universitatem

448 486 643 517 creatam:
675 480 705 517 si
734 492 828 528 ergo
857 479 1097 528 predicatum
1120 477 1138 498 ‘¹‘
1162 479 1209 516 sit
1238 479 1457 529 analogum,
1484 491 1564 517 non
1593 480 1664 517 soli
1692 479 1779 517 Deo
1792 488 1877 518 65A

450 550 632 599 conpetit.
691 550 884 595 Similiter,
919 549 1106 597 contingit
1135 549 1304 587 intellect
1332 562 1372 586 m
1402 549 1670 587 demonstrare
1701 550 1780 587 dei-

448 628 567 659 tatem
598 620 767 670 quadam
798 620 1132 657 demonstraeione
1162 619 1397 668 imperfecta,
1414 619 1628 658 dubitando
1650 626 1780 657 utrum
1794 630 1812 663 5

450 692 496 728 sit
516 690 625 727 Deus
645 696 683 727 et
703 690 862 728 sciendo
880 690 985 739 quod
1007 696 1085 736 est3
1113 690 1218 739 quod
1232 702 1312 727 non
1330 696 1443 727 staret
1456 690 1529 727 nisi
1542 690 1782 739 predicatum

450 766 551 798 esset
581 760 815 809 analogum:
863 772 957 809 ergo
987 766 1058 797 etc.
1117 760 1372 809 Assumptum
1401 767 1506 809 patet
1540 760 1587 797 de
1616 771 1783 808 persona

450 830 582 876 Verbi,
604 842 721 879 quam
742 830 862 867 fidelis
892 830 1010 867 credit
1029 842 1113 867 esse
1135 830 1317 867 deitatem
1332 842 1342 876 ,·
1373 836 1410 867 et
1439 830 1487 867 de
1516 830 1689 879 possibili
1709 836 1783 867 stat

450 901 650 939 hominem
680 900 809 938 Iesum
837 900 1063 937 existentem
1093 900 1196 937 illam
1226 912 1433 949 personam
1462 900 1625 938 dubitari
1654 907 1782 938 utrum

451 972 501 1009 sit
529 971 647 1016 Iesus,
678 971 742 1008 ubi
772 971 894 1007 fidelis
925 971 1113 1008 dubitaret
1141 976 1270 1008 utrum
1299 970 1373 1008 hoc
1404 971 1450 1007 sit
1479 970 1598 1008 deitas
1622 970 1781 1008 demon·
1798 978 1838 1000 10

453 1041 612 1079 strando
641 1041 745 1078 illam
775 1053 1003 1090 personam;
1039 1047 1076 1077 et
1103 1053 1193 1078 curn
1218 1041 1330 1078 sciret
1351 1041 1456 1090 quod
1476 1040 1550 1078 hoc
1579 1046 1648 1088 est,
1680 1045 1785 1089 patet

453 1111 559 1161 quod
575 1111 815 1161 predicatum
836 1111 884 1148 sit
903 1112 1149 1148 communius
1169 1123 1288 1160 quam
1309 1111 1535 1149 subiectum.
1594 1103 1783 1156 Similiter,

453 1183 718 1220 demonstrata
733 1182 872 1219 deitate
888 1182 927 1218 in
947 1182 1140 1219 abstracto
1157 1182 1225 1219 fuit
1244 1182 1330 1219 talis
1345 1182 1594 1231 composicio,
1610 1182 1701 1219 Hoc
1717 1187 1785 1223 est,

452 1260 490 1291 et
509 1265 630 1302 quero
650 1258 780 1290 utrum
809 1252 979 1290 intencio
999 1252 1184 1300 predicati
1204 1252 1261 1290 vel
1292 1253 1445 1301 signum
1467 1253 1538 1289 sibi
1558 1263 1784 1301 correspon—

453 1323 564 1369 dens,
584 1323 691 1373 quod
721 1324 768 1361 sit
788 1337 822 1370 A,
845 1324 891 1361 sit
920 1337 1015 1374 pure
1044 1324 1241 1370 terminus,
1264 1335 1359 1372 pure
1390 1323 1602 1372 singularis,
1623 1322 1785 1360 demon·
1802 1333 1838 1365 15

453 1400 577 1432 Strans
597 1395 823 1440 essenciam,
838 1401 879 1432 ut
898 1407 1127 1443 pronomen,
1144 1394 1201 1431 vel
1222 1395 1477 1432 communiter
1489 1394 1609 1431 multa
1629 1394 1786 1442 signans

453 1464 511 1501 vel
531 1472 748 1502 connotans
768 1471 919 1514 tempus
935 1471 971 1502 et
993 1472 1122 1502 actum
1143 1465 1270 1502 anime
1291 1477 1380 1502 cum
1397 1465 1500 1502 nuda
1514 1465 1697 1502 essencia.
1747 1463 1787 1501 Si

454 1535 628 1573 secundo
643 1535 774 1580 modo,
789 1541 879 1573 tunc
894 1549 919 1574 A
933 1542 989 1573 est
1004 1548 1090 1573 vere
1105 1535 1339 1584 predicabile
1356 1535 1402 1572 de
1418 1535 1505 1573 Deo
1517 1540 1554 1573 et
1567 1535 1653 1581 alio,
1667 1540 1704 1572 et
1719 1545 1788 1583 per

453 1617 695 1654 consequens
724 1605 762 1642 in
792 1605 921 1655 aliquo
950 1606 1149 1643 communi
1178 1606 1421 1652 conveniunt,
1453 1605 1559 1655 quod
1588 1605 1787 1654 potissime

453 1675 553 1713 foret
573 1688 670 1713 esse.
729 1675 768 1713 Si
789 1676 916 1725 primo
931 1676 1060 1721 modo,
1075 1682 1178 1725 patet
1199 1676 1307 1724 quod
1323 1689 1347 1713 A
1363 1688 1442 1713 non
1462 1682 1519 1713 est
1533 1677 1693 1713 verbum
1714 1687 1785 1713 nec
1801 1687 1842 1710 20

455 1747 667 1784 secundum
687 1746 815 1796 ipsum
844 1747 1065 1795 appositum
1090 1746 1440 1795 proporcionabilis
1460 1746 1696 1795 conposicio,
1718 1745 1787 1783 sed

456 1817 659 1866 nugatoria
687 1817 906 1865 geminacio
936 1816 1110 1854 eiusdem
1137 1817 1333 1854 essencie:
1376 1817 1477 1862 ideo,
1506 1822 1548 1853 ut
1578 1816 1669 1853 alias
1698 1816 1787 1860 dixi,

456 1900 573 1925 omne
587 1887 746 1924 verbum
768 1887 955 1936 significat
970 1886 1133 1924 formam
1150 1899 1410 1924 communem.
1470 1886 1507 1923 Si
1522 1886 1640 1924 tercio
1655 1886 1787 1931 modo,

453 1964 545 1995 tunc
567 1969 646 1995 non
676 1963 776 1994 esset
797 1957 969 1995 absolute
999 1957 1257 1995 necessarium
1277 1956 1406 1994 Deum
1435 1969 1529 2002 esse,
1551 1969 1639 1994 cum
1662 1956 1787 2006 ipsum

455 2041 539 2066 esse
555 2028 766 2077 implicaret
781 2034 932 2077 tempus
944 2035 981 2065 et
999 2034 1129 2065 actum
1149 2027 1286 2073 anime,
1302 2034 1338 2064 et
1359 2033 1570 2064 remaneret
1586 2026 1787 2064 difficultas
1802 2036 1841 2068 25

456 2099 503 2136 de
524 2099 705 2147 primario
727 2098 878 2147 signato
908 2098 1092 2147 predicati
1113 2104 1239 2135 utrum
1259 2098 1387 2147 ipsum
1416 2098 1542 2147 signat
1571 2109 1688 2135 omne
1718 2109 1788 2135 ens

455 2169 513 2206 vel
535 2168 775 2217 singulariter
795 2168 960 2217 primam
981 2180 1148 2205 causam.

512 2239 693 2277 Secundo
710 2238 970 2287 principaliter
984 2238 1154 2288 arguitur
1170 2237 1370 2275 conclusio
1387 2250 1434 2275 ex
1446 2237 1463 2257 '¹‘
1474 2243 1579 2287 parte
1595 2238 1784 2287 potencie,
1798 2243 1830 2273 B

456 2316 574 2356 actus,
597 2316 635 2347 et
654 2309 807 2346 habitus
828 2309 954 2354 creati,
976 2309 1041 2358 qui
1062 2308 1225 2345 habetur
1245 2308 1293 2346 de
1322 2308 1626 2346 transcendente.
1683 2308 1788 2345 Nam

456 2380 563 2418 omni
582 2379 756 2429 potencie
778 2385 901 2416 create
923 2384 980 2416 est
1009 2379 1101 2416 dare
1131 2390 1251 2415 unum
1272 2379 1466 2416 obiectum
1494 2378 1729 2427 adequatum
1749 2378 1787 2415 in
1802 2389 1843 2420 30

457 2451 563 2500 quod
576 2455 712 2499 potest,
730 2456 769 2486 ut
782 2449 884 2485 visus
903 2449 942 2485 in
957 2449 1113 2494 visibile,
1127 2454 1164 2486 et
1181 2448 1342 2498 quilibet
1358 2449 1454 2485 alius
1471 2460 1605 2486 sensus
1621 2448 1660 2484 in
1676 2460 1789 2486 suum

458 2520 649 2565 sensibile,
683 2526 720 2556 et
748 2519 1093 2567 correspondenter
1124 2519 1170 2556 de
1202 2519 1283 2556 aliis
1322 2518 1521 2567 potenciis,
1554 2524 1596 2555 ut
1624 2530 1789 2567 exsupe-

458 2597 544 2628 rant
563 2591 603 2627 in
623 2589 965 2639 apprehendendo,
983 2595 1215 2638 exsuperant
1235 2590 1273 2625 in
1295 2589 1449 2626 obiecto
1464 2601 1473 2635 ;
1495 2588 1563 2626 sed
1583 2600 1699 2625 omne
1720 2600 1789 2626 ens

458 2667 584 2711 potest
603 2659 814 2697 intellectus
827 2665 976 2696 creatus
997 2659 1204 2708 intelligere
1221 2672 1230 2705 ;
1262 2671 1354 2708 ergo
1376 2659 1457 2696 eius
1477 2659 1672 2696 obiectum
1692 2659 1782 2696 ade—

494 2791 517 2813 9.
536 2782 709 2807 existentem
729 2780 768 2806 B:
794 2781 936 2806 existente
955 2781 1022 2807 AC.
1197 2788 1235 2811 15.
1252 2780 1415 2811 singularis
1438 2779 1514 2805 AC:
1540 2780 1738 2813 singulariter
1755 2780 1786 2806 Β.

460 2825 499 2848 ²3·
521 2815 674 2847 signeficat
687 2814 711 2839 A
722 2814 762 2840 C:
782 2815 881 2846 signat
896 2815 927 2840 B.
1032 2815 1071 2839 26.
1091 2814 1243 2845 primario
1255 2813 1327 2839 AC:
1342 2813 1491 2846 primarie
1506 2813 1538 2839 B.
