2008 3305
665 225 1008 259 PRELIMINARY
1041 224 1237 257 NOTICE.

154 337 247 379 71D]
268 338 304 367 et
322 332 494 379 dominus
515 332 702 367 Iohannes
721 331 882 367 ostendit
906 331 1005 376 quod
1024 330 1107 366 talis
1135 327 1342 364 reservacio
1364 337 1438 361 non
1458 325 1593 370 profuit

37 398 170 440 proficit
185 406 217 430 Β,
266 391 439 425 fratribus
473 391 596 436 quoad
626 396 762 425 statum
796 389 1038 435 perfeccionis
1073 389 1141 423 sed
1170 387 1307 430 obfuit3
1334 391 1370 420 et
1405 384 1517 419 obicit
1546 384 1593 418 de

266 449 410 493 legibus
428 448 644 493 repressivis
662 448 808 482 malicie
826 459 869 482 ac
889 446 1068 482 dissolvit.

316 507 468 541 Sextum
503 505 706 551 capitulum
739 505 936 540 occasione
970 505 1153 539 dictorum
1194 503 1232 537 in
1271 501 1400 547 quinto
1434 499 1592 545 capitulo
1612 498 1640 531 6.

269 564 418 609 inquirit
436 564 482 599 de
507 563 710 609 privilegiis
738 564 923 608 sepulture
949 569 985 597 et
1011 560 1255 597 confessionis
1282 558 1467 594 audiende
1494 569 1592 592 com-

268 622 438 665 muniter,
465 628 501 657 et
528 622 581 656 eis
607 621 800 664 similibus,
820 620 1000 665 numquid
1027 619 1105 654 sine
1133 618 1335 653 infeccione
1353 615 1593 661 perfeccionis

269 686 389 714 status
406 680 559 714 fratrum
578 685 748 724 poterant
766 678 964 724 procurari,
980 676 1176 722 acceptari,
1195 682 1257 710 aut
1276 675 1395 710 eciam
1413 673 1594 716 tollerari;

168 740 250 772 72A
269 737 480 781 negativam
507 738 669 771 suadens
690 737 707 756 ’¹‘
727 744 763 772 et
789 738 882 772 duos
911 748 1076 772 summos
1102 735 1297 780 pontifices
1328 732 1461 768 eadem
1484 731 1594 776 privi-

268 795 367 839 legia
385 795 633 829 concedentes
651 806 841 829 excusans.

316 853 525 897 Septimum
553 852 756 896 capitulum
786 852 990 886 secundam
1020 850 1332 893 contrarietatem,
1359 849 1406 883 de
1431 858 1593 882 reserva·
1615 846 1643 880 7·

270 911 376 945 cione
393 912 575 945 bonorum
586 910 759 945 fratribus
772 910 977 944 minoribus
992 910 1200 944 oblatorum
1212 908 1311 942 facta
1325 918 1391 952 per
1402 905 1594 940 dominum

270 970 304 1003 N
311 969 496 1003 icholaum
513 975 549 1003 et
567 969 613 1002 de
631 967 874 1002 revocacione
900 967 994 1002 illius
1018 965 1287 1002 reservacionis
1312 976 1378 1010 per
1400 962 1594 999 dominum

273 1027 480 1061 Iohannem
497 1026 606 1069 facta,
626 1026 804 1060 dissolvit.

319 1085 504 1119 Octavum
523 1084 725 1128 capitulum
743 1083 897 1118 terciam
918 1082 1230 1124 contrarietatem,
1249 1092 1321 1127 que
1339 1080 1485 1116 videtur
1503 1079 1597 1114 inter
1616 1079 1647 1110 8.

270 1142 420 1176 decreto
439 1141 578 1176 domini
605 1141 781 1175 Nicholai
806 1140 1021 1175 diffinientis
1048 1140 1148 1185 quod
1174 1139 1345 1175 Christus
1363 1144 1399 1173 et
1418 1137 1473 1172 sui
1491 1148 1597 1181 apos-

270 1200 334 1234 toli
353 1211 396 1233 ac
414 1200 545 1234 fratres
572 1199 734 1233 minores
759 1199 901 1233 nullum
928 1198 983 1233 ius
1008 1199 1149 1232 habent
1174 1197 1321 1242 penitus
1348 1195 1385 1230 in
1411 1194 1598 1230 communi

49 1264 140 1294 inter
151 1263 233 1293 decr.
274 1269 343 1291 nec
365 1257 402 1291 in
421 1257 571 1302 speciali
591 1257 626 1290 in
646 1258 754 1291 rebus
781 1256 914 1301 quibus
940 1263 1101 1298 utuntur,
1128 1262 1164 1290 et
1182 1256 1277 1290 inter
1294 1255 1485 1290 decretum
1506 1253 1598 1287 Cum

53 1307 137 1355 §um
155 1306 244 1336 inter
273 1317 375 1350 inter
395 1315 432 1349 in
458 1326 533 1360 qua
562 1315 749 1349 Iohannes
767 1315 839 1349 hoc
865 1314 998 1348 diffinit
1026 1325 1108 1349 esse
1134 1313 1351 1356 hereticum,
1377 1318 1417 1347 ut
1441 1311 1598 1354 videtur,

49 1360 86 1422 ²33?
107 1360 172 1390 qua
190 1360 255 1380 om.
272 1373 439 1408 absolvit.

321 1433 475 1465 Nonum
494 1430 696 1475 capitulum
720 1436 891 1476 quartam
917 1430 1228 1473 contrarietatem,
1247 1440 1319 1474 que
1337 1428 1451 1463 oritur
1468 1439 1513 1463 ex
1529 1427 1600 1461 hoc
1620 1433 1650 1464 9·

274 1488 373 1533 quod
401 1487 573 1522 dominus
605 1487 811 1521 Nicholaus
842 1498 991 1521 omnem
1024 1487 1288 1531 proprietatem
1322 1492 1400 1520 tam
1434 1485 1471 1520 in
1501 1495 1599 1519 com-

51 1555 184 1586 videtur
275 1545 377 1580 muni
396 1557 510 1591 quam
528 1545 648 1580 eciam
675 1545 712 1579 in
739 1544 890 1590 speciali
908 1545 1054 1580 videtur
1077 1545 1271 1580 excludere
1297 1556 1319 1579 a
1344 1543 1503 1586 Christo,
1522 1542 1601 1576 eius

51 1600 128 1629 excl-
144 1609 208 1629 011¹-
224 1606 254 1628 Β-
274 1602 478 1647 discipulis,
504 1609 539 1637 et
564 1602 737 1637 fratribus
756 1602 973 1645 minoribus,
992 1608 1029 1636 et
1054 1602 1242 1636 Iohannes
1269 1601 1306 1635 in
1332 1599 1603 1635 constitucione

277 1661 376 1705 Quia
405 1660 644 1705 quorundam
670 1667 705 1695 et
733 1660 769 1694 in
796 1660 921 1694 libello
950 1660 1137 1705 Quoniam
1164 1660 1226 1693 vis
1250 1659 1427 1704 reprobus
1451 1662 1604 1692 econtra

274 1724 445 1763 patenter
462 1718 632 1762 affirmat,
650 1730 717 1763 per
741 1719 812 1753 hoc
839 1718 938 1763 quod
964 1719 1058 1753 alter
1084 1717 1200 1754 laxius
1227 1718 1344 1752 altero
1371 1715 1531 1761 loquitur
1556 1715 1604 1751 de

275 1776 500 1820 proprietate
518 1776 690 1811 absolvit.

323 1834 522 1868 Decimum
551 1834 754 1879 capitulum
782 1834 951 1879 quintam
978 1834 1292 1876 contrarietatem,
1317 1844 1389 1878 que
1417 1831 1532 1868 oritur
1560 1842 1605 1866 ex
1627 1839 1676 1861 10-

275 1893 346 1926 hoc
365 1892 466 1937 quod
484 1892 657 1926 dominus
679 1892 866 1926 Iohannes
892 1891 929 1926 in
953 1891 1225 1926 constitucione
1246 1891 1348 1936 Quia
1366 1889 1604 1935 quorundam

275 1950 434 1984 affirmat
451 1950 583 1984 fratres
602 1950 854 1994 predicatores
873 1956 908 1985 et
927 1950 1090 1984 minores
1117 1956 1243 1984 tenere
1268 1949 1473 1983 secundum
1498 1959 1604 1982 suam

275 2008 442 2052 regulam
484 2007 707 2042 altissimam
749 2014 1017 2053 paupertatem,
1053 2007 1138 2042 licet
1179 2008 1311 2042 fratres
1353 2006 1605 2051 predicatores

275 2067 438 2101 habeant
471 2066 738 2111 proprietatem
771 2066 935 2110 aliquam
970 2066 1007 2100 in
1042 2065 1240 2109 communi,
1269 2071 1304 2100 et
1333 2065 1506 2099 dominus
1538 2063 1605 2097 Ni-

277 2125 428 2158 cholaus
446 2124 591 2158 videtur
609 2124 745 2158 sentire
763 2123 1000 2167 contrarium,
1027 2135 1092 2168 per
1118 2123 1402 2158 distinccionem
1428 2122 1605 2161 altissime

280 2179 511 2223 paupertatis
530 2180 577 2213 ab
594 2179 781 2214 artissima
798 2185 1017 2223 paupertate
1035 2178 1214 2214 dissolvit.

325 2237 577 2271 Undecimum
608 2237 808 2282 capitulum
838 2243 981 2271 sextam
1015 2236 1316 2271 contrarietatem
1346 2236 1527 2270 orientem
1561 2245 1605 2270 ex
1627 2242 1675 2267 11.

277 2295 349 2329 hoc
367 2295 466 2339 quod
479 2295 652 2329 dominus
668 2295 874 2328 Nicholaus
892 2295 1077 2328 affirmare
1089 2294 1236 2328 videtur
1255 2294 1445 2328 Christum
1463 2299 1499 2328 et
1518 2304 1605 2327 suos

276 2353 476 2396 apostolos,
497 2352 591 2387 sicut
609 2358 645 2386 et
662 2352 794 2386 fratres
812 2352 975 2387 minores
1003 2351 1206 2388 imitatores
1227 2351 1353 2396 ipsius,
1372 2362 1447 2385 non
1465 2351 1604 2384 habere

278 2410 314 2444 in
338 2412 447 2445 rebus
474 2410 607 2455 quibus
633 2417 784 2445 utuntur
809 2410 880 2444 nisi
907 2409 1124 2455 simpliciter
1144 2421 1252 2444 usum
1280 2409 1379 2452 facti,
1403 2408 1465 2455 qui
1491 2409 1605 2444 nichil

278 2468 366 2502 iuris
385 2469 527 2503 confert
546 2468 746 2512 utentibus,
765 2475 801 2503 et
819 2468 991 2502 dominus
1018 2469 1203 2502 Iohannes
1221 2468 1379 2503 affirmat
1399 2467 1435 2501 in
1454 2467 1605 2501 decreto

282 2527 373 2559 Cum
404 2528 507 2560 inter
531 2527 768 2569 contrarium,
795 2538 861 2571 per
889 2526 1172 2562 distinccionem
1199 2525 1377 2570 simplicis
1405 2536 1492 2559 usus
1517 2524 1605 2559 facti

280 2583 458 2618 dissolvit.

328 2642 605 2676 Duodecimum
629 2642 831 2686 capitulum
857 2641 1055 2686 septimam
1077 2641 1178 2675 illam
1202 2641 1386 2675 famosam
1404 2640 1604 2675 contrarie·
1628 2647 1677 2674 12,

281 2704 396 2732 tatem
422 2710 493 2744 que
519 2698 633 2733 oritur
663 2711 706 2733 ex
732 2699 803 2733 hoc
824 2699 924 2744 quod
949 2698 1122 2733 dominus
1151 2699 1336 2732 Iohannes
1363 2705 1489 2732 contra
1515 2697 1604 2731 sim-

282 2757 416 2801 plicem
449 2769 556 2791 usum
589 2757 688 2800 facti,
722 2769 834 2802 quam
872 2756 1045 2791 dominus
1086 2756 1291 2790 Nicholaus
1324 2756 1499 2790 fratribus
1533 2755 1604 2790 illis

283 2815 443 2858 ascribit,
463 2815 624 2849 ostendit
650 2815 687 2848 in
714 2814 981 2849 constitucione
1005 2815 1075 2849 Ad
1096 2815 1322 2849 conditorem
1348 2815 1449 2859 quod
1474 2814 1605 2848 fratres

281 2883 357 2906 non
391 2879 546 2917 possunt
573 2872 713 2909 censeri
749 2872 935 2917 simplices
970 2872 1107 2909 usuarii
1134 2878 1170 2907 et
1198 2872 1298 2917 quod
1329 2872 1365 2909 in
1395 2872 1505 2906 rebus
1536 2882 1604 2909 usu

1795 219 1872 263 271
