<?xml version="1.0" encoding="UTF-8"?>
<!DOCTYPE html PUBLIC "-//W3C//DTD XHTML 1.0 Transitional//EN"
    "http://www.w3.org/TR/xhtml1/DTD/xhtml1-transitional.dtd">
<html xmlns="http://www.w3.org/1999/xhtml" xml:lang="en" lang="en">
 <head>
  <title>
</title>
<meta http-equiv="Content-Type" content="text/html;charset=utf-8" />
  <meta name='ocr-system' content='tesseract 3.04.00' />
  <meta name='ocr-capabilities' content='ocr_page ocr_carea ocr_par ocr_line ocrx_word'/>
</head>
<body>
  <div class='ocr_page' id='page_1' title='image "./dedominiodivinol00wycl_0106.png"; bbox 0 0 2008 3305; ppageno 0'>
   <div class='ocr_carea' id='block_1_1' title="bbox 198 171 1802 234">
    <p class='ocr_par' dir='ltr' id='par_1_1' title="bbox 198 171 1802 234">
     <span class='ocr_line' id='line_1_1' title="bbox 198 171 1802 234; baseline -0.004 -15"><span class='ocrx_word' id='word_1_1' title='bbox 198 189 251 234; x_wconf 84' lang='lat'>50</span> <span class='ocrx_word' id='word_1_2' title='bbox 875 184 940 217; x_wconf 88' lang='lat' dir='ltr'>DE</span> <span class='ocrx_word' id='word_1_3' title='bbox 973 184 1188 218; x_wconf 84' lang='lat' dir='ltr'>DOMINIO</span> <span class='ocrx_word' id='word_1_4' title='bbox 1220 184 1395 216; x_wconf 82' lang='lat' dir='ltr'>D1V1No</span> <span class='ocrx_word' id='word_1_5' title='bbox 1589 171 1692 230; x_wconf 80' lang='lat' dir='ltr'>[CAP.</span> <span class='ocrx_word' id='word_1_6' title='bbox 1709 184 1802 213; x_wconf 82' lang='lat' dir='ltr'>vm.</span> 
     </span>
    </p>
   </div>
   <div class='ocr_carea' id='block_1_2' title="bbox 475 297 1913 634">
    <p class='ocr_par' dir='ltr' id='par_1_2' title="bbox 475 297 1913 634">
     <span class='ocr_line' id='line_1_2' title="bbox 477 297 1913 349; baseline -0.003 -8"><span class='ocrx_word' id='word_1_7' title='bbox 477 302 698 341; x_wconf 88' lang='lat' dir='ltr'>essencialis</span> <span class='ocrx_word' id='word_1_8' title='bbox 741 301 960 340; x_wconf 89' lang='lat' dir='ltr'>differencie</span> <span class='ocrx_word' id='word_1_9' title='bbox 1004 300 1181 339; x_wconf 88' lang='lat' dir='ltr'>accidens</span> <span class='ocrx_word' id='word_1_10' title='bbox 1224 298 1434 349; x_wconf 81' lang='lat' dir='ltr'>separabile</span> <span class='ocrx_word' id='word_1_11' title='bbox 1473 297 1531 335; x_wconf 90' lang='lat' dir='ltr'>vel</span> <span class='ocrx_word' id='word_1_12' title='bbox 1574 297 1806 347; x_wconf 84' lang='lat' dir='ltr'>passionem,</span> <span class='ocrx_word' id='word_1_13' title='bbox 1822 304 1913 346; x_wconf 80' lang='lat'>[160</span> 
     </span>
     <span class='ocr_line' id='line_1_3' title="bbox 476 366 1810 422; baseline -0.005 -12"><span class='ocrx_word' id='word_1_14' title='bbox 476 385 641 422; x_wconf 88' lang='lat' dir='ltr'>quorum</span> <span class='ocrx_word' id='word_1_15' title='bbox 682 378 885 421; x_wconf 89' lang='lat' dir='ltr'>utrumque</span> <span class='ocrx_word' id='word_1_16' title='bbox 926 377 983 409; x_wconf 90' lang='lat' dir='ltr'>est</span> <span class='ocrx_word' id='word_1_17' title='bbox 1026 370 1194 408; x_wconf 87' lang='lat' dir='ltr'>subiecto</span> <span class='ocrx_word' id='word_1_18' title='bbox 1240 369 1441 418; x_wconf 83' lang='lat' dir='ltr'>posterius.</span> <span class='ocrx_word' id='word_1_19' title='bbox 1517 367 1578 404; x_wconf 91' lang='lat' dir='ltr'>De</span> <span class='ocrx_word' id='word_1_20' title='bbox 1620 366 1810 417; x_wconf 81' lang='lat' dir='ltr'><strong>aliquibus</strong></span> 
     </span>
     <span class='ocr_line' id='line_1_4' title="bbox 476 436 1811 489; baseline -0.005 -9"><span class='ocrx_word' id='word_1_21' title='bbox 476 450 615 489; x_wconf 87' lang='lat' dir='ltr'>autem,</span> <span class='ocrx_word' id='word_1_22' title='bbox 638 449 678 480; x_wconf 91' lang='lat' dir='ltr'>ut</span> <span class='ocrx_word' id='word_1_23' title='bbox 698 442 856 480; x_wconf 89' lang='lat' dir='ltr'>homine</span> <span class='ocrx_word' id='word_1_24' title='bbox 882 448 919 479; x_wconf 90' lang='lat' dir='ltr'>et</span> <span class='ocrx_word' id='word_1_25' title='bbox 945 441 1090 486; x_wconf 87' lang='lat' dir='ltr'>bestiis,</span> <span class='ocrx_word' id='word_1_26' title='bbox 1115 440 1281 478; x_wconf 83' lang='lat' dir='ltr'>discerni</span> <span class='ocrx_word' id='word_1_27' title='bbox 1306 444 1433 489; x_wconf 86' lang='lat' dir='ltr'>potest</span> <span class='ocrx_word' id='word_1_28' title='bbox 1460 437 1682 475; x_wconf 88' lang='lat' dir='ltr'>differencia</span> <span class='ocrx_word' id='word_1_29' title='bbox 1696 450 1706 484; x_wconf 82' lang='lat'><em>3</em></span> <span class='ocrx_word' id='word_1_30' title='bbox 1743 436 1811 474; x_wconf 89' lang='lat' dir='ltr'>sed</span> 
     </span>
     <span class='ocr_line' id='line_1_5' title="bbox 475 506 1810 558; baseline -0.006 -7"><span class='ocrx_word' id='word_1_31' title='bbox 475 515 573 551; x_wconf 89' lang='lat' dir='ltr'>inter</span> <span class='ocrx_word' id='word_1_32' title='bbox 601 512 892 558; x_wconf 87' lang='lat' dir='ltr'>irracionabilia,</span> <span class='ocrx_word' id='word_1_33' title='bbox 924 512 1055 557; x_wconf 81' lang='lat' dir='ltr'>mixta,</span> <span class='ocrx_word' id='word_1_34' title='bbox 1087 518 1124 548; x_wconf 90' lang='lat' dir='ltr'>et</span> <span class='ocrx_word' id='word_1_35' title='bbox 1157 511 1348 549; x_wconf 89' lang='lat' dir='ltr'>elementa</span> <span class='ocrx_word' id='word_1_36' title='bbox 1377 515 1435 548; x_wconf 89' lang='lat' dir='ltr'>est</span> <span class='ocrx_word' id='word_1_37' title='bbox 1464 507 1654 547; x_wconf 86' lang='lat' dir='ltr'>discrecio</span> <span class='ocrx_word' id='word_1_38' title='bbox 1684 506 1810 545; x_wconf 84' lang='lat' dir='ltr'>solum</span> 
     </span>
     <span class='ocr_line' id='line_1_6' title="bbox 477 581 1842 634; baseline -0.005 -12"><span class='ocrx_word' id='word_1_39' title='bbox 477 584 616 634; x_wconf 85' lang='lat' dir='ltr'>topica,</span> <span class='ocrx_word' id='word_1_40' title='bbox 639 583 735 621; x_wconf 90' lang='lat' dir='ltr'>sicut</span> <span class='ocrx_word' id='word_1_41' title='bbox 756 589 792 620; x_wconf 93' lang='lat' dir='ltr'>et</span> <span class='ocrx_word' id='word_1_42' title='bbox 812 582 908 620; x_wconf 92' lang='lat' dir='ltr'>inter</span> <span class='ocrx_word' id='word_1_43' title='bbox 929 581 1100 631; x_wconf 83' lang='lat' dir='ltr'>angelos.</span> <span class='ocrx_word' id='word_1_44' title='bbox 1825 592 1842 624; x_wconf 89' lang='lat'>5</span> 
     </span>
    </p>
   </div>
   <div class='ocr_carea' id='block_1_3' title="bbox 912 785 1382 826">
    <p class='ocr_par' dir='ltr' id='par_1_3' title="bbox 912 785 1382 826">
     <span class='ocr_line' id='line_1_7' title="bbox 912 785 1382 826; baseline -0.004 0"><span class='ocrx_word' id='word_1_45' title='bbox 912 785 1239 826; x_wconf 90' lang='lat' dir='ltr'>CAPITULUM</span> <span class='ocrx_word' id='word_1_46' title='bbox 1270 785 1382 824; x_wconf 91' lang='lat' dir='ltr'>VIII.</span> 
     </span>
    </p>
   </div>
   <div class='ocr_carea' id='block_1_4' title="bbox 196 888 1813 959">
    <p class='ocr_par' dir='ltr' id='par_1_4' title="bbox 196 888 1813 959">
     <span class='ocr_line' id='line_1_8' title="bbox 196 888 1813 959; baseline -0.005 -26"><span class='ocrx_word' id='word_1_47' title='bbox 196 899 443 959; x_wconf 36' lang='lat' dir='ltr'>3532&amp;ssssssss</span> <span class='ocrx_word' id='word_1_48' title='bbox 535 893 716 932; x_wconf 81' lang='lat' dir='ltr'><strong>SECUNDO</strong></span> <span class='ocrx_word' id='word_1_49' title='bbox 735 892 994 942; x_wconf 84' lang='lat' dir='ltr'>principaliter</span> <span class='ocrx_word' id='word_1_50' title='bbox 1023 891 1188 929; x_wconf 91' lang='lat' dir='ltr'>obicitur</span> <span class='ocrx_word' id='word_1_51' title='bbox 1218 891 1266 929; x_wconf 89' lang='lat' dir='ltr'>de</span> <span class='ocrx_word' id='word_1_52' title='bbox 1289 891 1486 940; x_wconf 83' lang='lat' dir='ltr'>prioritate</span> <span class='ocrx_word' id='word_1_53' title='bbox 1507 890 1623 927; x_wconf 91' lang='lat' dir='ltr'>divini</span> <span class='ocrx_word' id='word_1_54' title='bbox 1653 888 1813 927; x_wconf 91' lang='lat' dir='ltr'>dominii</span> 
     </span>
    </p>
   </div>
   <div class='ocr_carea' id='block_1_5' title="bbox 195 959 1813 1026">
    <p class='ocr_par' dir='ltr' id='par_1_5' title="bbox 195 959 1813 1026">
     <span class='ocr_line' id='line_1_9' title="bbox 195 959 1813 1026; baseline -0.002 -26"><span class='ocrx_word' id='word_1_55' title='bbox 195 967 227 1025; x_wconf 51' lang='grc' dir='ltr'>ἐξ</span> <span class='ocrx_word' id='word_1_56' title='bbox 237 966 465 1026; x_wconf 41' lang='lat' dir='ltr'>[thdssilggffsffiip</span> <span class='ocrx_word' id='word_1_57' title='bbox 481 964 611 1014; x_wconf 90' lang='lat' dir='ltr'>quoad</span> <span class='ocrx_word' id='word_1_58' title='bbox 639 970 857 1001; x_wconf 87' lang='lat' dir='ltr'>creaturam</span> <span class='ocrx_word' id='word_1_59' title='bbox 885 962 1140 1000; x_wconf 87' lang='lat' dir='ltr'>universalem</span> <span class='ocrx_word' id='word_1_60' title='bbox 1169 974 1284 1011; x_wconf 90' lang='lat' dir='ltr'>super</span> <span class='ocrx_word' id='word_1_61' title='bbox 1308 961 1482 999; x_wconf 91' lang='lat' dir='ltr'>dominio</span> <span class='ocrx_word' id='word_1_62' title='bbox 1512 961 1570 998; x_wconf 90' lang='lat' dir='ltr'>sui</span> <span class='ocrx_word' id='word_1_63' title='bbox 1598 959 1813 1008; x_wconf 86' lang='lat' dir='ltr'>singularis.</span> 
     </span>
    </p>
   </div>
   <div class='ocr_carea' id='block_1_6' title="bbox 195 1029 1869 1645">
    <p class='ocr_par' dir='ltr' id='par_1_6' title="bbox 195 1029 1869 1152">
     <span class='ocr_line' id='line_1_10' title="bbox 195 1029 1815 1099; baseline -0.004 -26"><span class='ocrx_word' id='word_1_64' title='bbox 195 1033 449 1099; x_wconf 52' lang='lat' dir='ltr'>&amp;filss‘gftffiss‘g‘r‘ff‘</span> <span class='ocrx_word' id='word_1_65' title='bbox 480 1035 644 1072; x_wconf 88' lang='lat' dir='ltr'>Videtur</span> <span class='ocrx_word' id='word_1_66' title='bbox 673 1034 777 1071; x_wconf 90' lang='lat' dir='ltr'>enim</span> <span class='ocrx_word' id='word_1_67' title='bbox 807 1039 964 1071; x_wconf 88' lang='lat' dir='ltr'>econtra</span> <span class='ocrx_word' id='word_1_68' title='bbox 993 1032 1100 1082; x_wconf 90' lang='lat' dir='ltr'>quod</span> <span class='ocrx_word' id='word_1_69' title='bbox 1134 1031 1350 1070; x_wconf 91' lang='lat' dir='ltr'>dominium</span> <span class='ocrx_word' id='word_1_70' title='bbox 1385 1030 1588 1080; x_wconf 82' lang='lat' dir='ltr'>singularis</span> <span class='ocrx_word' id='word_1_71' title='bbox 1618 1030 1665 1067; x_wconf 88' lang='lat' dir='ltr'>sit</span> <span class='ocrx_word' id='word_1_72' title='bbox 1694 1029 1815 1067; x_wconf 88' lang='lat' dir='ltr'>altero</span> 
     </span>
     <span class='ocr_line' id='line_1_11' title="bbox 195 1099 1869 1152; baseline -0.005 -8"><span class='ocrx_word' id='word_1_73' title='bbox 195 1100 316 1127; x_wconf 77' lang='lat' dir='ltr'>ticular?</span> <span class='ocrx_word' id='word_1_74' title='bbox 479 1105 654 1143; x_wconf 90' lang='lat' dir='ltr'>dominio</span> <span class='ocrx_word' id='word_1_75' title='bbox 667 1104 758 1142; x_wconf 92' lang='lat' dir='ltr'>dato</span> <span class='ocrx_word' id='word_1_76' title='bbox 777 1103 882 1152; x_wconf 87' lang='lat' dir='ltr'>prius</span> <span class='ocrx_word' id='word_1_77' title='bbox 897 1115 906 1149; x_wconf 91' lang='lat'>;</span> <span class='ocrx_word' id='word_1_78' title='bbox 937 1103 1027 1152; x_wconf 89' lang='lat' dir='ltr'>quia</span> <span class='ocrx_word' id='word_1_79' title='bbox 1042 1102 1280 1151; x_wconf 87' lang='lat' dir='ltr'>impossibile</span> <span class='ocrx_word' id='word_1_80' title='bbox 1296 1108 1352 1139; x_wconf 87' lang='lat' dir='ltr'>est</span> <span class='ocrx_word' id='word_1_81' title='bbox 1368 1100 1582 1139; x_wconf 91' lang='lat' dir='ltr'>dominium</span> <span class='ocrx_word' id='word_1_82' title='bbox 1595 1100 1649 1137; x_wconf 92' lang='lat' dir='ltr'>rei</span> <span class='ocrx_word' id='word_1_83' title='bbox 1661 1099 1814 1137; x_wconf 90' lang='lat' dir='ltr'>univer·</span> <span class='ocrx_word' id='word_1_84' title='bbox 1830 1107 1869 1129; x_wconf 88' lang='lat'>10</span> 
     </span>
    </p>

    <p class='ocr_par' dir='ltr' id='par_1_7' title="bbox 479 1169 1813 1222">
     <span class='ocr_line' id='line_1_12' title="bbox 479 1169 1813 1222; baseline -0.005 -9"><span class='ocrx_word' id='word_1_85' title='bbox 479 1176 567 1213; x_wconf 88' lang='lat' dir='ltr'>salis</span> <span class='ocrx_word' id='word_1_86' title='bbox 587 1174 698 1212; x_wconf 90' lang='lat' dir='ltr'>alicui</span> <span class='ocrx_word' id='word_1_87' title='bbox 714 1173 887 1212; x_wconf 87' lang='lat' dir='ltr'>accidere</span> <span class='ocrx_word' id='word_1_88' title='bbox 903 1173 975 1210; x_wconf 90' lang='lat' dir='ltr'>nisi</span> <span class='ocrx_word' id='word_1_89' title='bbox 988 1179 1270 1222; x_wconf 85' lang='lat' dir='ltr'>consequenter</span> <span class='ocrx_word' id='word_1_90' title='bbox 1286 1172 1335 1209; x_wconf 92' lang='lat' dir='ltr'>ad</span> <span class='ocrx_word' id='word_1_91' title='bbox 1355 1171 1572 1209; x_wconf 90' lang='lat' dir='ltr'>dominium</span> <span class='ocrx_word' id='word_1_92' title='bbox 1589 1169 1813 1219; x_wconf 88' lang='lat' dir='ltr'>singularis:</span> 
     </span>
    </p>

    <p class='ocr_par' dir='ltr' id='par_1_8' title="bbox 476 1240 1815 1294">
     <span class='ocr_line' id='line_1_13' title="bbox 476 1240 1815 1294; baseline -0.005 -11"><span class='ocrx_word' id='word_1_93' title='bbox 476 1257 566 1283; x_wconf 88' lang='lat' dir='ltr'>cum</span> <span class='ocrx_word' id='word_1_94' title='bbox 592 1257 687 1294; x_wconf 83' lang='lat' dir='ltr'>ergo</span> <span class='ocrx_word' id='word_1_95' title='bbox 711 1243 929 1281; x_wconf 91' lang='lat' dir='ltr'>communis</span> <span class='ocrx_word' id='word_1_96' title='bbox 950 1255 1067 1281; x_wconf 90' lang='lat' dir='ltr'>causa</span> <span class='ocrx_word' id='word_1_97' title='bbox 1097 1243 1266 1280; x_wconf 89' lang='lat' dir='ltr'>efficiens</span> <span class='ocrx_word' id='word_1_98' title='bbox 1287 1242 1334 1280; x_wconf 88' lang='lat' dir='ltr'>sit</span> <span class='ocrx_word' id='word_1_99' title='bbox 1362 1242 1467 1291; x_wconf 88' lang='lat' dir='ltr'>prius</span> <span class='ocrx_word' id='word_1_100' title='bbox 1497 1240 1720 1278; x_wconf 85' lang='lat' dir='ltr'>naturaliter</span> <span class='ocrx_word' id='word_1_101' title='bbox 1743 1250 1815 1277; x_wconf 92' lang='lat' dir='ltr'>suo</span> 
     </span>
    </p>

    <p class='ocr_par' dir='ltr' id='par_1_9' title="bbox 478 1310 1815 1364">
     <span class='ocr_line' id='line_1_14' title="bbox 478 1310 1815 1364; baseline -0.004 -11"><span class='ocrx_word' id='word_1_102' title='bbox 478 1322 646 1361; x_wconf 87' lang='lat' dir='ltr'>causato,</span> <span class='ocrx_word' id='word_1_103' title='bbox 667 1315 841 1364; x_wconf 88' lang='lat' dir='ltr'>sequitur</span> <span class='ocrx_word' id='word_1_104' title='bbox 857 1313 962 1364; x_wconf 89' lang='lat' dir='ltr'>quod</span> <span class='ocrx_word' id='word_1_105' title='bbox 982 1313 1185 1362; x_wconf 86' lang='lat' dir='ltr'>singularis</span> <span class='ocrx_word' id='word_1_106' title='bbox 1205 1312 1422 1350; x_wconf 91' lang='lat' dir='ltr'>dominium</span> <span class='ocrx_word' id='word_1_107' title='bbox 1443 1310 1642 1361; x_wconf 86' lang='lat' dir='ltr'>originans</span> <span class='ocrx_word' id='word_1_108' title='bbox 1661 1316 1815 1348; x_wconf 88' lang='lat' dir='ltr'>antece-</span> 
     </span>
    </p>

    <p class='ocr_par' dir='ltr' id='par_1_10' title="bbox 197 1380 1867 1575">
     <span class='ocr_line' id='line_1_15' title="bbox 197 1380 1815 1452; baseline -0.005 -27"><span class='ocrx_word' id='word_1_109' title='bbox 197 1392 398 1452; x_wconf 31' lang='lat' dir='ltr'>Ekxgsstszffissnh</span> <span class='ocrx_word' id='word_1_110' title='bbox 478 1386 544 1424; x_wconf 88' lang='lat' dir='ltr'>dit.</span> <span class='ocrx_word' id='word_1_111' title='bbox 601 1385 652 1423; x_wconf 90' lang='lat' dir='ltr'>Et</span> <span class='ocrx_word' id='word_1_112' title='bbox 672 1385 744 1422; x_wconf 91' lang='lat' dir='ltr'>ista</span> <span class='ocrx_word' id='word_1_113' title='bbox 765 1390 821 1421; x_wconf 91' lang='lat' dir='ltr'>est</span> <span class='ocrx_word' id='word_1_114' title='bbox 842 1384 947 1422; x_wconf 90' lang='lat' dir='ltr'>racio</span> <span class='ocrx_word' id='word_1_115' title='bbox 968 1383 1230 1421; x_wconf 84' lang='lat' dir='ltr'>conclusionis</span> <span class='ocrx_word' id='word_1_116' title='bbox 1251 1382 1398 1419; x_wconf 90' lang='lat' dir='ltr'>domini</span> <span class='ocrx_word' id='word_1_117' title='bbox 1418 1381 1665 1428; x_wconf 89' lang='lat' dir='ltr'>Ardmacani‚</span> <span class='ocrx_word' id='word_1_118' title='bbox 1687 1380 1815 1430; x_wconf 90' lang='lat' dir='ltr'>primo</span> 
     </span>
     <span class='ocr_line' id='line_1_16' title="bbox 373 1445 1867 1504; baseline -0.004 -10"><span class='ocrx_word' id='word_1_119' title='bbox 373 1445 380 1457; x_wconf 71' lang='lat'><em>’</em></span> <span class='ocrx_word' id='word_1_120' title='bbox 478 1457 525 1495; x_wconf 91' lang='lat' dir='ltr'>de</span> <span class='ocrx_word' id='word_1_121' title='bbox 546 1454 733 1504; x_wconf 90' lang='lat' dir='ltr'>Pauperie</span> <span class='ocrx_word' id='word_1_122' title='bbox 755 1454 975 1500; x_wconf 87' lang='lat' dir='ltr'>Salvatoris‚</span> <span class='ocrx_word' id='word_1_123' title='bbox 998 1453 1074 1490; x_wconf 85' lang='lat' dir='ltr'>xxi.</span> <span class='ocrx_word' id='word_1_124' title='bbox 1099 1452 1279 1502; x_wconf 89' lang='lat' dir='ltr'>capitulo,</span> <span class='ocrx_word' id='word_1_125' title='bbox 1302 1452 1509 1489; x_wconf 86' lang='lat' dir='ltr'>asserentis</span> <span class='ocrx_word' id='word_1_126' title='bbox 1535 1451 1642 1501; x_wconf 90' lang='lat' dir='ltr'>quod</span> <span class='ocrx_word' id='word_1_127' title='bbox 1666 1451 1814 1501; x_wconf 91' lang='lat' dir='ltr'>species</span> <span class='ocrx_word' id='word_1_128' title='bbox 1830 1461 1867 1493; x_wconf 87' lang='lat'>15</span> 
     </span>
     <span class='ocr_line' id='line_1_17' title="bbox 477 1521 1860 1575; baseline -0.003 -11"><span class='ocrx_word' id='word_1_129' title='bbox 477 1538 557 1564; x_wconf 91' lang='lat' dir='ltr'>non</span> <span class='ocrx_word' id='word_1_130' title='bbox 591 1532 755 1575; x_wconf 89' lang='lat' dir='ltr'>possunt</span> <span class='ocrx_word' id='word_1_131' title='bbox 790 1523 1022 1562; x_wconf 80' lang='lat' dir='ltr'>in*mediate</span> <span class='ocrx_word' id='word_1_132' title='bbox 1056 1523 1225 1572; x_wconf 90' lang='lat' dir='ltr'>recipere</span> <span class='ocrx_word' id='word_1_133' title='bbox 1258 1522 1430 1560; x_wconf 88' lang='lat' dir='ltr'>divinum</span> <span class='ocrx_word' id='word_1_134' title='bbox 1465 1522 1694 1568; x_wconf 89' lang='lat' dir='ltr'>dominium,</span> <span class='ocrx_word' id='word_1_135' title='bbox 1725 1521 1860 1571; x_wconf 89' lang='lat' dir='ltr'>quiaD</span> 
     </span>
    </p>

    <p class='ocr_par' dir='ltr' id='par_1_11' title="bbox 478 1592 1816 1645">
     <span class='ocr_line' id='line_1_18' title="bbox 478 1592 1816 1645; baseline -0.004 -12"><span class='ocrx_word' id='word_1_136' title='bbox 478 1608 561 1634; x_wconf 94' lang='lat' dir='ltr'>non</span> <span class='ocrx_word' id='word_1_137' title='bbox 598 1601 762 1645; x_wconf 90' lang='lat' dir='ltr'>possunt</span> <span class='ocrx_word' id='word_1_138' title='bbox 802 1594 932 1641; x_wconf 86' lang='lat' dir='ltr'>creari,</span> <span class='ocrx_word' id='word_1_139' title='bbox 964 1594 1192 1640; x_wconf 89' lang='lat' dir='ltr'>conservari,</span> <span class='ocrx_word' id='word_1_140' title='bbox 1224 1599 1307 1640; x_wconf 89' lang='lat' dir='ltr'>etc.,</span> <span class='ocrx_word' id='word_1_141' title='bbox 1342 1593 1415 1630; x_wconf 92' lang='lat' dir='ltr'>nisi</span> <span class='ocrx_word' id='word_1_142' title='bbox 1448 1592 1709 1630; x_wconf 88' lang='lat' dir='ltr'>mediantibus</span> <span class='ocrx_word' id='word_1_143' title='bbox 1738 1592 1816 1629; x_wconf 89' lang='lat' dir='ltr'>suis</span> 
     </span>
    </p>
   </div>
   <div class='ocr_carea' id='block_1_7' title="bbox 198 1662 1815 1716">
    <p class='ocr_par' dir='ltr' id='par_1_12' title="bbox 198 1662 1815 1716">
     <span class='ocr_line' id='line_1_19' title="bbox 198 1662 1815 1716; baseline -0.004 -11"><span class='ocrx_word' id='word_1_144' title='bbox 198 1667 247 1692; x_wconf 69' lang='lat' dir='ltr'>but</span> <span class='ocrx_word' id='word_1_145' title='bbox 261 1666 309 1692; x_wconf 60' lang='lat'>21¹2</span> <span class='ocrx_word' id='word_1_146' title='bbox 322 1666 439 1692; x_wconf 82' lang='lat' dir='ltr'>affirma-</span> <span class='ocrx_word' id='word_1_147' title='bbox 481 1666 704 1716; x_wconf 88' lang='lat' dir='ltr'>suppositis.</span> <span class='ocrx_word' id='word_1_148' title='bbox 777 1665 854 1702; x_wconf 89' lang='lat' dir='ltr'>Sed</span> <span class='ocrx_word' id='word_1_149' title='bbox 886 1664 935 1702; x_wconf 90' lang='lat' dir='ltr'>ad</span> <span class='ocrx_word' id='word_1_150' title='bbox 969 1664 1062 1701; x_wconf 86' lang='lat' dir='ltr'>illud</span> <span class='ocrx_word' id='word_1_151' title='bbox 1094 1670 1199 1713; x_wconf 91' lang='lat' dir='ltr'>patet</span> <span class='ocrx_word' id='word_1_152' title='bbox 1228 1675 1276 1700; x_wconf 85' lang='lat' dir='ltr'>ex</span> <span class='ocrx_word' id='word_1_153' title='bbox 1311 1663 1444 1700; x_wconf 87' lang='lat' dir='ltr'>dictis:</span> <span class='ocrx_word' id='word_1_154' title='bbox 1490 1674 1582 1700; x_wconf 90' lang='lat' dir='ltr'>nam</span> <span class='ocrx_word' id='word_1_155' title='bbox 1615 1662 1815 1712; x_wconf 88' lang='lat' dir='ltr'>proporci-</span> 
     </span>
    </p>
   </div>
   <div class='ocr_carea' id='block_1_8' title="bbox 198 1700 412 1726">
    <p class='ocr_par' dir='ltr' id='par_1_13' title="bbox 198 1700 412 1726">
     <span class='ocr_line' id='line_1_20' title="bbox 198 1700 412 1726; baseline 0 -1"><span class='ocrx_word' id='word_1_156' title='bbox 198 1700 255 1725; x_wconf 88' lang='lat' dir='ltr'>tive</span> <span class='ocrx_word' id='word_1_157' title='bbox 268 1709 376 1725; x_wconf 86' lang='lat' dir='ltr'>answer</span> <span class='ocrx_word' id='word_1_158' title='bbox 389 1709 412 1726; x_wconf 81' lang='lat' dir='ltr'>is</span> 
     </span>
    </p>
   </div>
   <div class='ocr_carea' id='block_1_9' title="bbox 198 1732 1870 2556">
    <p class='ocr_par' dir='ltr' id='par_1_14' title="bbox 198 1732 1870 1792">
     <span class='ocr_line' id='line_1_21' title="bbox 198 1732 1870 1792; baseline -0.004 -17"><span class='ocrx_word' id='word_1_159' title='bbox 198 1733 422 1792; x_wconf 52' lang='grc' dir='ltr'>ξξξῇἐξπζξῗξῇῗ</span> <span class='ocrx_word' id='word_1_160' title='bbox 441 1733 473 1758; x_wconf 84' lang='lat' dir='ltr'>0f</span> <span class='ocrx_word' id='word_1_161' title='bbox 482 1737 645 1775; x_wconf 91' lang='lat' dir='ltr'>onaliter</span> <span class='ocrx_word' id='word_1_162' title='bbox 664 1741 706 1773; x_wconf 90' lang='lat' dir='ltr'>ut</span> <span class='ocrx_word' id='word_1_163' title='bbox 729 1735 945 1772; x_wconf 89' lang='lat' dir='ltr'>universale</span> <span class='ocrx_word' id='word_1_164' title='bbox 966 1734 1015 1772; x_wconf 89' lang='lat' dir='ltr'>ad</span> <span class='ocrx_word' id='word_1_165' title='bbox 1040 1745 1152 1771; x_wconf 88' lang='lat' dir='ltr'>suum</span> <span class='ocrx_word' id='word_1_166' title='bbox 1180 1733 1372 1783; x_wconf 86' lang='lat' dir='ltr'>singulare</span> <span class='ocrx_word' id='word_1_167' title='bbox 1400 1745 1439 1771; x_wconf 93' lang='lat' dir='ltr'>se</span> <span class='ocrx_word' id='word_1_168' title='bbox 1467 1733 1582 1770; x_wconf 90' lang='lat' dir='ltr'>habet</span> <span class='ocrx_word' id='word_1_169' title='bbox 1609 1733 1648 1769; x_wconf 91' lang='lat' dir='ltr'>in</span> <span class='ocrx_word' id='word_1_170' title='bbox 1668 1732 1812 1779; x_wconf 87' lang='lat' dir='ltr'>ordine,</span> <span class='ocrx_word' id='word_1_171' title='bbox 1831 1753 1870 1775; x_wconf 82' lang='lat'>20</span> 
     </span>
    </p>

    <p class='ocr_par' dir='ltr' id='par_1_15' title="bbox 198 1799 1869 2556">
     <span class='ocr_line' id='line_1_22' title="bbox 198 1799 1816 1852; baseline -0.004 -7"><span class='ocrx_word' id='word_1_172' title='bbox 198 1800 264 1826; x_wconf 62' lang='lat'>‘³⁸³¹</span> <span class='ocrx_word' id='word_1_173' title='bbox 277 1799 416 1833; x_wconf 60' lang='lat' dir='ltr'>meaning·</span> <span class='ocrx_word' id='word_1_174' title='bbox 481 1807 535 1845; x_wconf 88' lang='lat' dir='ltr'>sic</span> <span class='ocrx_word' id='word_1_175' title='bbox 556 1806 774 1844; x_wconf 90' lang='lat' dir='ltr'>dominium</span> <span class='ocrx_word' id='word_1_176' title='bbox 795 1805 843 1842; x_wconf 92' lang='lat' dir='ltr'>ad</span> <span class='ocrx_word' id='word_1_177' title='bbox 864 1805 1080 1842; x_wconf 88' lang='lat' dir='ltr'>dominium</span> <span class='ocrx_word' id='word_1_178' title='bbox 1100 1816 1141 1842; x_wconf 88' lang='lat' dir='ltr'>se</span> <span class='ocrx_word' id='word_1_179' title='bbox 1160 1804 1325 1841; x_wconf 89' lang='lat' dir='ltr'>habebit.</span> <span class='ocrx_word' id='word_1_180' title='bbox 1358 1802 1483 1849; x_wconf 85' lang='lat' dir='ltr'>Unde,</span> <span class='ocrx_word' id='word_1_181' title='bbox 1505 1803 1602 1840; x_wconf 91' lang='lat' dir='ltr'>sicut</span> <span class='ocrx_word' id='word_1_182' title='bbox 1622 1802 1816 1852; x_wconf 88' lang='lat' dir='ltr'>singulare</span> 
     </span>
     <span class='ocr_line' id='line_1_23' title="bbox 480 1873 1817 1928; baseline -0.004 -13"><span class='ocrx_word' id='word_1_183' title='bbox 480 1877 652 1928; x_wconf 90' lang='lat' dir='ltr'>precedit</span> <span class='ocrx_word' id='word_1_184' title='bbox 679 1876 938 1925; x_wconf 84' lang='lat' dir='ltr'>generacione</span> <span class='ocrx_word' id='word_1_185' title='bbox 968 1875 1026 1912; x_wconf 91' lang='lat' dir='ltr'>vel</span> <span class='ocrx_word' id='word_1_186' title='bbox 1057 1874 1272 1912; x_wconf 90' lang='lat' dir='ltr'>secundum</span> <span class='ocrx_word' id='word_1_187' title='bbox 1303 1885 1426 1923; x_wconf 83' lang='lat' dir='ltr'>genus</span> <span class='ocrx_word' id='word_1_188' title='bbox 1460 1885 1575 1911; x_wconf 89' lang='lat' dir='ltr'>cause</span> <span class='ocrx_word' id='word_1_189' title='bbox 1609 1873 1817 1911; x_wconf 89' lang='lat' dir='ltr'>materialis</span> 
     </span>
     <span class='ocr_line' id='line_1_24' title="bbox 480 1943 1817 1994; baseline -0.002 -10"><span class='ocrx_word' id='word_1_190' title='bbox 480 1959 592 1985; x_wconf 90' lang='lat' dir='ltr'>suum</span> <span class='ocrx_word' id='word_1_191' title='bbox 620 1946 876 1991; x_wconf 87' lang='lat' dir='ltr'>communius,</span> <span class='ocrx_word' id='word_1_192' title='bbox 900 1957 991 1983; x_wconf 86' lang='lat' dir='ltr'>cum</span> <span class='ocrx_word' id='word_1_193' title='bbox 1015 1945 1062 1982; x_wconf 90' lang='lat' dir='ltr'>sit</span> <span class='ocrx_word' id='word_1_194' title='bbox 1089 1957 1178 1994; x_wconf 91' lang='lat' dir='ltr'>pars</span> <span class='ocrx_word' id='word_1_195' title='bbox 1198 1944 1406 1982; x_wconf 88' lang='lat' dir='ltr'>subiectiva</span> <span class='ocrx_word' id='word_1_196' title='bbox 1432 1943 1480 1981; x_wconf 93' lang='lat' dir='ltr'>de</span> <span class='ocrx_word' id='word_1_197' title='bbox 1500 1955 1578 1993; x_wconf 90' lang='lat' dir='ltr'>qua</span> <span class='ocrx_word' id='word_1_198' title='bbox 1606 1943 1817 1982; x_wconf 89' lang='lat' dir='ltr'>universale</span> 
     </span>
     <span class='ocr_line' id='line_1_25' title="bbox 480 2013 1816 2065; baseline -0.002 -10"><span class='ocrx_word' id='word_1_199' title='bbox 480 2016 689 2055; x_wconf 87' lang='lat' dir='ltr'>formaliter</span> <span class='ocrx_word' id='word_1_200' title='bbox 712 2016 929 2065; x_wconf 90' lang='lat' dir='ltr'>predicatur</span> <span class='ocrx_word' id='word_1_201' title='bbox 942 2028 951 2062; x_wconf 89' lang='lat'>;</span> <span class='ocrx_word' id='word_1_202' title='bbox 984 2021 1142 2053; x_wconf 86' lang='lat' dir='ltr'>econtra</span> <span class='ocrx_word' id='word_1_203' title='bbox 1168 2022 1299 2052; x_wconf 91' lang='lat' dir='ltr'>autem</span> <span class='ocrx_word' id='word_1_204' title='bbox 1322 2013 1546 2061; x_wconf 86' lang='lat' dir='ltr'>universale,</span> <span class='ocrx_word' id='word_1_205' title='bbox 1568 2020 1610 2052; x_wconf 87' lang='lat' dir='ltr'>ut</span> <span class='ocrx_word' id='word_1_206' title='bbox 1635 2013 1758 2052; x_wconf 87' lang='lat' dir='ltr'>forma</span> <span class='ocrx_word' id='word_1_207' title='bbox 1778 2020 1816 2052; x_wconf 88' lang='lat' dir='ltr'>et</span> 
     </span>
     <span class='ocr_line' id='line_1_26' title="bbox 481 2084 1869 2134; baseline -0.004 -9"><span class='ocrx_word' id='word_1_208' title='bbox 481 2088 578 2133; x_wconf 90' lang='lat' dir='ltr'>finis,</span> <span class='ocrx_word' id='word_1_209' title='bbox 610 2093 741 2124; x_wconf 90' lang='lat' dir='ltr'>causat</span> <span class='ocrx_word' id='word_1_210' title='bbox 772 2086 811 2123; x_wconf 90' lang='lat' dir='ltr'>in</span> <span class='ocrx_word' id='word_1_211' title='bbox 839 2086 912 2123; x_wconf 90' lang='lat' dir='ltr'>alia</span> <span class='ocrx_word' id='word_1_212' title='bbox 945 2085 1117 2123; x_wconf 86' lang='lat' dir='ltr'>manerie</span> <span class='ocrx_word' id='word_1_213' title='bbox 1149 2085 1362 2134; x_wconf 88' lang='lat' dir='ltr'>singulare:</span> <span class='ocrx_word' id='word_1_214' title='bbox 1398 2084 1746 2133; x_wconf 86' lang='lat' dir='ltr'>correspondenter</span> <span class='ocrx_word' id='word_1_215' title='bbox 1768 2085 1815 2122; x_wconf 92' lang='lat' dir='ltr'>de</span> <span class='ocrx_word' id='word_1_216' title='bbox 1831 2097 1869 2130; x_wconf 85' lang='lat'>25</span> 
     </span>
     <span class='ocr_line' id='line_1_27' title="bbox 481 2154 1815 2204; baseline -0.002 -9"><span class='ocrx_word' id='word_1_217' title='bbox 481 2157 663 2195; x_wconf 89' lang='lat' dir='ltr'>dominiis</span> <span class='ocrx_word' id='word_1_218' title='bbox 692 2163 750 2194; x_wconf 88' lang='lat' dir='ltr'>est</span> <span class='ocrx_word' id='word_1_219' title='bbox 779 2156 998 2194; x_wconf 91' lang='lat' dir='ltr'>dicendum.</span> <span class='ocrx_word' id='word_1_220' title='bbox 1057 2155 1168 2192; x_wconf 91' lang='lat' dir='ltr'>Prius</span> <span class='ocrx_word' id='word_1_221' title='bbox 1190 2154 1347 2204; x_wconf 87' lang='lat' dir='ltr'>quidem</span> <span class='ocrx_word' id='word_1_222' title='bbox 1377 2154 1632 2204; x_wconf 90' lang='lat' dir='ltr'>generacione</span> <span class='ocrx_word' id='word_1_223' title='bbox 1660 2160 1697 2192; x_wconf 91' lang='lat' dir='ltr'>et</span> <span class='ocrx_word' id='word_1_224' title='bbox 1726 2155 1815 2192; x_wconf 88' lang='lat' dir='ltr'>sub-</span> 
     </span>
     <span class='ocr_line' id='line_1_28' title="bbox 481 2224 1816 2275; baseline -0.003 -9"><span class='ocrx_word' id='word_1_225' title='bbox 481 2229 580 2266; x_wconf 87' lang='lat' dir='ltr'>iecto</span> <span class='ocrx_word' id='word_1_226' title='bbox 601 2234 658 2265; x_wconf 89' lang='lat' dir='ltr'>est</span> <span class='ocrx_word' id='word_1_227' title='bbox 681 2227 896 2265; x_wconf 88' lang='lat' dir='ltr'>dominium</span> <span class='ocrx_word' id='word_1_228' title='bbox 918 2225 1122 2275; x_wconf 82' lang='lat' dir='ltr'>singulare,</span> <span class='ocrx_word' id='word_1_229' title='bbox 1146 2225 1215 2262; x_wconf 91' lang='lat' dir='ltr'>sed</span> <span class='ocrx_word' id='word_1_230' title='bbox 1240 2226 1345 2274; x_wconf 88' lang='lat' dir='ltr'>prius</span> <span class='ocrx_word' id='word_1_231' title='bbox 1370 2224 1577 2262; x_wconf 89' lang='lat' dir='ltr'>formaliter</span> <span class='ocrx_word' id='word_1_232' title='bbox 1597 2231 1635 2263; x_wconf 89' lang='lat' dir='ltr'>et</span> <span class='ocrx_word' id='word_1_233' title='bbox 1654 2224 1816 2263; x_wconf 87' lang='lat' dir='ltr'>finaliter</span> 
     </span>
     <span class='ocr_line' id='line_1_29' title="bbox 480 2295 1816 2345; baseline -0.003 -10"><span class='ocrx_word' id='word_1_234' title='bbox 480 2304 536 2336; x_wconf 86' lang='lat' dir='ltr'>est</span> <span class='ocrx_word' id='word_1_235' title='bbox 556 2309 788 2336; x_wconf 91' lang='lat' dir='ltr'>commune:</span> <span class='ocrx_word' id='word_1_236' title='bbox 819 2303 857 2335; x_wconf 93' lang='lat' dir='ltr'>et</span> <span class='ocrx_word' id='word_1_237' title='bbox 877 2308 966 2334; x_wconf 88' lang='lat' dir='ltr'>cum</span> <span class='ocrx_word' id='word_1_238' title='bbox 987 2307 1104 2333; x_wconf 89' lang='lat' dir='ltr'>causa</span> <span class='ocrx_word' id='word_1_239' title='bbox 1123 2295 1312 2345; x_wconf 87' lang='lat' dir='ltr'>posterior</span> <span class='ocrx_word' id='word_1_240' title='bbox 1326 2295 1584 2344; x_wconf 85' lang='lat' dir='ltr'>generacione</span> <span class='ocrx_word' id='word_1_241' title='bbox 1605 2295 1650 2332; x_wconf 89' lang='lat' dir='ltr'>sit</span> <span class='ocrx_word' id='word_1_242' title='bbox 1670 2295 1816 2344; x_wconf 90' lang='lat' dir='ltr'>simpli-</span> 
     </span>
     <span class='ocr_line' id='line_1_30' title="bbox 480 2364 1815 2417; baseline -0.003 -11"><span class='ocrx_word' id='word_1_243' title='bbox 480 2369 572 2406; x_wconf 91' lang='lat' dir='ltr'>citer</span> <span class='ocrx_word' id='word_1_244' title='bbox 592 2367 745 2417; x_wconf 84' lang='lat' dir='ltr'>dignior</span> <span class='ocrx_word' id='word_1_245' title='bbox 770 2373 886 2416; x_wconf 89' lang='lat' dir='ltr'>atque</span> <span class='ocrx_word' id='word_1_246' title='bbox 906 2366 1020 2415; x_wconf 87' lang='lat' dir='ltr'>prior,</span> <span class='ocrx_word' id='word_1_247' title='bbox 1042 2377 1129 2403; x_wconf 90' lang='lat' dir='ltr'>vere</span> <span class='ocrx_word' id='word_1_248' title='bbox 1149 2371 1186 2403; x_wconf 88' lang='lat' dir='ltr'>et</span> <span class='ocrx_word' id='word_1_249' title='bbox 1207 2366 1405 2415; x_wconf 82' lang='lat' dir='ltr'>signanter</span> <span class='ocrx_word' id='word_1_250' title='bbox 1425 2365 1562 2403; x_wconf 89' lang='lat' dir='ltr'>dicitur</span> <span class='ocrx_word' id='word_1_251' title='bbox 1582 2365 1687 2415; x_wconf 90' lang='lat' dir='ltr'>quod</span> <span class='ocrx_word' id='word_1_252' title='bbox 1708 2364 1815 2403; x_wconf 85' lang='lat' dir='ltr'>Deus</span> 
     </span>
     <span class='ocr_line' id='line_1_31' title="bbox 478 2435 1869 2488; baseline -0.002 -13"><span class='ocrx_word' id='word_1_253' title='bbox 478 2439 602 2488; x_wconf 86' lang='lat' dir='ltr'>primo</span> <span class='ocrx_word' id='word_1_254' title='bbox 641 2437 817 2475; x_wconf 88' lang='lat' dir='ltr'>omnium</span> <span class='ocrx_word' id='word_1_255' title='bbox 859 2436 1177 2475; x_wconf 88' lang='lat' dir='ltr'>communissimo</span> <span class='ocrx_word' id='word_1_256' title='bbox 1226 2436 1456 2473; x_wconf 90' lang='lat' dir='ltr'>dominatur.</span> <span class='ocrx_word' id='word_1_257' title='bbox 1532 2436 1582 2473; x_wconf 84' lang='lat' dir='ltr'>Et</span> <span class='ocrx_word' id='word_1_258' title='bbox 1621 2435 1718 2474; x_wconf 89' lang='lat' dir='ltr'>sicut</span> <span class='ocrx_word' id='word_1_259' title='bbox 1763 2436 1814 2473; x_wconf 91' lang='lat' dir='ltr'>illi</span> <span class='ocrx_word' id='word_1_260' title='bbox 1828 2449 1869 2480; x_wconf 81' lang='lat'>30</span> 
     </span>
     <span class='ocr_line' id='line_1_32' title="bbox 478 2506 1814 2556; baseline -0.002 -10"><span class='ocrx_word' id='word_1_261' title='bbox 478 2508 698 2546; x_wconf 88' lang='lat' dir='ltr'>dominatur</span> <span class='ocrx_word' id='word_1_262' title='bbox 726 2507 881 2545; x_wconf 88' lang='lat' dir='ltr'>racione</span> <span class='ocrx_word' id='word_1_263' title='bbox 912 2506 1073 2544; x_wconf 90' lang='lat' dir='ltr'>dominii</span> <span class='ocrx_word' id='word_1_264' title='bbox 1102 2506 1398 2556; x_wconf 85' lang='lat' dir='ltr'>particularium,</span> <span class='ocrx_word' id='word_1_265' title='bbox 1430 2511 1471 2543; x_wconf 92' lang='lat' dir='ltr'>ut</span> <span class='ocrx_word' id='word_1_266' title='bbox 1500 2517 1727 2552; x_wconf 88' lang='lat' dir='ltr'>causarum;</span> <span class='ocrx_word' id='word_1_267' title='bbox 1759 2506 1814 2543; x_wconf 88' lang='lat' dir='ltr'>sic</span> 
     </span>
    </p>
   </div>
   <div class='ocr_carea' id='block_1_10' title="bbox 477 2576 1814 2627">
    <p class='ocr_par' dir='ltr' id='par_1_16' title="bbox 477 2576 1814 2627">
     <span class='ocr_line' id='line_1_33' title="bbox 477 2576 1814 2627; baseline -0.002 -11"><span class='ocrx_word' id='word_1_268' title='bbox 477 2585 636 2616; x_wconf 89' lang='lat' dir='ltr'>econtra</span> <span class='ocrx_word' id='word_1_269' title='bbox 656 2589 891 2627; x_wconf 88' lang='lat' dir='ltr'>quocunque</span> <span class='ocrx_word' id='word_1_270' title='bbox 921 2576 1102 2626; x_wconf 85' lang='lat' dir='ltr'>singulari</span> <span class='ocrx_word' id='word_1_271' title='bbox 1123 2576 1344 2614; x_wconf 90' lang='lat' dir='ltr'>dominatur</span> <span class='ocrx_word' id='word_1_272' title='bbox 1375 2576 1529 2614; x_wconf 89' lang='lat' dir='ltr'>racione</span> <span class='ocrx_word' id='word_1_273' title='bbox 1549 2576 1709 2614; x_wconf 90' lang='lat' dir='ltr'>dominii</span> <span class='ocrx_word' id='word_1_274' title='bbox 1731 2577 1814 2613; x_wconf 90' lang='lat' dir='ltr'>uni-</span> 
     </span>
    </p>
   </div>
   <div class='ocr_carea' id='block_1_11' title="bbox 480 2652 1814 2755">
    <p class='ocr_par' dir='ltr' id='par_1_17' title="bbox 480 2652 1814 2755">
     <span class='ocr_line' id='line_1_34' title="bbox 513 2652 1814 2688; baseline -0.002 -7"><span class='ocrx_word' id='word_1_275' title='bbox 513 2665 536 2688; x_wconf 84' lang='lat'>3.</span> <span class='ocrx_word' id='word_1_276' title='bbox 556 2657 584 2681; x_wconf 80' lang='lat' dir='ltr'>et</span> <span class='ocrx_word' id='word_1_277' title='bbox 604 2655 643 2681; x_wconf 84' lang='lat' dir='ltr'>B:</span> <span class='ocrx_word' id='word_1_278' title='bbox 663 2664 716 2681; x_wconf 90' lang='lat' dir='ltr'>om.</span> <span class='ocrx_word' id='word_1_279' title='bbox 730 2654 795 2681; x_wconf 87' lang='lat' dir='ltr'>AC.</span> <span class='ocrx_word' id='word_1_280' title='bbox 898 2663 921 2686; x_wconf 87' lang='lat'>9.</span> <span class='ocrx_word' id='word_1_281' title='bbox 943 2653 1105 2686; x_wconf 76' lang='lat' dir='ltr'>Singularis</span> <span class='ocrx_word' id='word_1_282' title='bbox 1125 2652 1196 2679; x_wconf 86' lang='lat' dir='ltr'>BC:</span> <span class='ocrx_word' id='word_1_283' title='bbox 1215 2653 1366 2686; x_wconf 75' lang='lat' dir='ltr'>singulare</span> <span class='ocrx_word' id='word_1_284' title='bbox 1384 2653 1417 2679; x_wconf 84' lang='lat' dir='ltr'>A.</span> <span class='ocrx_word' id='word_1_285' title='bbox 1535 2663 1573 2680; x_wconf 88' lang='lat'>10.</span> <span class='ocrx_word' id='word_1_286' title='bbox 1594 2653 1759 2686; x_wconf 73' lang='lat' dir='ltr'>datoprius</span> <span class='ocrx_word' id='word_1_287' title='bbox 1777 2654 1814 2679; x_wconf 85' lang='lat' dir='ltr'>Al</span> 
     </span>
     <span class='ocr_line' id='line_1_35' title="bbox 480 2687 1814 2720; baseline -0.001 -6"><span class='ocrx_word' id='word_1_288' title='bbox 480 2690 502 2714; x_wconf 84' lang='lat' dir='ltr'>B</span> <span class='ocrx_word' id='word_1_289' title='bbox 514 2689 555 2720; x_wconf 68' lang='lat' dir='ltr'>CJ:</span> <span class='ocrx_word' id='word_1_290' title='bbox 570 2690 659 2720; x_wconf 69' lang='lat' dir='ltr'>prius</span> <span class='ocrx_word' id='word_1_291' title='bbox 679 2689 750 2715; x_wconf 83' lang='lat' dir='ltr'>dato</span> <span class='ocrx_word' id='word_1_292' title='bbox 769 2688 816 2713; x_wconf 62' lang='grc' dir='ltr'>ΑΞ.</span> <span class='ocrx_word' id='word_1_293' title='bbox 964 2697 1002 2719; x_wconf 87' lang='lat'>13.</span> <span class='ocrx_word' id='word_1_294' title='bbox 1023 2687 1187 2719; x_wconf 73' lang='lat' dir='ltr'>singularis</span> <span class='ocrx_word' id='word_1_295' title='bbox 1200 2687 1241 2712; x_wconf 90' lang='lat' dir='ltr'>B:</span> <span class='ocrx_word' id='word_1_296' title='bbox 1260 2687 1412 2720; x_wconf 76' lang='lat' dir='ltr'>singulare</span> <span class='ocrx_word' id='word_1_297' title='bbox 1430 2687 1497 2714; x_wconf 90' lang='lat' dir='ltr'>AC.</span> <span class='ocrx_word' id='word_1_298' title='bbox 1644 2696 1684 2714; x_wconf 89' lang='lat'>21.</span> <span class='ocrx_word' id='word_1_299' title='bbox 1705 2688 1715 2718; x_wconf 82' lang='grc' dir='ltr'>ΙΙ</span> <span class='ocrx_word' id='word_1_300' title='bbox 1733 2687 1814 2713; x_wconf 81' lang='lat' dir='ltr'>Unde</span> 
     </span>
     <span class='ocr_line' id='line_1_36' title="bbox 481 2720 1298 2755; baseline -0.004 -7"><span class='ocrx_word' id='word_1_301' title='bbox 481 2723 502 2748; x_wconf 79' lang='lat' dir='ltr'>B</span> <span class='ocrx_word' id='word_1_302' title='bbox 517 2724 533 2749; x_wconf 91' lang='lat' dir='ltr'>f.</span> <span class='ocrx_word' id='word_1_303' title='bbox 548 2731 596 2755; x_wconf 86' lang='lat'>219</span> <span class='ocrx_word' id='word_1_304' title='bbox 606 2731 630 2749; x_wconf 90' lang='lat' dir='ltr'>c.</span> <span class='ocrx_word' id='word_1_305' title='bbox 733 2731 773 2747; x_wconf 81' lang='lat'>22.</span> <span class='ocrx_word' id='word_1_306' title='bbox 792 2721 980 2754; x_wconf 76' lang='lat' dir='ltr'>generacione</span> <span class='ocrx_word' id='word_1_307' title='bbox 993 2720 1017 2745; x_wconf 92' lang='lat' dir='ltr'><strong>A</strong></span> <span class='ocrx_word' id='word_1_308' title='bbox 1028 2720 1067 2746; x_wconf 89' lang='lat' dir='ltr'>C:</span> <span class='ocrx_word' id='word_1_309' title='bbox 1085 2721 1254 2752; x_wconf 75' lang='lat' dir='ltr'>gencratz&#39;ve</span> <span class='ocrx_word' id='word_1_310' title='bbox 1268 2720 1298 2745; x_wconf 90' lang='lat' dir='ltr'>B.</span> 
     </span>
    </p>
   </div>
   <div class='ocr_carea' id='block_1_12' title="bbox 735 2777 1577 2820">
    <p class='ocr_par' dir='ltr' id='par_1_18' title="bbox 735 2777 1577 2820">
     <span class='ocr_line' id='line_1_37' title="bbox 735 2777 1577 2820; baseline 0 -10"><span class='ocrx_word' id='word_1_311' title='bbox 735 2789 782 2820; x_wconf 88' lang='lat'>14.</span> <span class='ocrx_word' id='word_1_312' title='bbox 809 2779 848 2809; x_wconf 91' lang='lat' dir='ltr'>R.</span> <span class='ocrx_word' id='word_1_313' title='bbox 868 2778 1066 2819; x_wconf 84' lang='lat' dir='ltr'>FitzRalph⁷</span> <span class='ocrx_word' id='word_1_314' title='bbox 1083 2778 1123 2809; x_wconf 90' lang='lat' dir='ltr'>de</span> <span class='ocrx_word' id='word_1_315' title='bbox 1139 2778 1241 2819; x_wconf 87' lang='lat' dir='ltr'>Paup.</span> <span class='ocrx_word' id='word_1_316' title='bbox 1261 2777 1348 2811; x_wconf 87' lang='lat' dir='ltr'>Salv.</span> <span class='ocrx_word' id='word_1_317' title='bbox 1367 2778 1388 2809; x_wconf 90' lang='lat' dir='ltr'>i.</span> <span class='ocrx_word' id='word_1_318' title='bbox 1409 2787 1444 2810; x_wconf 83' lang='lat'>21</span> <span class='ocrx_word' id='word_1_319' title='bbox 1465 2778 1485 2810; x_wconf 89' lang='lat' dir='ltr'>f.</span> <span class='ocrx_word' id='word_1_320' title='bbox 1504 2788 1524 2820; x_wconf 91' lang='lat'><em>9</em></span> <span class='ocrx_word' id='word_1_321' title='bbox 1543 2786 1577 2810; x_wconf 91' lang='lat' dir='ltr'>D.</span> 
     </span>
    </p>
   </div>
  </div>
 </body>
</html>
