2095 3278
47 185 130 214 eff.
148 174 320 226 xxviii]
582 183 644 214 DE
678 183 919 215 PAUPERIE
952 182 1266 214 SALVATORIS.
1780 181 1836 223 32
1841 183 1864 223 3

154 289 248 330 1213]
263 285 464 320 dominium
483 285 704 329 admisisset,
720 297 802 319 cum
821 286 1020 330 precedens
1039 285 1242 319 dominium
1258 295 1362 318 suum
1375 284 1423 317 ad
1438 294 1583 318 omnem

261 349 383 377 actum
406 343 558 377 dominii
585 344 681 377 circa
703 355 762 377 res
789 343 869 377 illas
891 342 1103 387 possibilem
1129 342 1342 386 plenissime
1367 341 1582 376 suffecisset.

260 401 329 434 Est
362 401 459 435 enim
488 400 742 445 philosophica
769 400 894 444 regula
926 400 1112 442 naturalis,
1140 401 1304 433 Frustra
1330 400 1493 443 ponitur
1512 401 1587 443 per

251 458 372 502 plura
389 459 484 502 fieri
508 458 610 501 quod
629 460 749 502 potest
765 459 859 502 fieri
879 459 953 501 per
964 458 1178 501 paucz'ora;
1211 463 1267 491 set
1291 456 1467 499 intellige,
1491 467 1583 500 eque

229 515 409 557 5faciliter
433 521 467 549 et
495 527 586 560 eque
616 516 800 559 perfecte:
845 515 948 549 Deus
979 521 1103 549 autem
1134 514 1369 558 omnipotens
1397 519 1433 548 et
1463 513 1582 546 omni-

219 576 246 604 O
260 572 405 617 sapiens
426 573 442 592 ’²‘
458 573 569 607 nichil
591 573 665 617 agit
689 573 821 607 frustra
843 578 905 606 aut
929 572 1070 616 recipit.
1119 572 1242 606 Aliam
1261 572 1368 606 huius
1386 571 1436 606 rei
1456 571 1582 615 accipe

258 630 454 664 racionem.

307 688 395 722 IOH.
423 688 482 722 Ad
500 687 753 732 accipiendum
772 698 831 721 me
849 686 1164 732 promptissimum
1183 686 1374 721 exhibebo.

305 746 390 779 RIC.
419 746 512 779 Cum
532 747 634 779 Deus
652 757 708 779 res
727 745 868 789 aliquas
888 745 939 779 sic
957 745 1026 779 sibi
1050 756 1094 779 ex
1116 744 1272 778 aliorum
1296 743 1487 778 oblacione
1507 742 1582 777 sive

41 804 185 844 acquiret
207 812 244 834 M.
259 803 462 837 donacione
481 803 646 847 acquirit,
663 802 703 845 si,
723 802 828 836 sicuti
847 808 967 846 potest
983 802 1096 845 (iuxta
1114 802 1294 846 premissa
1313 801 1357 835 de
1376 800 1582 835 donacione

260 860 359 903 Dei),
379 860 697 903 communicando,
717 860 794 894 sine
818 859 1065 894 diminucione
1090 859 1145 893 sui
1172 858 1337 901 dominii,
1358 859 1419 892 illa
1444 858 1582 891 donata

258 917 327 952 sibi
346 917 498 952 donanti
517 917 646 952 iterato
664 917 853 952 donaverit
871 929 878 960 ;
907 917 1142 961 consequitur
1166 917 1264 961 quod
1289 915 1521 960 permanebit
1544 915 1581 949 in

257 986 301 1009 eo
319 975 523 1009 dominium
542 975 641 1020 prius
664 987 707 1010 ex
731 976 934 1010 donacione
952 975 1051 1009 facta
1069 974 1138 1009 sibi
1157 980 1350 1018 acceptum
1368 987 1375 1015 ;
1405 973 1581 1018 quoniam

258 1034 320 1067 dat
355 1033 516 1067 secundo
550 1039 588 1066 ut
622 1033 740 1077 primo
773 1033 934 1077 donavit,
965 1032 1272 1068 communicando
1309 1029 1475 1076 (scilicet)
1507 1041 1581 1064 non

206 1098 242 1130 15
257 1090 510 1124 transferendo
528 1102 596 1125 nec
615 1090 814 1125 minuendo
841 1102 947 1125 suum
970 1090 1193 1125 dominium:
1226 1096 1262 1124 et
1281 1090 1331 1123 ita
1350 1095 1433 1133 post
1453 1099 1581 1123 secun-

257 1149 344 1182 dam
386 1148 627 1182 donacionem
667 1148 824 1192 amplius
866 1148 1070 1182 dominium
1112 1160 1177 1183 seu
1218 1146 1455 1192 multiplicius
1498 1146 1581 1179 Deo

256 1212 421 1241 remanet
435 1217 545 1250 quam
559 1212 644 1240 ante
655 1206 813 1250 primam
828 1206 1071 1241 donacionem
1083 1207 1256 1249 habebat,
1269 1206 1355 1250 quia
1366 1209 1531 1239 remanet
1547 1203 1580 1237 ei

255 1263 344 1297 illud
359 1263 561 1297 dominium
573 1263 802 1307 acquisitum.
831 1265 915 1298 Hoc
928 1270 1052 1299 autem
1067 1270 1162 1298 stare
1173 1275 1247 1297 non
1261 1268 1393 1307 potest,
1406 1260 1580 1306 quoniam

256 1320 309 1355 sic
339 1321 452 1363 Deus,
485 1322 647 1355 secundo
680 1321 904 1365 acquirendo
938 1328 973 1355 et
1006 1321 1119 1356 tercio
1153 1321 1329 1355 donando
1363 1318 1578 1360 secundum,

203 1391 241 1412 20
256 1389 361 1412 suum
387 1390 524 1412 novum
550 1378 768 1422 acquisitum
795 1379 997 1412 dominium
1022 1378 1215 1421 retineret;
1252 1383 1287 1411 et
1318 1383 1401 1421 post
1427 1376 1579 1411 terciam

254 1435 539 1480 acquisicionem
557 1443 592 1470 et
612 1443 779 1480 quartam
798 1436 1041 1471 donacionem
1058 1437 1210 1470 haberet
1227 1435 1380 1470 tercium
1399 1439 1580 1468 retentum

254 1505 390 1528 novum
411 1493 635 1536 dominium;
663 1500 698 1528 et
724 1494 775 1528 ita
798 1494 939 1528 vicibus
963 1493 1289 1528 innumerabilibus
1307 1491 1580 1537 progrediendo

254 1557 421 1595 respectu
440 1551 604 1585 eiusdem
623 1551 761 1594 donati,
778 1563 923 1596 semper
940 1551 1161 1595 plurificaret
1182 1552 1286 1585 Deus
1307 1562 1371 1584 sua
1390 1548 1577 1583 dominia:

256 1609 353 1652 quod
372 1615 426 1643 est
444 1608 553 1643 nimis
571 1609 783 1652 absurdum,
802 1608 912 1643 nimis
931 1609 1166 1653 superfluum,
1185 1614 1295 1653 atque
1314 1612 1530 1641 monstrum.

201 1732 238 1762 25
303 1723 531 1757 IOHANNES.
560 1723 639 1756 Iam
658 1721 843 1766 inopinate
862 1722 1004 1756 affirmo
1023 1722 1133 1766 quod,
1153 1733 1237 1756 cum
1257 1722 1360 1755 Deus
1382 1731 1447 1764 per
1464 1719 1576 1752 dona-
1591 1718 1775 1752 XXVIII.

43 1791 171 1822 Guilss-
254 1779 397 1814 cionem
425 1791 489 1814 seu
519 1779 760 1824 empcionem,
792 1791 856 1813 seu
886 1779 958 1813 alio
991 1779 1121 1824 quovis
1151 1779 1275 1821 modo,
1306 1789 1384 1812 rem
1415 1776 1577 1821 aliquam

41 1835 136 1864 codd.
160 1835 196 1865 G·
254 1837 417 1871 dominio
446 1849 511 1871 suo
539 1837 706 1881 acquirit,
735 1837 874 1871 nullum
904 1837 1057 1881 acquirit
1093 1848 1156 1871 seu
1190 1835 1319 1880 recipit
1346 1846 1483 1870 novum
1514 1834 1577 1867 do-

39 1887 148 1959 {lgssfa'
166 1888 197 1918 Ρ·
254 1895 419 1938 minium,
440 1895 546 1929 sicuti
565 1895 600 1929 in
617 1895 784 1939 exemplo
804 1906 914 1939 supra
931 1895 1050 1939 posito
1071 1895 1115 1929 de
1136 1894 1335 1929 Guillelmo
1353 1893 1383 1927 si
1403 1893 1480 1937 ipse
1503 1891 1578 1926 suis

37 1963 229 1994 amatoribus
257 1952 495 1987 donatoribus
522 1952 576 1987 ius
604 1952 671 1987 sibi
698 1954 744 1987 ab
768 1953 820 1987 eis
845 1953 1020 1987 collatum
1038 1952 1200 1987 totaliter
1223 1952 1407 1994 refutaret,
1426 1956 1488 1984 aut
1508 1948 1577 1984 sibi

40 2013 70 2037 Β·
204 2032 244 2061 30
258 2011 385 2044 datum
404 2010 641 2045 donatoribus
656 2010 835 2053 redderet,
848 2011 987 2044 nullum
1002 2017 1148 2054 propter
1165 2010 1235 2044 hoc
1254 2009 1354 2043 aliud
1374 2007 1578 2043 dominium

256 2080 366 2113 quam
384 2068 484 2112 prius
503 2069 689 2102 habebant
707 2069 896 2111 haberent,
912 2068 1060 2110 scilicet,
1074 2067 1181 2112 primi
1197 2068 1344 2101 datores
1359 2079 1367 2109 3
1391 2073 1425 2100 et
1442 2067 1489 2099 ob
1507 2066 1578 2098 hoc

258 2126 310 2169 (ut
341 2126 452 2160 michi
478 2126 636 2169 videtur)
664 2126 876 2160 facultatem
905 2125 1051 2160 emendi
1079 2132 1188 2170 atque
1216 2124 1399 2159 vendendi
1431 2123 1467 2157 in
1495 2124 1578 2157 Deo

257 2185 454 2228 compellor
471 2183 614 2228 penitus
632 2185 827 2228 abnegare.

303 2243 528 2276 RICARDUS.
556 2244 642 2276 Non
674 2241 902 2286 compelleris
929 2242 998 2276 nisi
1027 2242 1140 2284 velis3
1177 2241 1352 2286 quoniam
1382 2240 1434 2274 sic
1464 2240 1578 2274 dona·
1593 2244 1706 2282 Buying
1718 2245 1773 2270 and
1787 2245 1847 2270 sell-

200 2311 238 2343 35
253 2300 396 2343 tarium,
428 2300 532 2335 sicuti
563 2306 764 2344 emptorem
792 2306 854 2333 aut
882 2299 1123 2342 venditorem,
1151 2301 1274 2333 Deum
1302 2299 1415 2333 debes
1444 2297 1581 2342 pariter
1592 2278 1777 2344 ξῖξῖῙζΓΞῑῗῖξῗ
1780 2283 1839 2304 tan-

254 2359 462 2402 abnegare:
498 2370 541 2392 ex
570 2369 641 2403 quo
669 2364 744 2391 tam
770 2356 938 2391 vendicio
969 2368 1079 2401 quam
1111 2356 1267 2401 empcio,
1291 2362 1469 2401 quantum
1493 2366 1577 2389 con-

255 2416 371 2451 cernit
396 2416 545 2459 factum,
564 2416 612 2450 ad
639 2417 731 2451 duas
758 2414 921 2449 vicissim
948 2414 1171 2448 donaciones
1198 2413 1442 2458 consequitur,
1466 2413 1578 2447 immo

255 2485 299 2508 ex
331 2474 598 2508 donacionibus
632 2474 774 2507 duabus
808 2472 972 2515 efficitur,
999 2472 1071 2505 hoc
1103 2478 1254 2516 excepto
1288 2472 1387 2516 quod
1421 2471 1578 2505 donacio

31 2539 183 2579 precium
255 2538 402 2577 propter
420 2538 607 2576 receptum
633 2531 744 2575 precii
770 2529 931 2564 nominis
957 2529 1012 2564 sui
1030 2529 1222 2563 formalem
1249 2540 1398 2563 sensum
1416 2528 1575 2563 amittit:

39 2583 153 2631 codri..
235 2601 339 2632 -cum
356 2589 455 2624 enim
474 2601 566 2623 unus
592 2589 656 2622 dat
683 2588 782 2622 socio
809 2599 875 2622 suo
901 2599 966 2632 pro
991 2597 1089 2631 pane
1115 2586 1322 2631 pecuniam,
1342 2586 1400 2620 ille
1425 2592 1578 2620 econtra

38 2630 186 2697 Zm²tt²t³
209 2636 241 2655 αἶ
257 2648 320 2681 dat
338 2659 402 2691 pro
420 2647 576 2691 pecunia
599 2647 648 2680 illi
670 2658 802 2691 panem
821 2659 829 2687 ;
861 2652 896 2680 et
922 2645 971 2679 ita
997 2651 1148 2689 uterque
1170 2656 1235 2688 per
1254 2645 1345 2677 duas
1364 2644 1443 2677 illas
1462 2644 1577 2679 dona-

65 2692 71 2699 .
257 2705 379 2739 ciones
405 2705 443 2739 fit
468 2711 622 2748 emptor,
642 2710 791 2748 uterque
818 2704 857 2737 fit
875 2703 1064 2737 venditor:
1096 2714 1169 2736 non
1196 2702 1294 2736 enim
1320 2701 1472 2735 dubium
1490 2701 1577 2745 quin

257 2762 501 2797 commutacio
519 2774 639 2797 rerum
658 2762 734 2797 sine
753 2761 908 2806 pecunia
932 2767 986 2795 est
1006 2772 1091 2795 vera
1113 2760 1257 2805 empcio
1279 2766 1388 2804 atque
1407 2758 1576 2794 vendicio

883 2835 911 2864 Y
937 2837 959 2865 2
