2008 3305
41 217 129 246 cAP.
151 203 255 256 xiv]
570 208 636 240 DE
669 208 911 241 PAUPERIE
945 207 1258 242 SALVATORIS.

166 321 241 363 6D]
258 325 367 360 quem
393 314 497 348 Deus
522 312 644 356 efficit,
663 318 896 355 remaneret3
924 312 1024 357 quod
1055 312 1391 348 contradiccionem
1419 313 1583 350 includit.

258 373 424 407 Econtra
441 371 552 415 igitur
568 370 817 405 adnichilacio
836 382 910 404 non
927 377 983 405 est
1002 376 1118 404 actus.

307 431 397 465 IOH.
426 428 581 464 Gaudeo
599 428 699 473 quod
717 429 789 462 hoc
812 439 948 472 negare
975 439 1048 462 non
1073 440 1235 473 possum.
1289 430 1353 464 Set
1372 429 1460 474 quid
1478 428 1582 464 adni-

257 486 414 522 chilacio
432 486 505 520 dici
524 485 652 531 possit,
670 497 745 520 non
763 485 883 521 video.

224 566 241 598 5
304 546 390 580 RIC.
419 545 572 578 Frustra
590 543 711 588 queris
731 543 817 588 quid
835 543 873 577 id
888 543 946 585 sit,
959 543 1058 588 quod
1070 543 1209 577 nullam
1224 544 1337 579 habet
1349 544 1557 579 essenciam
1573 557 1581 589 ;

256 602 286 638 si
304 609 430 637 tamen
456 601 544 647 quid
570 601 730 636 nominis
757 601 833 635 eius
861 601 955 636 scire
981 602 1184 645 desideras,
1211 613 1309 646 ecce,
1336 602 1582 638 adnichilacio

254 667 310 695 est
337 659 546 695 subtraccio
576 659 699 694 divine
724 659 890 694 custodie
917 659 993 693 sive
1020 659 1263 694 sustentantis
1290 660 1474 705 potencie.
1524 663 1582 696 Ex

254 730 327 763 quo
345 719 444 752 vales
479 729 682 761 agnoscere
707 724 832 752 actum
866 717 1152 752 sustentacionis
1179 717 1256 752 sive
1283 719 1583 755 conservacionis

254 787 375 811 rerum
393 788 415 810 a
434 776 529 819 Deo,
549 776 595 810 de
621 787 694 820 quo
721 786 833 819 supra
857 775 1109 819 tractavimus,
1128 776 1227 820 quod
1245 782 1300 811 est
1318 788 1439 811 rerum
1458 789 1480 811 a
1499 778 1582 812 Deo

204 849 243 870 10
255 846 342 869 vera
371 833 571 878 possessio.
623 834 684 867 De
716 844 788 878 quo
817 839 902 867 actu
932 839 1022 878 puto
1050 840 1136 878 apte
1167 845 1278 878 posse
1309 834 1464 879 intelligi
1493 836 1583 870 illud

259 892 339 926 Ioh.
356 904 390 926 v.
413 899 464 934 17,
483 892 603 925 Pater
617 902 720 925 meus
736 901 852 935 usque
868 891 974 926 modo
991 894 1178 936 operatur,
1197 895 1233 925 et
1247 903 1313 938 ego
1326 895 1458 937 operor
1470 906 1483 928 .·
1507 905 1582 928 non

256 950 352 991 dico,
380 961 464 984 curn
493 949 705 984 exclusione
733 955 838 983 actus
867 960 932 983 seu
961 949 1082 994 operis
1110 950 1353 994 gubernandi,
1379 957 1433 986 set
1464 957 1503 986 ut
1531 951 1582 986 ibi

256 1014 408 1052 uterque
423 1014 527 1042 actus
542 1007 716 1041 innuatur
734 1018 742 1050 3
768 1007 941 1052 quoniam
955 1009 1059 1042 Deus
1072 1007 1124 1042 ita
1138 1007 1309 1043 continue
1321 1015 1493 1054 operatur
1504 1021 1582 1044 rem

256 1076 418 1109 omnem,
437 1065 531 1100 sicut
550 1065 605 1099 sol
623 1076 707 1100 eam
725 1076 836 1110 quam
855 1065 892 1099 in
906 1065 1094 1109 diaphono
1105 1066 1217 1100 efficit
1235 1067 1356 1101 lucem
1371 1078 1379 1109 ;
1407 1067 1583 1112 quoniam

41 1125 132 1156 1Cor
149 1123 242 1156 xii.6.
260 1124 452 1168 Operatur
478 1124 604 1157 omnia
633 1124 675 1157 in
701 1124 870 1157 omnibus
897 1130 932 1158 et
960 1125 1007 1158 In
1035 1125 1115 1168 ipso
1141 1126 1267 1159 omnia
1293 1127 1500 1160 consistunt
1528 1137 1583 1161 se-

38 1185 112 1218 Col.
129 1185 150 1216 i.
169 1190 218 1225 17.
258 1181 421 1216 cundum
446 1182 666 1225 apostolum.
717 1181 766 1215 Et
796 1182 843 1215 ob
871 1181 943 1215 hoc
971 1181 1023 1215 ita
1053 1182 1157 1216 Deus
1185 1182 1299 1217 habet
1327 1183 1583 1218 adnichilandi

257 1238 480 1284 potenciam,
501 1239 596 1273 sieut
614 1239 726 1273 habet
743 1238 953 1283 potenciam
973 1240 1228 1283 conservandi,
1247 1240 1410 1285 intellige
1427 1242 1527 1286 quod
1545 1241 1582 1276 in

38 1296 84 1328 ad
101 1296 188 1328 nich.
204 1303 236 1327 B.
260 1298 343 1331 Deo
366 1303 423 1331 est
442 1296 614 1341 potencia
640 1296 826 1331 sufficiens
852 1297 929 1332 sive
951 1298 1109 1332 facultas
1137 1299 1186 1332 ad
1215 1298 1521 1334 adnichilandum
1552 1299 1582 1335 si

186 1368 207 1398 7
210 1367 244 1395 A
257 1353 401 1398 vellet,*
419 1354 587 1399 quamvis
600 1354 858 1399 adnichilacio,
877 1366 947 1400 que
965 1355 1040 1390 odii
1058 1367 1142 1390 esse
1159 1356 1316 1401 videtur,
1333 1358 1415 1392 Deo
1428 1358 1472 1392 de
1484 1358 1583 1392 facto

39 1419 183 1451 odiiom
201 1427 241 1451 Μ,
257 1419 406 1458 propter
440 1423 546 1447 suam
578 1412 871 1457 omnipotentem
900 1413 1107 1448 bonitatem
1140 1425 1215 1448 non
1243 1421 1444 1459 congruat3
1484 1415 1583 1450 iuxta

256 1471 345 1506 illud
365 1472 451 1516 Sap.
468 1470 515 1505 xi.
535 1478 590 1515 25,
618 1471 701 1506 Deo
729 1470 878 1514 dictum,
897 1472 1045 1517 Diligis
1069 1474 1167 1506 enim
1191 1475 1316 1508 omnia
1341 1485 1411 1518 que
1436 1478 1527 1508 sunt
1549 1477 1586 1508 et

255 1529 377 1564 nichil
390 1530 505 1563 odisti
518 1540 645 1563 eorum
660 1540 731 1573 que
735 1530 888 1574 fecisti:
908 1541 977 1564 nec
988 1530 1134 1565 videtur
1146 1530 1179 1565 ei
1197 1543 1308 1576 posse
1321 1533 1518 1567 convenire
1537 1533 1583 1567 de

255 1587 364 1630 facto,
400 1586 487 1632 quia
516 1597 659 1622 summe
688 1586 844 1622 bonitati
874 1594 1067 1633 repugnat,
1095 1588 1188 1624 sicut
1216 1589 1341 1624 statim
1366 1591 1583 1636 subscriptis

257 1644 469 1679 racionibus
487 1645 715 1679 ostendetur.

205 1718 244 1749 25
307 1703 397 1737 IOH.
426 1701 604 1747 Quamvis
622 1702 849 1737 adnichilare
868 1703 940 1738 Dei
957 1703 1112 1739 bonitati
1131 1704 1178 1739 de
1196 1704 1294 1740 facto
1311 1716 1385 1740 non
1404 1712 1583 1750 congruat

257 1771 327 1795 nec
356 1766 479 1805 potest
506 1771 719 1804 congruere,
745 1760 1008 1796 nichilominus
1034 1762 1155 1796 libens
1181 1762 1387 1807 acciperem
1412 1764 1584 1809 numquit

257 1817 517 1861 adnichilacio,
546 1817 576 1852 si
611 1820 714 1853 Deus
742 1830 827 1853 eam
857 1819 902 1854 de
933 1830 1000 1854 sua
1029 1820 1303 1865 omnipotencia
1335 1828 1531 1865 exerceret,
1561 1834 1585 1857 a

258 1876 383 1911 divino
402 1876 568 1911 dominio
585 1877 802 1921 procederet
820 1888 828 1920 ;
855 1883 894 1912 ut
913 1877 964 1912 ita
981 1889 1183 1922 agnoscam
1208 1879 1390 1925 numquid
1414 1880 1583 1915 adnichi-

257 1933 351 1969 lacio
369 1933 464 1969 inter
480 1940 585 1969 actus
603 1934 758 1969 dominii
777 1935 911 1970 debeat
928 1935 1125 1971 numerari.

1781 215 1862 256 299

204 1998 246 2030 30
304 1993 393 2027 RIC.
419 1992 677 2027 Adnichilacio
703 2005 726 2027 a
751 1993 877 2027 divino
905 1992 1067 2028 dominio
1092 2005 1329 2040 nequaquam
1355 1996 1581 2041 procederet,
1595 2001 1687 2028 which
1700 2002 1723 2028 is
1736 2009 1772 2027 no
1784 2007 1830 2028 act

259 2176 373 2199 causa
389 2164 476 2209 alia,
488 2176 564 2200 non
581 2177 604 2200 a
622 2165 786 2200 dominio
799 2166 878 2201 eius
893 2167 1070 2211 efficitur3
1098 2169 1267 2213 quamvis
1282 2169 1401 2214 ipsam
1415 2169 1585 2204 adnichi-

258 2223 443 2257 lacionem
477 2222 555 2258 eius
590 2223 763 2258 dominus
796 2235 862 2269 per
896 2236 1002 2259 suam
1035 2227 1246 2270 potenciam
1280 2218 1436 2270 exercet,
1465 2227 1585 2262 eciam

206 2284 244 2316 35
259 2292 403 2315 summe
417 2280 523 2324 iuste,
536 2280 712 2325 quoniam
726 2282 901 2316 dominus
914 2288 949 2316 et
963 2284 1174 2318 dominium
1188 2297 1210 2318 a
1223 2285 1329 2319 domo
1341 2286 1585 2327 descendunt,

259 2349 303 2373 eo
331 2338 431 2383 quod
458 2338 632 2373 dominus
658 2346 807 2383 propter
832 2339 1036 2374 dominium
1062 2349 1183 2386 preest
1210 2342 1362 2377 domui:
1382 2343 1481 2377 unde
1501 2344 1585 2378 Deo

259 2402 481 2439 congruunt,
501 2407 545 2430 eo
571 2397 670 2441 quod
697 2396 823 2431 domui
850 2408 915 2432 sue
940 2398 1076 2442 presit3
1106 2400 1151 2433 de
1173 2411 1245 2444 qua
1263 2400 1444 2443 scribitur,
1464 2402 1585 2435 Baruc

259 2453 306 2487 iii.
328 2463 383 2497 24,
407 2454 437 2488 0
454 2454 584 2496 lsrael,
612 2465 724 2498 quam
746 2465 886 2499 magna
910 2459 965 2489 est
988 2457 1119 2490 domus
1143 2457 1228 2491 Dei.
1280 2459 1434 2492 Constat
1460 2465 1585 2493 autem

259 2511 360 2555 quod
385 2511 434 2545 ad
460 2511 622 2546 officium
648 2511 869 2556 presidentis
896 2513 973 2548 sive
1000 2515 1163 2549 custodis
1188 2526 1255 2559 per
1280 2527 1319 2550 se
1345 2516 1585 2561 consumpcio

204 2578 247 2610 40
259 2568 371 2612 plena
396 2580 518 2603 rerum
544 2581 619 2603 non
630 2570 813 2614 pertinet,
838 2577 894 2605 set
923 2571 1052 2615 pocius
1080 2572 1245 2617 ipsarum
1275 2584 1396 2608 rerum
1427 2575 1584 2619 aptacio‚

42 2628 72 2655 et
87 2624 210 2655 addidi·
259 2625 380 2660 tocius
409 2626 541 2660 domus
571 2626 739 2661 ordinem
767 2634 804 2662 et
830 2639 887 2662 res
914 2629 1140 2664 domesticas
1166 2630 1434 2666 conservando.
1485 2632 1584 2676 Quo-

43 2713 222 2740 cd=causa
259 2683 372 2717 modo
389 2683 508 2718 eciam
526 2684 631 2718 aliter
647 2696 774 2719 verum
792 2692 901 2728 esset,
918 2686 1053 2720 Parcis
1076 2691 1199 2721 autem
1217 2689 1385 2722 omnibus
1407 2691 1585 2733 quoniam

44 2760 95 2784 M:
119 2757 187 2784 tam
205 2761 236 2784 Β,
259 2743 327 2774 tua
359 2744 450 2779 sunt
483 2740 585 2786 (Sap.
619 2741 665 2776 xi.
699 2741 771 2785 27),
802 2742 832 2776 si
867 2743 1073 2778 dominium
1106 2751 1204 2779 esset
1237 2746 1439 2791 aliquando
1471 2758 1584 2781 causa

44 2796 180 2827 nocendo
197 2804 234 2827 M·
261 2798 450 2833 dominato
468 2799 627 2834 nocendi
646 2799 724 2834 sine
742 2800 939 2835 commodo
958 2801 1208 2837 dominantis?
1237 2804 1340 2848 Item,
1353 2805 1450 2839 nulla
1461 2804 1583 2840 activa
1597 2814 1629 2839 2.

257 2056 296 2084 ut
315 2049 406 2083 mihi
425 2049 578 2084 videtur.
631 2050 740 2094 Quod
758 2050 857 2085 enim
874 2051 926 2086 rei
945 2051 1132 2087 dominate
1156 2060 1212 2087 est
1237 2054 1386 2088 noxium
1413 2061 1449 2089 et
1471 2055 1582 2090 abso·
1595 2036 1792 2103 fgrggfflfme

257 2109 332 2142 lute
348 2113 445 2142 extat
469 2107 519 2141 illi
545 2107 684 2150 inutile,
711 2119 780 2143 nec
805 2108 1003 2144 utilitatem
1027 2110 1134 2145 affert
1158 2110 1321 2156 aliquam
1339 2111 1543 2147 dominanti
1562 2124 1584 2146 a
1602 2114 1630 2139 1.
