2008 3305
248 208 334 237 CAP.
352 193 411 252 v.]
717 205 861 237 LIBER
893 205 1117 238 TERTIUS.
1768 204 1849 248 245

130 324 229 366 85B]
244 321 412 370 sequitur
440 326 566 357 creata
594 321 723 370 gracia
754 332 832 358 non
862 321 908 358 sit
937 321 975 358 in
1006 320 1175 358 hominis
1208 325 1408 370 potestate,
1438 326 1569 358 tamen

242 391 370 439 gracia
399 390 460 427 illa
488 397 614 428 creata
643 391 899 428 convertibilis
930 392 1020 428 satis
1050 391 1222 428 subiacet
1251 391 1382 440 quoad
1412 404 1570 439 genera-

242 461 408 506 cionem,
423 461 736 503 exstinccionem,
751 468 1002 510 augmentum
1017 461 1074 498 vel
1092 461 1380 499 decrementum
1401 461 1569 499 hominis

201 541 230 571 G
242 531 429 580 potestati.
469 531 596 568 Prima
612 543 699 580 pars
723 538 827 580 patet
847 544 894 568 ex
917 532 1024 569 dictis
1041 530 1059 550 *
1078 532 1125 569 de
1141 532 1328 570 volicione
1346 532 1418 570 Dei
1438 540 1570 571 eterna
1582 539 1601 565 i.
1622 547 1657 565 no
1670 548 1763 578 power
1775 549 1841 566 over

210 613 228 645 5
243 613 357 650 super
376 613 493 651 quam
513 601 628 639 nichil
647 602 785 651 poterit
806 602 1019 648 dominari3
1049 609 1086 640 et
1108 602 1213 652 quod
1244 603 1307 641 illa
1326 603 1438 641 infert
1463 617 1568 642 crea·
1581 580 1840 634 {fffflffffissffigd

239 679 317 709 tam
337 672 506 721 graciam
535 678 639 721 patet
659 685 707 709 ex
736 672 811 710 hoc
837 672 943 722 quod
972 685 1052 711 non
1081 679 1208 722 potest
1228 686 1310 711 esse
1333 674 1439 724 quod
1460 674 1568 712 Deus
1581 641 1849 672 gracemhelssue⁹

238 742 326 779 velit
346 742 558 791 gratificare
579 749 794 780 creaturam
823 742 981 780 liberam
1010 743 1081 781 nisi
1110 756 1181 793 pro
1212 756 1281 781 suo
1302 751 1475 794 ternpore
1506 745 1569 782 fiet

238 820 356 863 grata.
414 813 507 851 Non
531 824 624 862 ergo
644 819 807 862 oportet,
829 813 859 850 si
889 814 962 850 sint
990 813 1067 851 duo
1097 815 1367 860 convertibilia,
1389 821 1426 852 et
1447 827 1569 852 unum

239 884 409 921 subiacet
442 883 620 933 potestati
648 883 733 929 Dei,
763 891 854 921 tunc
883 890 920 921 et
952 884 1125 933 reliqum,
1156 885 1247 933 quia
1276 884 1441 922 duorum
1475 898 1568 923 con-

188 963 226 987 10
238 954 461 992 vertibilium
490 966 610 991 unum
639 960 696 991 est
724 960 894 991 creatura
923 955 1091 992 subiecta
1112 954 1187 992 Dei
1215 955 1387 993 dominio
1407 963 1445 993 et
1465 956 1567 993 aliud

236 1037 317 1062 non
347 1025 398 1063 sic
431 1031 557 1074 potest
585 1024 716 1071 subici,
747 1037 836 1062 cum
866 1025 912 1062 sit
944 1032 1077 1063 eterna
1110 1026 1250 1064 relacio
1283 1027 1458 1065 racionis.
1517 1027 1836 1090 Et{³1;e¹³1¹{{,{}{¹y⁰vet

235 1102 339 1146 patet
359 1095 528 1134 secunda
548 1108 636 1145 pars
658 1108 705 1133 eo
726 1095 830 1145 quod
859 1095 979 1133 homo
1007 1103 1134 1145 potest
1156 1096 1377 1145 dignificare
1408 1109 1449 1135 se
1477 1105 1567 1147 post

235 1167 404 1217 previam
428 1167 597 1216 graciam
617 1173 659 1204 ut
678 1166 786 1204 Deus
812 1166 852 1203 in
882 1167 965 1215 ipso
985 1173 1141 1216 generet
1162 1167 1372 1204 secundam
1393 1168 1566 1217 graciam

234 1238 293 1275 vel
314 1245 575 1287 augmentum,
597 1244 634 1275 et
654 1250 722 1286 per
742 1249 984 1286 consequens
1004 1237 1124 1275 homo
1143 1243 1269 1286 potest
1288 1238 1427 1275 mereri
1447 1251 1565 1287 gene-

185 1319 222 1351 15
236 1308 430 1346 racionem
461 1308 518 1345 vel
549 1314 801 1358 augmentum
834 1307 1002 1344 secunde
1033 1308 1171 1357 gracie,
1202 1314 1239 1345 et
1268 1321 1336 1357 per
1367 1308 1468 1346 idem
1498 1309 1564 1347 de-

234 1379 370 1416 mereri
389 1386 514 1428 potest
534 1378 835 1416 exstinccionem
850 1377 908 1415 vel
929 1377 1229 1415 diminucionem
1250 1379 1417 1417 secunde
1437 1380 1563 1429 gracie

234 1450 301 1487 sed
322 1462 402 1487 non
422 1450 555 1499 prime.

286 1519 501 1558 Difficultas
535 1527 663 1557 tamen
693 1519 820 1569 logica
864 1526 921 1558 est
954 1520 1051 1558 inter
1083 1520 1297 1570 theologos,
1333 1527 1460 1558 utrum
1492 1528 1565 1560 stet
1577 1537 1599 1560 3·
1622 1528 1790 1587 Cafaman
1804 1529 1832 1556 in

232 1591 415 1628 viatorem
435 1603 506 1640 pro
526 1597 701 1639 tempore
721 1603 799 1640 quo
819 1598 876 1628 est
895 1591 935 1627 in
956 1591 1107 1628 mortali
1136 1598 1298 1640 peccato
1324 1593 1461 1629 mereri
1491 1593 1562 1630 sibi
1576 1564 1790 1629 ἑὲῗῑῗεῗὲἶεάῗ-

180 1673 220 1695 20
232 1661 402 1710 graciam
422 1673 445 1698 a
464 1673 540 1711 qua
560 1660 700 1698 decidit
728 1661 766 1697 in
795 1661 1007 1709 peccando.
1064 1660 1114 1698 Et
1134 1662 1281 1699 videtur
1309 1662 1427 1699 michi
1454 1663 1563 1711 quod

232 1733 286 1769 sic
313 1731 398 1781 quis
424 1738 606 1781 peccator
633 1731 831 1769 atterendo
860 1743 900 1769 se
924 1732 1050 1780 ipsum
1078 1743 1149 1781 pro
1179 1732 1319 1769 scelere
1350 1733 1562 1770 commisso

230 1802 320 1840 facit
350 1815 391 1840 se
425 1814 507 1840 esse
539 1802 700 1851 dignum
734 1809 775 1839 ut
812 1802 919 1839 Deus
957 1802 1084 1851 ipsum
1123 1802 1289 1840 remittat
1321 1809 1358 1840 et
1391 1804 1562 1852 graciam

229 1873 415 1911 infundat.
471 1873 625 1922 Duplex
660 1880 789 1910 tamen
829 1873 926 1910 solet
963 1884 1047 1910 esse
1086 1873 1287 1910 distinccio
1328 1873 1376 1910 de
1410 1874 1558 1920 mereri,
1572 1895 1599 1912 a.
1618 1886 1705 1912 Merit
1718 1885 1741 1912 is
1754 1886 1843 1913 either

230 1944 384 1991 scilicet,
405 1944 677 1982 antecedenter
696 1950 733 1981 et
749 1943 992 1993 incomplete,
1014 1943 1071 1980 vel
1092 1950 1375 1992 consequenter
1395 1950 1432 1981 et
1452 1957 1559 1982 com·
1575 1953 1591 1992 ξ.
1608 1954 1776 1980 antecedent
1785 1955 1841 1980 and

178 2029 217 2061 25
232 2015 341 2064 plete.
397 2014 681 2053 Antecedenter
709 2020 747 2051 et
774 2014 1018 2063 incomplete,
1048 2013 1207 2063 quando
1241 2020 1424 2063 peccator
1456 1988 1753 2052 attri-lncompleoe¹

181 2086 341 2123 Deione
370 2085 458 2122 facit
488 2097 527 2122 se
557 2098 640 2123 esse
669 2084 798 2134 post*
820 2085 981 2134 dignum
1011 2085 1060 2122 ad
1089 2085 1293 2134 premium.
1350 2085 1402 2122 Et
1423 2085 1561 2123 dicitur

228 2156 472 2205 incompleta,
500 2156 589 2206 quia
619 2156 746 2194 adhuc
776 2155 950 2193 nondum
980 2162 1037 2193 est
1067 2156 1205 2204 dignus
1234 2162 1442 2205 antequam
1474 2169 1560 2195 suc-

228 2226 339 2264 cedat
365 2227 558 2273 contricio,
587 2226 625 2263 id
654 2233 722 2272 est,
744 2226 935 2265 sufficiens
955 2227 1005 2264 ad
1025 2227 1289 2264 deleccionem
1311 2228 1559 2276 displicencia

228 2298 276 2335 de
306 2304 478 2346 peccato.
537 2297 614 2335 Sed
647 2298 824 2334 meritum
854 2309 1097 2347 consequens
1131 2304 1167 2335 et
1199 2298 1436 2347 completum
1471 2311 1556 2347 pre·
1569 2280 1603 2330 fif
1617 2310 1789 2337 consequent

174 2377 215 2408 30
229 2368 412 2417 supponit
431 2369 612 2417 graciam,
635 2374 671 2405 et
691 2368 794 2405 addit
814 2374 942 2405 actum
972 2368 1207 2406 meritorium
1236 2381 1304 2418 per
1325 2381 1440 2419 quem
1468 2370 1557 2406 sub·
1570 2339 1626 2364 and
1640 2339 1787 2372 complete·

227 2439 366 2476 iectum
388 2439 433 2476 sit
453 2439 564 2475 simul
586 2439 745 2487 dignum
765 2439 814 2476 ad
834 2439 1034 2487 premium.

279 2509 331 2546 Et
351 2509 405 2547 sic
426 2509 660 2558 intelligendi
685 2515 772 2546 sunt
793 2509 970 2547 doctores
995 2509 1059 2558 qui
1089 2509 1221 2547 dicunt
1250 2509 1398 2546 nullum
1429 2517 1557 2549 actum
1569 2519 1592 2545 b.
1614 2520 1809 2546 Grosseteste's

260 2639 282 2662 3.
303 2629 517 2656 decrementum
531 2630 570 2656 B:
590 2630 802 2656 detrimentum
815 2629 880 2657 AC.
1045 2639 1085 2662 23.
1107 2629 1251 2662 infundat
1264 2630 1305 2656 A:
1323 2629 1443 2662 fundat
1457 2630 1479 2655 B
1490 2630 1521 2657 C.

270 2735 319 2764 18.
345 2734 399 2766 Cf.
416 2734 456 2765 de
477 2735 537 2765 civ.
561 2735 660 2766 Dom.
679 2734 699 2766 i.
720 2744 735 2765 2
754 2745 810 2776 pp.
831 2743 868 2775 13
886 2745 983 2776 seqq„
1002 2734 1067 2766 and
1085 2734 1140 2766 the
1158 2744 1296 2776 passage
1313 2733 1397 2774 from
1421 2735 1554 2767 Grosse-

225 2789 309 2818 teste
325 2785 415 2818 there
432 2786 564 2827 quoted.
