2008 3305
152 182 238 213 200

153 1223 176 1239 1.
197 1212 302 1246 Giving
314 1213 385 1239 does

151 1252 200 1272 not
214 1246 381 1279 necessarily

152 1280 263 1306 involve
274 1280 389 1306 abdica-

151 1313 210 1339 tion
224 1323 255 1339 or
267 1313 420 1340 alienation

150 1348 184 1374 of
192 1347 326 1381 lordship.

352 1440 384 1459 a·

830 176 895 209 DE
927 175 1149 209 DOMINIO
1181 175 1360 208 D1V1No
1600 162 1704 223 [CAP.
1729 177 1755 206 1.

429 294 521 331 alem
551 293 599 330 da
628 293 731 330 nobis
758 293 862 331 hodie
880 309 892 332 :
921 299 958 331 et
987 292 1082 330 infra
1111 292 1281 342 capitulo
1310 292 1485 341 septimo,
1507 291 1557 329 Si
1580 305 1654 337 vos,
1674 304 1754 328 cum
1772 293 1871 336 [6913

429 365 511 402 sz'tz‘s
541 364 642 410 mali,
674 364 789 401 noslz‘s
817 363 908 401 bona
938 364 1026 401 data
1060 364 1150 401 dare
1171 364 1272 413 filiis
1300 363 1442 408 vestris,
1472 366 1607 411 quanto
1637 363 1759 410 magis

428 435 549 472 Pater
573 439 699 481 vester,
730 435 800 483 qui
827 436 867 471 in
896 435 981 471 celis
1010 438 1069 480 est,
1104 434 1210 471 dabit
1230 433 1322 471 bona
1339 434 1541 482 petentibus
1569 446 1616 471 se.
1674 432 1758 470 Nee

429 506 504 543 hoc
524 505 617 543 verti
646 506 686 542 in
716 505 889 551 dubium,
912 516 1003 542 cum
1033 505 1078 542 sit
1108 504 1406 542 demonstrabile
1436 504 1542 554 quod
1571 503 1761 554 quidquid

429 576 537 614 Deus
570 576 731 614 adextra
760 576 986 625 produxerit
1015 582 1072 613 est
1101 575 1212 612 alicui
1241 581 1375 612 nature
1403 575 1463 613 vel
1495 573 1760 612 communitati
1775 581 1802 615 5,

429 647 675 696 graciosum;
723 652 760 683 et
798 646 1108 695 propriissimum
1156 646 1301 683 donum
1350 645 1436 691 Dei,
1485 645 1576 694 quia
1613 644 1762 682 videtur

428 718 600 755 maxime
630 716 803 766 elongari
833 729 855 754 a
884 717 1040 754 racione
1061 716 1264 762 donabilis,
1287 716 1431 754 donata
1450 715 1519 753 fuit
1538 715 1699 761 homini,
1720 721 1762 752 ut

427 795 534 838 patet
554 788 754 838 posterius.
812 787 952 826 Omnis
971 800 1065 837 ergo
1086 794 1270 833 creatura,
1290 799 1379 824 cum
1395 787 1593 824 ordinatur
1613 792 1762 824 eterna-

430 859 514 896 liter
534 872 557 896 a
576 858 663 896 Deo
688 858 770 896 dari
795 858 899 896 alteri
924 865 1108 904 creature,
1130 870 1205 907 que
1229 857 1345 907 plena
1370 858 1544 895 servitute
1566 857 1652 895 Deo
1673 857 1762 894 sub-

429 930 554 975 icitur,
571 936 780 979 antequam
801 929 960 978 recipiat
980 929 1055 966 tale
1072 929 1215 975 datum,
1231 935 1336 978 patet
1355 928 1471 977 quod,
1493 928 1590 965 sicut
1612 927 1761 977 singula
1780 940 1819 961 10

430 1007 561 1038 creata
595 1006 685 1038 sunt
717 999 899 1050 specialia
929 999 1033 1037 dona
1062 999 1148 1045 Dei,
1179 999 1233 1037 sic
1262 999 1372 1036 Deus
1401 1011 1483 1036 non
1516 1004 1645 1047 potest
1673 997 1763 1035 dare

430 1071 576 1121 aliquid
597 1077 767 1109 creature
796 1070 869 1107 nisi
898 1070 1089 1107 liberrime
1113 1070 1206 1107 illud
1226 1069 1440 1107 donaverit.
1497 1069 1575 1107 Sed
1601 1081 1673 1107 nec
1694 1069 1765 1106 ista

432 1142 630 1181 conclusio
650 1141 743 1179 verti
764 1141 879 1179 debet
899 1141 938 1178 in
959 1141 1131 1178 dubium.

486 1213 536 1250 Et
562 1219 667 1262 patet
693 1212 919 1262 ignorancia
947 1211 1270 1261 philosophorum
1300 1212 1414 1249 nimis
1446 1223 1581 1260 grosse
1611 1211 1764 1260 sapien-

432 1284 550 1330 cium,
582 1283 648 1333 qui
676 1289 816 1332 putant
845 1282 951 1332 quod
981 1282 1183 1320 abdicacio
1211 1282 1271 1320 vel
1300 1282 1488 1320 alienacio
1515 1281 1765 1331 consequitur
1780 1291 1819 1323 15

431 1355 481 1392 ad
512 1354 712 1404 quodlibet
745 1353 905 1403 plenum
940 1353 1111 1400 donum;
1154 1353 1213 1391 vel
1247 1353 1354 1390 aliter
1385 1352 1491 1402 quod
1526 1352 1674 1390 donum
1707 1352 1766 1389 vel

431 1426 564 1463 datum
593 1424 669 1462 Dei
692 1436 773 1461 non
799 1423 915 1461 habet
936 1424 1134 1461 racionem
1160 1424 1357 1473 propriam
1377 1424 1455 1461 veri
1476 1423 1579 1461 doni.
1636 1422 1765 1461 Nichil

433 1497 540 1535 enim
560 1502 734 1533 creatum
763 1500 891 1545 potest
911 1495 1063 1532 excludi
1082 1507 1105 1532 a
1125 1495 1254 1532 divino
1284 1495 1455 1541 servicio,
1483 1494 1583 1545 quia,
1605 1507 1652 1532 eo
1679 1494 1766 1544 ipso

433 1567 539 1617 quod
566 1573 635 1612 est,
656 1565 765 1604 Deus
785 1566 857 1615 ipsi
884 1566 1105 1615 plenissime
1127 1565 1358 1612 dominatur,
1379 1572 1420 1602 ut
1445 1571 1550 1614 patet
1580 1565 1766 1614 superius.

433 1638 514 1684 Qui
531 1638 636 1675 enim
650 1637 793 1686 aliquid
814 1636 934 1674 donat
956 1648 1067 1674 servo
1088 1647 1160 1673 suo
1184 1648 1265 1673 non
1285 1636 1424 1673 alienat
1450 1635 1543 1673 illud
1562 1648 1585 1673 a
1606 1648 1646 1673 se
1666 1635 1767 1685 ipso,
1783 1651 1824 1672 20

434 1721 529 1747 cum
563 1720 676 1746 suum
711 1708 759 1745 sit
795 1706 1017 1757 plenissime
1049 1706 1236 1757 quidquid
1274 1706 1453 1744 habuerit
1484 1718 1614 1743 servus
1652 1718 1767 1752 suus;

434 1785 540 1829 patet
560 1791 653 1828 ergo
674 1778 779 1828 quod
800 1790 880 1815 non
900 1784 958 1815 est
977 1777 1158 1827 possibile
1179 1777 1323 1826 aliquid
1343 1778 1480 1815 servire
1501 1784 1674 1815 creature
1694 1776 1768 1814 nisi

437 1848 512 1887 *de
533 1856 641 1887 tanto
662 1847 912 1899 principalius
932 1848 1067 1886 serviat
1087 1848 1274 1896 Creatori,
1291 1853 1328 1885 et
1342 1860 1412 1897 per
1432 1859 1675 1898 consequens
1695 1847 1810 1885 nisio

436 1921 597 1959 Creator
617 1920 744 1958 eidem
763 1919 975 1969 capitaliter
987 1918 1217 1956 dominetur.
1274 1918 1385 1956 Idem
1406 1919 1520 1968 igitur
1535 1924 1592 1956 est
1613 1918 1769 1956 credere

435 1999 652 2030 creaturam
673 2003 757 2029 esse
778 1997 884 2028 extra
900 1989 1072 2027 divinum
1094 1989 1321 2035 dominium,
1334 1996 1372 2027 et
1390 1990 1515 2038 ipsam
1535 2001 1604 2038 per
1624 2001 1664 2027 se
1686 2001 1768 2027 esse
1784 1997 1823 2029 25

437 2064 518 2101 sine
539 2063 666 2100 divina
695 2061 974 2099 conservancia
988 2061 1047 2098 vel
1071 2061 1314 2106 causacione,
1337 2060 1442 2110 quod
1471 2059 1682 2098 formaliter
1710 2060 1768 2097 in-

436 2133 605 2172 cluderet
638 2133 763 2183 ipsam
794 2145 878 2170 esse
912 2132 1053 2169 Deum.
1110 2131 1172 2169 Ex
1206 2131 1281 2169 hoc
1315 2143 1407 2180 ergo
1442 2130 1547 2180 quod
1578 2130 1685 2168 Deus
1714 2136 1772 2168 est

437 2205 696 2254 omnipotens,
713 2203 822 2241 cuius
842 2203 1075 2241 causacione
1095 2202 1295 2251 multiplici
1312 2201 1456 2252 indiget
1476 2202 1643 2251 quelibet
1664 2213 1771 2239 erea-

437 2283 533 2321 tura,
554 2275 724 2324 sequitur
744 2274 850 2323 quod
870 2286 952 2311 non
981 2279 1108 2323 potest
1129 2272 1311 2311 donando
1341 2273 1506 2310 alienare
1530 2285 1552 2309 a
1579 2285 1618 2310 se
1644 2272 1770 2310 domi-

438 2346 547 2383 nium
568 2346 797 2394 cuiusquam
818 2344 1020 2391 donabilis,
1037 2344 1143 2393 quod
1163 2350 1218 2381 est
1238 2350 1394 2394 propter
1413 2343 1691 2392 plenitudinem
1712 2343 1767 2380 sui
1783 2356 1825 2387 30

439 2417 611 2455 dominii.
669 2416 782 2462 Item,
805 2416 835 2452 si
855 2415 962 2452 Deus
986 2421 1117 2465 posset
1138 2427 1160 2452 a
1181 2427 1220 2452 se
1242 2415 1408 2452 alienare
1430 2414 1656 2460 dominium,
1678 2426 1769 2452 cum

453 2529 476 2551 7.
497 2518 609 2544 donata
623 2518 648 2544 A
662 2527 749 2551 marg.
763 2517 786 2543 B
799 2524 805 2544 ε
823 2517 1026 2543 demonstrata
1040 2517 1065 2542 A
1074 2522 1144 2543 text.
1156 2517 1188 2544 C.
1308 2526 1348 2543 21.
1370 2516 1507 2543 habuerit
1521 2516 1559 2543 B:
1579 2516 1684 2543 habuit
1698 2515 1724 2542 A
1734 2515 1767 2543 Q

435 2562 477 2585 27.
497 2554 505 2584 ΙΙ
520 2552 612 2578 -deret
626 2553 649 2578 B
663 2552 682 2578 f.
697 2561 746 2585 243
760 2560 784 2577 Β.

483 2641 511 2663 1.
536 2631 658 2663 Matth.
675 2631 730 2662 vii.
750 2640 799 2662 11.

484 2692 532 2724 17.
557 2684 679 2716 N'iclzil
696 2684 797 2721 enim,
815 2685 875 2714 διο.
924 2682 989 2713 For
1012 2682 1066 2714 the
1089 2685 1260 2723 argument
1276 2682 1316 2713 cf.
1335 2682 1373 2713 R.
1392 2682 1587 2725 FitzRalph,
1606 2682 1646 2713 de
1663 2682 1768 2724 Paup.

438 2735 525 2767 Salv.
543 2735 564 2766 i.
582 2736 612 2774 8,
631 2735 724 2774 infra,
742 2745 798 2776 pp.
819 2743 874 2775 291
893 2745 958 2775 seq.

487 2796 536 2828 19.
562 2786 602 2818 V.
621 2797 731 2829 supra,
748 2786 806 2818 lib.
826 2787 845 2818 i.
865 2795 882 2826 3
901 2796 957 2828 pp.
980 2787 1028 2825 18,
1049 2795 1106 2824 22;
1131 2795 1151 2827 4
1168 2796 1223 2827 pp.
1245 2794 1283 2826 23
1301 2795 1388 2828 seqq.
