2008 3305
233 219 321 247 oAP.
344 201 469 264 XVIL]
720 215 864 247 LIBER
895 214 1092 248 PRIMUS.
1767 219 1781 246 1
1792 218 1845 259 49

115 334 217 376 50A]
234 343 314 369 non
335 332 506 369 subiacet
525 331 692 369 hominis
712 331 902 380 potestati,
919 342 1080 379 possum
1097 335 1228 367 tamen
1248 328 1462 378 parcialiter
1481 341 1566 367 esse

232 414 348 439 causa
376 402 478 440 unde
507 402 614 439 Deus
643 402 764 451 possit
792 401 926 439 datum
955 400 1108 438 volibile
1137 405 1202 437 aut
1230 412 1311 437 non
1334 399 1445 447 velit;
1476 411 1566 437 cum

232 472 278 510 sit
300 484 518 510 consonum
533 473 678 510 veritati
699 472 804 521 quod
824 473 913 509 data
933 478 1108 509 creatura
1129 471 1175 508 sit
1190 470 1385 508 obiectum
1406 470 1566 519 triplicis

230 543 431 581 relacionis
472 543 654 592 predicte,
693 550 729 580 et
767 543 814 581 de
852 549 961 580 tanto
1001 541 1189 580 obiective
1224 540 1281 578 vel
1319 540 1566 578 materialiter

194 620 391 652 5causans
422 614 547 651 illam:
587 614 760 651 subiacet
788 624 883 662 ergo
912 613 1192 662 cuiuscumque
1225 611 1407 660 potestati
1437 617 1564 649 create

226 683 349 721 facere
377 684 485 733 quod
514 683 621 721 Deus
649 684 737 721 velit
771 683 986 721 eternaliter
1019 682 1094 720 hoc
1125 681 1183 719 vel
1213 682 1316 719 illud.
1372 682 1424 719 Et
1458 688 1563 731 patet
1576 685 1714 726 although
1727 688 1789 714 that

224 754 331 803 quod
352 754 479 792 omnis
499 754 635 792 volicio
655 754 728 792 Dei
757 754 907 792 adintra
935 760 992 791 est
1020 753 1241 798 immobilis,
1263 759 1301 790 et
1330 764 1400 801 per
1425 764 1561 790 conse·
1574 721 1827 795 τᾝὲῑίἓῖῗῑῖῗηιὲε

224 837 347 874 quens
384 838 464 863 non
502 833 559 863 est
596 825 790 872 trahibilis,
829 824 1043 870 curvabilis,
1081 823 1307 869 anullabilis,
1348 823 1553 871 obeditiva,
1570 797 1832 856 ΙΞΕέῐξὲἢΖέῐὲΞΞῖῖέ

222 896 400 945 regibilis,
423 897 612 942 ducibilis‚
642 896 911 945 gubernabilis,
940 894 1095 944 fragilis,
1125 895 1331 944 impotens,
1352 894 1555 940 vincibilis,

173 977 214 1000 10
225 966 456 1013 frustrabilis,
486 967 742 1012 licenciabilis,
774 967 896 1004 activa
926 978 994 1015 per
1024 978 1066 1003 se
1098 965 1264 1015 proprie,
1295 964 1354 1002 vel
1387 965 1551 1014 passiva.

223 1038 302 1075 Ista
320 1038 425 1075 enim
455 1038 581 1075 solum
611 1043 837 1087 competunt
867 1037 980 1074 rebus
1009 1048 1077 1086 per
1106 1048 1146 1074 se
1174 1036 1213 1073 in
1239 1048 1393 1086 genere,
1414 1042 1452 1073 et
1471 1047 1553 1073 non

223 1108 405 1146 relacioni
448 1108 697 1146 solummodo
741 1109 916 1146 racionis.
989 1106 1212 1154 Quomodo,
1254 1119 1387 1156 quero,
1426 1113 1560 1156 posset

223 1179 361 1217 volicio
382 1179 623 1229 contingens,
646 1191 723 1229 que
744 1191 825 1217 non
851 1185 983 1228 posset
1005 1190 1089 1216 esse
1119 1178 1190 1215 nisi
1220 1178 1363 1227 ubique
1393 1177 1506 1214 fuerit
1525 1184 1562 1216 et

223 1256 366 1295 eterna,
389 1250 546 1297 moveri,
570 1250 737 1287 localiter
757 1250 919 1296 alterari,
941 1249 1055 1295 flecti,
1075 1248 1133 1286 vel
1163 1248 1273 1286 aliter
1296 1248 1560 1287 commoveri?

172 1326 209 1358 15
223 1320 274 1357 Et
302 1326 406 1369 patet
435 1320 540 1370 quod
569 1333 616 1357 ex
648 1321 876 1359 condicione
906 1320 1089 1358 bonitatis
1125 1319 1249 1357 divine
1279 1319 1399 1357 homo
1432 1325 1561 1369 potest

223 1391 372 1428 facilius
406 1403 562 1428 causare
597 1391 827 1429 volicionem
858 1392 898 1428 in
928 1391 1016 1428 Deo
1048 1403 1165 1440 quam
1201 1390 1383 1428 dominus
1422 1401 1559 1428 aurum

178 1462 282 1499 Bvel
311 1461 413 1499 aliud
439 1462 510 1499 vile
530 1461 683 1500 volibile
712 1468 839 1512 potest
869 1463 908 1499 in
937 1473 1009 1499 suo
1040 1461 1194 1499 subdito
1226 1459 1447 1507 ser*viente,
1468 1472 1557 1498 cum

222 1533 339 1570 nichil
367 1533 453 1582 plus
483 1533 528 1570 sit
556 1533 596 1569 in
624 1539 814 1582 potestate
835 1539 966 1570 nostra
986 1544 1104 1583 quam
1124 1533 1230 1569 bona
1248 1531 1386 1569 volicio
1407 1543 1493 1581 que,
1518 1532 1557 1568 in

222 1609 410 1653 quantum
439 1603 596 1650 elicitur,
617 1604 744 1653 placet
770 1603 880 1651 Deo;
910 1610 947 1641 et
975 1609 1078 1652 patet
1108 1603 1215 1653 quod
1235 1602 1322 1641 Deo
1351 1603 1449 1641 inter
1475 1615 1558 1641 om·
1571 1607 1673 1668 ἓξὲξ
1686 1608 1804 1669 gli‘lords

170 1690 210 1713 20
222 1686 291 1712 nes
319 1673 501 1712 dominos
540 1674 588 1712 sit
618 1673 842 1712 facillimum
877 1674 1133 1724 complacere.
1190 1673 1241 1711 Et
1273 1673 1362 1711 ideo
1392 1673 1555 1719 Veritas,
1570 1681 1600 1702 t0
1612 1664 1718 1709 plsasz

222 1745 316 1783 Mat.
337 1746 386 1783 xi.
417 1757 479 1794 30,
510 1745 705 1783 verissime
736 1745 871 1783 asserit
909 1745 1045 1795 iugum
1085 1757 1201 1783 suave
1236 1751 1273 1782 et
1307 1756 1405 1782 onus
1445 1756 1558 1781 suum

219 1816 313 1853 leve.
371 1815 621 1854 Particulares
650 1822 777 1854 autem
808 1816 955 1854 domini
981 1828 1029 1853 ex
1058 1815 1297 1853 flexibilitate
1327 1815 1385 1853 sui
1415 1815 1557 1852 arbitrii

221 1886 376 1924 eliciunt
397 1893 505 1924 actus
526 1899 629 1925 nunc
650 1887 769 1925 iustos
790 1887 1027 1933 instabiliter,
1050 1898 1153 1924 nunc
1174 1886 1362 1932 iniustos;
1392 1886 1479 1924 ideo
1499 1892 1557 1924 est

221 1957 371 1994 difficile
401 1964 558 2007 propter
584 1957 892 1995 incertitudinem
922 1957 999 1995 suis
1023 1956 1276 1994 volicionibus
1297 1956 1556 1994 conformari:

170 2038 208 2071 25
223 2027 291 2065 sed
316 2040 404 2065 cum
426 2028 569 2065 scimus
589 2028 696 2078 quod
716 2028 803 2066 Deo
824 2028 937 2066 nichil
957 2027 1175 2077 complacet
1204 2027 1278 2065 nisi
1308 2028 1462 2073 iustum,
1485 2039 1556 2064 nec
1569 2038 1689 2077 pecause
1702 2039 1815 2066 hiswiu

219 2104 347 2148 potest
375 2105 524 2136 mutare
545 2099 773 2137 volicionem
804 2111 913 2137 suam
942 2111 990 2136 ex
1020 2099 1102 2136 eius
1133 2098 1429 2145 invincibilitate,
1452 2104 1555 2147 patet
1568 2081 1592 2098 ¹5
1605 2074 1829 2107 unchangeable,

219 2170 332 2207 nobis
353 2169 549 2219 exemplar
568 2170 935 2208 universalissimum
957 2170 1018 2208 cui
1038 2170 1077 2207 in
1097 2169 1352 2207 volicionibus
1375 2168 1554 2206 facillime

220 2239 518 2278 conformemur.
575 2240 690 2278 Unde
711 2253 758 2278 ex
786 2240 1002 2278 infirmitate
1031 2239 1202 2277 humana
1222 2246 1279 2277 est
1300 2239 1407 2290 quod
1428 2245 1554 2289 potest
1565 2239 1622 2265 and
1633 2239 1753 2266 because
1765 2240 1801 2266 he

1566 2282 1647 2299 never
1662 2273 1733 2299 wills
1745 2283 1779 2299 us

219 2311 313 2348 velle
344 2311 605 2360 quodcunque
639 2311 757 2349 invito
789 2311 947 2360 reliquo.
1004 2310 1112 2348 Deus
1145 2317 1274 2348 autem
1308 2323 1389 2348 non
1427 2316 1552 2360 potest
1566 2312 1596 2332 ‘0
1609 2307 1646 2333 ‘³0
1658 2307 1734 2333 What
1747 2316 1789 2333 we

1565 2341 1602 2366 do
1614 2346 1663 2366 not
1675 2341 1803 2367 ourselve

166 2395 208 2428 30
221 2381 316 2418 velle
336 2393 398 2419 me
419 2381 556 2419 mereri
577 2381 634 2419 vel
654 2381 839 2419 demereri
868 2381 941 2419 nisi
971 2382 1094 2419 eciam
1115 2393 1189 2430 ego
1211 2381 1335 2418 velim.
1395 2380 1479 2419 Nec
1504 2393 1552 2418 ex
1564 2373 1630 2400 ΨΜ·
1805 2349 1818 2367 s

220 2451 408 2501 quotlibet
427 2451 566 2489 talibus
595 2451 908 2490 conclusionibus
939 2452 1111 2502 sequitur
1132 2451 1363 2489 volicionem
1385 2457 1553 2489 creatam

220 2534 303 2560 esse
332 2521 548 2559 liberiorem
577 2522 768 2560 volicione
796 2522 936 2569 divina,
956 2522 1017 2560 vel
1045 2523 1171 2572 ipsam
1202 2534 1286 2561 esse
1315 2522 1354 2559 in
1384 2522 1554 2560 hominis

220 2598 420 2642 potestate,
437 2604 484 2630 eo
508 2592 614 2642 quod
633 2593 759 2642 ipsam
779 2604 935 2630 causare
956 2593 1093 2642 poterit
1114 2593 1172 2630 vel
1193 2593 1384 2630 frustrare.
1425 2592 1552 2639 Quot-

220 2663 310 2701 libet
340 2669 428 2700 sunt
455 2662 549 2700 tales
577 2663 846 2701 conclusiones
876 2676 946 2713 per
974 2675 1014 2701 se
1044 2669 1134 2701 note
1160 2662 1355 2712 theologo,
1376 2669 1417 2700 ut
1446 2662 1553 2713 quod

226 2816 232 2821 .
256 2793 278 2815 3.
301 2784 426 2816 triplicis
439 2784 464 2810 A
474 2783 515 2811 C:
536 2785 710 2817 trzjlz'cz'onz's
725 2785 757 2810 B.
827 2794 850 2817 4.
869 2786 917 2811 vel
929 2785 968 2810 B:
989 2787 1017 2811 et
1030 2785 1055 2810 A
1066 2785 1096 2811 C.
1150 2795 1189 2811 20.
1213 2785 1280 2811 Post
1291 2785 1402 2811 veritas
1415 2784 1495 2810 codd.
1505 2784 1552 2810 ait

226 2823 358 2843 inserunt.
428 2827 468 2850 27.
489 2819 771 2845 universalissimum
787 2819 808 2845 Β
820 2819 859 2845 C:
880 2819 1072 2845 utilissimum
1086 2819 1119 2845 A.
1201 2828 1240 2852 33.
1264 2821 1272 2849 ΙΙ
1285 2819 1379 2851 ipsam
1394 2818 1416 2844 Β
1430 2819 1448 2845 f.
1464 2827 1512 2850 235
1523 2826 1552 2845 Α.
