2095 3278
0 3073 6 3111 aa«
0 3031 9 3060 za
1 2984 9 3025 ,m-
2 2918 8 2978 .-,,-,.
0 2729 7 2913 :ean-‹nuffa-

70 161 310 220 CAP.XXIX.]
651 171 716 203 DE
751 169 993 203 PAUPERIE
1027 168 1340 202 SALVATORIS.

183 276 275 316 240]
288 281 461 321 accepte3
495 287 580 310 cum
606 275 795 320 promocio
822 274 867 309 sit
884 274 1023 319 procul
1045 274 1159 308 mocio
1184 273 1231 307 ab
1257 279 1430 313 extremo,
1457 269 1605 313 scilicet,

286 333 431 379 privato
458 333 505 368 ad
531 333 766 368 habituatum
792 338 1007 367 extremum.
1068 333 1173 373 Item,
1200 342 1275 365 non
1304 329 1522 374 generaliter
1549 334 1606 362 est
1619 324 1876 391 ἒὶοξξέἰςῡξξῐῐὲῡῑθ

285 403 413 427 verum
425 391 523 436 quod
535 390 661 434 adicis,
677 390 776 435 quod
791 389 983 434 gloriosius
998 396 1052 424 est
1064 388 1231 433 fragilem
1246 386 1552 422 indeclinabiliter
1563 396 1606 420 ac
1620 393 1681 418 frail
1695 392 1778 424 being
1792 397 1820 417 to
1831 396 1876 416 act

360 449 367 455 .
589 448 595 454 .
987 446 994 453 .
1098 447 1104 453 .
1255 446 1261 451 .
1305 446 1312 452 .
1620 426 1735 457 bravely
1749 426 1816 450 than
1830 425 1872 450 sor

285 449 428 484 fortiter
453 460 597 494 operarl
624 460 737 494 quam
766 448 934 482 firmum:
966 458 1019 481 Sic
1048 458 1147 482 enlm
1176 447 1314 481 Chrlstl
1342 456 1454 489 opera
1483 451 1745 492 essent-astrong
1757 467 1818 485 one.

255 507 408 545 5minus
435 507 595 552 gloriosa
622 506 791 549 dicenda,
820 506 881 550 qui
910 505 1079 549 fragilem
1106 505 1336 539 voluntatem
1364 514 1439 537 non
1467 502 1606 545 habuit,

286 577 395 610 quam
415 576 528 610 opera
552 564 778 599 infirmorum
796 576 804 606 3
830 563 920 598 illud
939 562 1038 597 enim
1057 562 1249 597 veritatem
1266 561 1516 596 necessarium
1534 572 1608 595 non

285 623 399 658 habet
415 622 485 658 nisi
504 628 626 657 cetera
642 621 745 667 paria
763 626 1028 666 supponantur.

333 736 482 779 Verum,
502 735 588 780 quia
613 734 649 769 in
677 735 746 770 isto
771 734 881 769 nichil
908 734 1026 769 audeo
1045 740 1185 769 certum
1203 739 1376 776 astruere,
1394 744 1493 776 ecce,
1511 732 1611 767 aliud
1624 736 1753 767 XXIX.

286 793 400 828 michi
427 793 617 839 probabile
645 793 711 828 tibi
738 804 889 837 promo:
927 792 1076 834 scilicet,
1107 792 1216 837 quod,
1247 791 1416 836 quamvis
1447 790 1484 825 in
1512 796 1611 825 statu
1624 787 1688 846 ῐῙὲἐξ
1699 785 1834 845 ξζὲἒῗξῑὲ

235 850 500 886 10inn0cencie
526 850 608 885 filiis
627 849 850 885 confirmatis
872 849 934 884 filii
958 849 995 883 in
1022 849 1182 884 sciencia
1199 849 1404 894 potuissent
1423 848 1611 893 proficere,
1625 853 1828 913 Ξὲῗὲθοέὲὲὣο-

288 908 435 943 diversa
451 919 564 954 opera
580 920 746 943 exercere
772 908 884 943 libere
904 914 1015 952 atque
1037 907 1217 949 omittere,
1235 907 1334 941 idem
1358 918 1451 951 opus
1477 907 1611 941 arden·
1625 919 1789 947 advanoein

287 966 364 1001 cius
378 973 439 1001 aut
452 966 611 1011 tepidius
626 966 743 1000 eciam
760 977 826 1010 pro
841 966 1028 1000 voluntate
1046 965 1159 1000 libera
1177 976 1358 1008 exercere,
1370 971 1406 999 et
1423 964 1474 999 ita
1491 964 1612 999 minus
1625 953 1861 1018 ξζξῖζνξέξζζξά

286 1030 350 1059 aut
375 1024 533 1069 amplius
558 1023 758 1068 promereri
780 1023 900 1068 (sicuti
922 1024 999 1068 Qui
1021 1024 1213 1068 virginem
1237 1035 1345 1057 suam
1372 1023 1614 1057 matrimonio
1626 1021 1731 1054 sree1y3

71 1087 160 1128 prius
170 1085 261 1126 facit
286 1082 416 1127 iungit
438 1082 642 1127 benefacit,
661 1083 730 1126 qui
751 1093 826 1116 non
850 1082 982 1127 iungit
1005 1082 1139 1116 melius
1151 1081 1264 1127 facit,
1284 1081 1488 1116 secundum
1511 1082 1614 1125 Apo-

71 1140 135 1161 om.
157 1137 187 1160 B.

71 1201 164 1242 ipsa:
186 1210 230 1241 qn
243 1207 273 1230 Β.
288 1197 394 1232 aliter
425 1203 595 1242 poterant
632 1208 786 1242 peccare
819 1198 992 1232 obstante
1033 1197 1321 1232 confirmacione
1364 1197 1446 1242 ipsa
1479 1196 1612 1232 veniali
1626 1213 1678 1239 sin.

71 1260 184 1291 sicud:
206 1260 276 1291 siue
288 1261 440 1301 peccato
475 1255 579 1290 sicud
606 1255 763 1289 mortali.
814 1255 927 1290 Unde
957 1255 1004 1289 ab
1038 1255 1221 1300 aliquibus
1256 1255 1499 1300 probabiliter
1526 1254 1613 1290 esti—

74 1312 104 1334 Β·
288 1319 411 1347 matur
439 1313 538 1358 quod
565 1313 684 1357 angeli
715 1313 752 1347 in
783 1312 913 1347 merito
943 1319 1100 1358 possunt
1128 1313 1317 1358 proficere,
1344 1313 1430 1347 licet
1457 1323 1615 1357 peccare

288 1382 366 1405 non
395 1371 551 1416 possint.
603 1372 708 1414 Item,
738 1370 768 1405 si
797 1371 879 1416 quis
910 1378 1061 1406 econtra
1087 1377 1269 1406 astrueret
1300 1371 1399 1415 quod
1429 1370 1491 1405 filii
1519 1371 1614 1413 Ade,

238 1439 278 1461 20
291 1429 320 1464 si
339 1428 418 1474 ipse
436 1440 508 1463 non
532 1435 735 1474 peccasset,
755 1428 924 1474 quamvis
950 1429 987 1463 in
1014 1440 1081 1464 sua
1105 1428 1246 1473 origine
1271 1429 1425 1464 fuissent
1451 1428 1616 1464 habituri

72 1495 203 1521 tamen:
290 1486 485 1530 iusticiam,
503 1498 739 1532 nequaquam
764 1493 889 1522 tamen
914 1486 1070 1522 fuissent
1096 1487 1175 1522 sine
1203 1499 1269 1522 suo
1295 1493 1395 1522 certo
1420 1487 1553 1522 merito
1580 1487 1616 1522 in

72 1545 146 1564 cum
165 1542 195 1565 Β·
290 1545 351 1580 illa
377 1544 521 1580 iusticia
546 1544 751 1580 confirmati
770 1544 858 1590 quin
884 1556 1056 1589 perverse
1081 1556 1192 1589 agere
1218 1544 1438 1589 potuissent,
1456 1544 1543 1580 licet
1569 1545 1615 1580 de

289 1603 386 1638 facto
414 1603 622 1638 nullatenus
652 1602 932 1647 peccavissent;
970 1602 1138 1647 quamvis
1164 1602 1383 1638 venerabilis
1414 1603 1616 1637 Anselmus

290 1660 459 1695 videatur
488 1660 525 1695 in
557 1660 680 1695 libello
714 1672 781 1695 suo
813 1661 887 1695 Cur
918 1661 1021 1695 Deus
1051 1660 1166 1694 homo
1195 1660 1334 1695 sentire
1363 1660 1614 1695 contrarium:

238 1727 276 1760 25
291 1718 458 1763 nunquid
478 1729 607 1763 posses
624 1730 709 1753 eum
731 1718 945 1754 remittere?
993 1718 1111 1753 Racio
1130 1718 1230 1753 enim
1248 1730 1359 1763 quam
1378 1718 1496 1762 affert,
1516 1719 1617 1764 quod

291 1775 462 1810 meritum
487 1775 651 1821 parentis
678 1787 754 1811 non
778 1776 902 1811 minus
919 1782 976 1811 est
994 1776 1124 1811 efficax
1141 1776 1190 1811 ad
1209 1776 1507 1811 confirmandum
1533 1788 1614 1821 pos-

291 1840 390 1869 teros
408 1834 487 1869 eius
505 1834 541 1868 in
560 1834 715 1876 iusticia,
733 1845 844 1880 quam
871 1834 916 1869 sit
943 1840 1139 1880 peccatum
1165 1833 1278 1876 ipsius
1296 1835 1345 1869 ad
1362 1846 1425 1869 eos
1445 1834 1483 1868 in
1508 1834 1617 1871 inius-

293 1892 379 1927 ticia
407 1892 625 1936 alligandos,
653 1904 728 1927 non
754 1892 844 1927 satis
875 1892 982 1928 firma
1007 1892 1177 1936 videtur;
1208 1892 1385 1938 quoniam
1411 1899 1491 1928 esto
1517 1894 1617 1938 quod

294 1950 383 1985 illud
407 1951 544 1985 habeat
569 1949 774 1994 veritatem,
798 1962 883 1985 cum
908 1957 1103 1996 peccatum
1129 1951 1208 1986 eius
1234 1962 1308 1986 non
1333 1958 1477 1996 poterat
1503 1951 1556 1987 sic
1581 1951 1618 1986 in

240 2022 282 2054 30
295 2010 478 2046 iniusticia
496 2022 579 2046 suos
598 2018 765 2056 posteros
783 2010 935 2055 alligare
954 2011 1042 2056 quin
1061 2017 1232 2056 poterant
1250 2011 1430 2046 veraciter
1454 2011 1619 2056 penitere

294 2076 330 2104 et
345 2070 393 2104 ad
410 2070 574 2114 graciam
591 2069 792 2115 penitendo
810 2069 966 2113 restitui,
980 2070 1166 2114 quomodo
1181 2069 1365 2104 credimus
1382 2081 1451 2104 nos
1471 2069 1617 2113 salvari,

79 2127 130 2158 lic.
147 2150 173 2157 --
189 2126 281 2168 αῖῖῑζξ-
294 2127 379 2162 licet
395 2128 443 2162 ad
460 2139 525 2162 eos
551 2126 589 2161 in
615 2127 800 2163 iniusticia
818 2134 962 2172 poterat
980 2127 1140 2172 alligare,
1159 2127 1309 2171 scilicet,
1329 2128 1448 2163 donec
1465 2133 1618 2173 possent

80 2181 144 2201 om.
162 2178 192 2201 B·
296 2185 536 2221 discrecionis
554 2192 700 2230 tempus
726 2185 931 2230 attingere?
980 2187 1038 2220 Ex
1063 2185 1136 2220 alia
1161 2192 1265 2231 parte
1290 2192 1440 2221 econtra
1458 2187 1515 2221 vel
1540 2198 1619 2220 am-

296 2243 390 2290 plius
409 2243 510 2289 sequi
528 2243 684 2286 videtur,
701 2243 771 2278 nisi
791 2244 889 2289 quod
915 2243 1060 2279 iusticia
1086 2255 1154 2279 sua
1179 2250 1322 2288 poterat
1342 2255 1429 2278 suos
1452 2251 1621 2289 posteros

242 2307 281 2339 35
297 2302 333 2336 in
363 2302 507 2337 iusticia
533 2302 684 2346 alligare
711 2302 760 2336 ad
790 2308 938 2347 tempus
965 2302 1107 2347 equale,
1135 2301 1284 2345 scilicet,
1311 2313 1426 2346 usque
1453 2308 1622 2346 tempora

296 2359 572 2395 indiscrecionis
590 2359 858 2404 transigerent;
886 2366 1009 2405 preter
1033 2360 1104 2394 hoc
1125 2360 1225 2404 quod
1250 2366 1445 2404 peccatum
1467 2360 1621 2395 mortale

297 2418 443 2452 videtur
459 2417 606 2462 gravius
624 2429 705 2453 esse
723 2417 760 2452 in
777 2418 875 2452 malo
894 2429 1004 2463 quam
1022 2417 1192 2452 meritum
1209 2417 1287 2452 eius
1305 2417 1434 2452 fuisset
1456 2417 1492 2451 in
1510 2418 1621 2461 bono,

251 2482 282 2510 D
299 2487 382 2510 cum
409 2481 561 2520 peccato
587 2474 731 2510 mortali
753 2475 769 2494 *
790 2476 970 2510 debeatur
986 2486 1083 2520 pena
1100 2481 1239 2519 eterna,
1258 2481 1294 2510 et
1312 2475 1437 2519 gracia
1456 2475 1528 2510 Dei
1546 2475 1621 2510 vita

299 2540 426 2568 eterna
445 2532 508 2578 (ad
525 2535 634 2568 Rom.
649 2533 696 2568 vi.
715 2532 787 2578 23).

244 2595 287 2626 40
349 2592 438 2626 IOH.
474 2591 579 2625 Istud
611 2591 780 2625 ultimum
813 2590 925 2626 michi
959 2591 1114 2626 multum
1144 2591 1336 2636 probabile
1362 2590 1516 2633 videtur,
1550 2591 1621 2626 nisi

301 2649 398 2694 quod
426 2660 470 2684 ex
494 2649 566 2683 hoc
596 2649 697 2694 sequi
723 2648 866 2685 videtur
893 2649 991 2694 quod
1018 2649 1054 2683 in
1080 2661 1213 2693 genere
1237 2648 1431 2683 hominum
1461 2661 1503 2683 eo
1532 2660 1621 2684 casu

301 2706 418 2751 potuit
437 2706 605 2742 evenisse
625 2707 733 2741 nimis
759 2706 955 2741 inhonesta
973 2707 1197 2749 deformitas,
1217 2707 1246 2741 si
1269 2706 1380 2752 aliqui
1405 2714 1621 2752 peccassent

300 2771 336 2799 et
348 2765 470 2800 Adam
484 2770 518 2800 et
532 2765 642 2810 aliqui
661 2764 722 2800 alii
741 2765 787 2800 ab
807 2776 850 2800 eo
869 2765 1049 2810 progeniti
1064 2765 1100 2799 in
1120 2764 1336 2800 innocencia
1351 2765 1596 2810 perstitissent
1612 2777 1619 2808 ;

1797 159 1881 210 375

288 1141 435 1182 stolum,
457 1149 470 1173 1
492 1140 541 1174 ad
560 1140 641 1174 Cor.
657 1139 716 1174 vii.
735 1138 794 1183 38)
810 1150 818 1182 ;
845 1150 919 1174 non
942 1146 1093 1184 propter
1109 1139 1182 1174 hoc
1200 1139 1367 1183 sequitur
1391 1139 1493 1184 quod
1512 1138 1613 1174 veni·
1627 1145 1689 1205 Egttn
1691 1145 1846 1205 &5133ng
