2008 3305
207 233 295 261 CAP.
319 222 395 275 XL]
682 231 827 262 LrssER
862 231 1059 263 PRIMUS.
1763 228 1816 273 79

89 348 183 390 260]
199 345 288 383 fidei
326 351 383 383 est
420 345 680 383 essencialiter
709 345 816 384 Deus
845 347 940 395 ipse,
970 352 1010 383 ut
1038 351 1142 395 patet
1172 344 1219 383 de
1250 345 1452 391 Trinitate‚
1486 344 1535 383 de

198 415 483 463 incarnacione,
514 422 552 453 et
590 416 724 454 ceteris
752 416 985 463 veritatibus,
1015 428 1090 465 que
1125 415 1279 454 Christo
1319 415 1536 453 secundum

197 486 356 523 alteram
404 486 666 524 substanciam
713 486 946 524 inexistunt:
995 493 1033 524 et
1071 486 1160 535 quia
1204 497 1340 524 omnes
1388 486 1535 523 articuli

197 557 340 594 cedunt
367 556 509 594 sanctis
533 557 582 594 ad
602 556 777 605 gloriam,
797 557 886 595 ideo
913 557 1054 594 dictam
1077 556 1337 594 substanciam
1358 556 1536 594 describit

165 634 182 666 5
198 627 268 664 sub
288 627 442 664 racione
467 639 545 675 qua
569 627 619 664 ad
650 627 928 664 beatitudinem
950 633 1184 676 expectatur.
1240 626 1291 663 Et
1315 626 1404 675 quia
1428 625 1536 663 Deus

197 709 277 734 non
297 704 354 734 est
373 697 485 735 nobis
506 697 604 735 fides
625 697 697 735 nisi
719 699 789 734 sub
810 698 965 734 racione
987 710 1063 746 qua
1078 697 1238 746 illapsus
1254 697 1388 733 intime
1405 703 1535 733 movet

196 774 377 814 mentem,
398 768 484 805 ideo
514 768 649 805 dicitur
675 772 961 816 argumentumg
993 780 1109 805 omne
1133 767 1288 817 quidem
1314 767 1419 817 quod
1446 767 1536 805 facit

195 838 431 875 evidenciam
457 844 627 875 creature
663 838 800 876 dicitur
826 844 1110 890 argumentum,
1131 844 1172 875 ut
1188 838 1273 875 Act.
1295 838 1317 875 i.
1345 851 1379 886 3.
1401 838 1535 875 dicitur

195 908 299 957 quod
314 907 489 946 Christus
502 909 541 944 in
556 909 681 945 multis
696 909 924 957 argumentis
939 909 1114 958 apparuit
1129 908 1322 957 discipulis
1337 909 1483 957 loquens
1494 909 1535 945 de

144 993 183 1015 10
194 991 307 1027 regno
326 978 428 1015 Dei:
457 985 495 1016 et
514 979 605 1028 quia
624 979 799 1028 graciose
821 979 971 1016 instruit
991 986 1029 1016 et
1052 979 1308 1017 saluberrimis
1330 986 1367 1016 et
1387 979 1533 1017 difficil-

193 1049 293 1086 limis
309 1049 358 1087 ad
372 1049 619 1095 credendum,
636 1049 685 1086 ad
706 1061 779 1098 que
799 1049 839 1086 in
860 1061 1004 1098 penam
1024 1050 1172 1098 peccati
1194 1049 1476 1096 difficultamur,
1493 1056 1535 1087 ut

194 1120 246 1157 sic
271 1119 445 1168 suppleat
465 1119 656 1157 defectum
676 1132 792 1169 quem
821 1120 1022 1169 peccando
1051 1120 1291 1165 incurrimus,
1313 1120 1404 1157 dicit
1428 1120 1534 1169 quod

193 1196 251 1227 est
279 1195 536 1239 argumentum
566 1203 637 1227 non
672 1191 945 1239 apparencz'um,
975 1191 1013 1228 id
1042 1197 1109 1236 est,
1139 1204 1219 1230 non
1259 1192 1481 1228 intuitarum
1511 1204 1534 1228 a

193 1261 306 1298 nobis
332 1261 520 1298 viantibus
542 1273 614 1310 pro
641 1267 814 1310 tempore
841 1273 919 1311 quo
948 1274 1160 1312 speramus.
1209 1261 1381 1308 Quando
1405 1269 1533 1299 autem

141 1344 178 1377 15
193 1331 436 1369 evacuabitur
464 1332 570 1381 quod
593 1344 644 1368 ex
675 1336 784 1380 parte
813 1338 870 1369 est
898 1339 934 1369 et
964 1333 1135 1370 succedit
1158 1332 1292 1370 fruicio
1320 1333 1408 1370 loco
1440 1333 1531 1382 spei,

192 1407 283 1438 tunc
311 1402 434 1439 eciam
464 1402 644 1439 succedet
670 1402 771 1439 clara
799 1402 894 1439 visio
922 1403 1105 1450 intuitiva‚
1130 1403 1218 1441 loco
1238 1404 1394 1441 visionis
1424 1404 1532 1452 enig-

192 1472 333 1509 matice
363 1472 410 1509 de
440 1473 608 1510 absente.
664 1472 714 1509 Et
744 1473 997 1510 connotando
1032 1473 1085 1511 sic
1116 1474 1291 1523 negative
1322 1480 1450 1511 actum
1473 1474 1532 1511 vel

192 1542 363 1580 habitum
379 1542 478 1588 fidei,
495 1543 702 1596 decidet-in
723 1543 845 1592 patria
866 1544 1076 1581 secundum
1098 1544 1135 1581 id
1152 1544 1257 1593 quod
1277 1544 1531 1593 inperfeccio-

192 1612 251 1650 nis
277 1619 344 1659 est,
370 1618 406 1649 et
433 1614 546 1650 stabit
575 1613 791 1651 necessario
822 1613 1036 1651 secundum
1059 1614 1098 1651 id
1122 1614 1227 1663 quod
1254 1615 1412 1664 positive
1442 1615 1532 1652 dicit

139 1699 179 1720 20
191 1690 321 1720 actum
350 1684 516 1733 primum
547 1684 764 1733 simpliciter
789 1685 839 1722 ad
869 1697 1082 1722 assensum.
1150 1685 1259 1722 Talis
1288 1685 1393 1722 enirn
1422 1692 1531 1723 actus

145 1754 423 1803 Dpreexigitur
454 1754 472 1773 *
504 1754 553 1791 ad
600 1755 941 1793 demonstrativam
989 1755 1207 1799 scienciam,
1247 1755 1296 1793 ad
1343 1755 1530 1793 visionem

192 1825 347 1870 claram,
390 1832 428 1862 et
475 1837 634 1862 omnem
682 1826 937 1874 posteriorem
984 1826 1167 1863 noticiam
1181 1838 1190 1872 ;
1240 1826 1336 1863 sicut
1378 1827 1530 1875 questio

191 1902 346 1945 propter
371 1895 464 1945 quid
489 1903 546 1933 est
574 1895 705 1933 scibile
732 1896 986 1945 presupponit
1012 1896 1257 1945 questionem
1283 1897 1373 1946 quia
1399 1903 1457 1934 est
1483 1897 1531 1934 de

191 1966 341 2004 eodem.
398 1966 448 2003 Et
469 1979 516 2003 ex
537 1966 619 2003 istis
640 1972 743 2015 patet
773 1966 878 2015 quod
905 1978 987 2003 non
1021 1973 1078 2004 est
1112 1973 1330 2016 peccatum,
1361 1967 1531 2005 tenendo

138 2046 176 2077 25
192 2036 306 2074 fidem
322 2048 411 2074 cum
432 2037 634 2083 modestia,
660 2037 811 2074 studere
832 2036 880 2073 ad
900 2037 1196 2086 intelligendum
1216 2038 1322 2086 quod
1343 2038 1528 2075 creditur:

188 2119 291 2157 ymo,
318 2107 421 2144 idem
449 2113 551 2144 esset
580 2106 730 2156 opinari
769 2108 990 2156 oppositum
1024 2115 1060 2144 et
1091 2108 1246 2145 credere
1276 2109 1381 2157 quod
1411 2121 1529 2146 nemo

190 2178 302 2216 debet
340 2178 524 2228 proficere
559 2177 598 2214 in
630 2177 764 2214 virtute
804 2190 851 2215 ne
891 2178 956 2215 fiat
990 2178 1076 2215 Deo
1117 2179 1329 2228 obligacior
1365 2180 1529 2229 pleniori

190 2248 306 2294 dono,
327 2248 432 2297 quod
456 2254 513 2285 est
535 2247 680 2296 turpius
707 2254 744 2285 et
772 2247 856 2296 plus
884 2248 1158 2286 Saracenicum
1184 2262 1302 2299 quam
1326 2250 1528 2300 prohibere

189 2319 342 2356 racione
362 2318 547 2355 discutere
568 2317 685 2355 fidem
706 2330 825 2355 suam.

137 2398 178 2429 30
243 2389 294 2426 Et
323 2388 453 2437 quoad
481 2388 575 2425 illud
603 2387 781 2436 Gregorii
811 2388 946 2425 dicitur
974 2389 1079 2438 quod
1109 2389 1341 2428 intencionis
1370 2403 1436 2428 sue
1471 2398 1560 2429 estc.
1581 2399 1785 2431 Explanatz'on

1540 2433 1576 2464 qs
1582 2433 1628 2458 the
1640 2434 1751 2466 sayz'ng‚

190 2459 316 2497 dicere
341 2459 448 2508 quod
475 2458 570 2496 fides
591 2458 785 2496 meritoria
804 2459 941 2496 viantis
965 2471 1045 2496 non
1073 2466 1130 2497 est
1156 2461 1228 2497 nisi
1249 2461 1297 2498 de
1317 2461 1440 2499 virtuti
1461 2474 1527 2499 sue
1540 2466 1795 2526 ὶζέζζζζένξῖωη,

1781 2520 1786 2533 ‚

190 2529 357 2566 intuitive
391 2529 637 2566 absconditis.
694 2528 744 2566 Et
779 2529 867 2566 ideo
903 2529 992 2566 dicit
1022 2532 1339 2578 experimentum:
1377 2539 1527 2570 constat
1541 2536 1590 2559 εἰε-

228 2658 264 2682 16.
288 2658 296 2685 Ιῑ
308 2656 450 2681 intuz'tz'va
464 2656 486 2680 B
500 2656 517 2680 f.
534 2664 582 2687 224
594 2663 621 2681 Α.
719 2665 757 2687 ῐ7.
779 2656 956 2681 cmznatando
969 2657 991 2682 C
1004 2664 1010 2682 τ
1030 2658 1207 2683 convocando
1220 2659 1245 2684 A
1257 2659 1288 2685 B.
1374 2669 1412 2693 19.
1438 2661 1471 2686 id
1481 2660 1524 2686 A:

191 2699 246 2715 om.
262 2690 283 2715 B
296 2689 329 2714 C.
399 2698 440 2720 24.
459 2692 507 2715 et:
526 2698 580 2715 om.
597 2689 630 2714 Β.
708 2698 747 2720 27.
762 2690 913 2721 pleniori:
925 2691 992 2722 prz
1008 2691 1047 2722 B3
1069 2691 1095 2716 in
1110 2692 1135 2716 A
1146 2692 1168 2718 C
1182 2692 1291 2718 lacuna.
1358 2703 1399 2726 3¹·
1418 2695 1529 2720 virtuti

194 2724 225 2754 B,
240 2724 296 2749 iex
309 2732 323 2748 e
336 2723 500 2748 emendato:
521 2724 634 2748 virtute
646 2722 671 2748 A
682 2722 714 2748 C.

676 2832 723 2863 15·
753 2831 764 2852 1
786 2823 862 2853 Cor.
880 2824 945 2854 xiii.
969 2833 1016 2855 12.
