2008 3305
117 218 200 268 284

122 919 177 944 His
189 917 313 950 lordship
327 917 350 944 is

118 952 288 977 antecedent
302 957 330 978 to
343 950 386 977 his

120 994 296 1017 governance
309 985 387 1012 ofhis

119 1025 272 1050 creatures,

124 2425 179 2451 and
194 2430 222 2451 to
235 2425 278 2451 his
291 2433 350 2457 pre-

125 2459 264 2485 servation
278 2459 309 2485 of

125 2492 209 2518 them.

794 227 997 259 RICARDI
1030 226 1331 258 ARMACHANI
1789 211 1886 270 [Lm.
1910 227 1936 254 1.

395 333 488 378 plius
509 333 849 378 incomparabiliter
867 332 1087 367 intrinsecus
1107 332 1142 366 in
1157 331 1320 377 ipsorum
1334 330 1501 366 essencia
1515 343 1557 366 ea
1572 342 1722 376 presens
1741 335 1810 377 [3B

395 391 530 436 ubique
550 398 772 435 supportans
791 398 901 436 atque
929 397 1153 432 sustentans,
1173 401 1284 434 quam
1311 391 1365 424 sol
1391 390 1513 424 lucem
1539 395 1722 423 sustentat

396 446 432 480 in
453 458 537 480 aere
555 446 612 480 vel
632 446 668 479 in
688 457 796 490 aqua.
848 447 897 480 Et
916 445 978 489 sic,
999 445 1091 480 sicut
1111 445 1290 489 scriptum
1308 451 1363 479 est
1383 444 1579 489 Sapiencie
1596 443 1668 478 viii.
1692 453 1721 487 Ι,

396 505 572 549 Attz‘ngz‘t
597 516 620 538 a
635 504 719 548 fine
735 504 903 548 fhrtiter,
923 503 1009 548 quia
1034 503 1185 548 insuper
1210 509 1341 537 cuncta
1365 503 1546 547 gubernat
1573 513 1639 547 pro
1667 500 1723 535 ni-

397 563 504 605 chilo,
524 562 674 604 scilicet,
693 561 887 596 utilitatem
906 561 974 596 sibi
993 561 1130 595 nullam
1148 560 1353 605 acquirens,
1372 560 1455 594 ideo
1469 560 1590 604 ipsum
1603 570 1723 594 rerum
1738 569 1755 601 5

398 620 563 655 omnium
588 619 779 654 dominum
805 626 1030 664 reputamus.
1052 619 1164 654 Unde
1189 618 1225 652 in
1252 618 1442 663 Scriptura
1460 618 1513 653 sic
1532 617 1719 663 sequitur:

397 677 454 710 Et
469 677 635 720 disponit
650 677 777 709 omnia
790 676 986 716 suaviter;
1010 674 1083 717 ubi,
1096 681 1134 708 ut
1149 674 1239 708 mihi
1254 673 1406 715 videtur,
1421 672 1609 718 Scriptura
1622 673 1723 707 adie-

398 734 446 768 cit
475 735 657 776 suaviter,
684 733 770 778 quia
796 733 935 767 nullum
961 744 1027 777 pro
1056 744 1121 767 suo
1148 731 1321 776 regimine
1352 731 1563 765 mercedem
1590 730 1723 775 recipi-

398 792 494 826 endo
511 791 527 810 '¹‘
542 792 723 826 molestat.
758 792 857 825 Ecce
874 797 947 825 tres
965 789 1073 824 huius
1089 789 1202 824 divini
1218 789 1370 823 dominii
1385 788 1551 824 raciones
1566 800 1574 823 :
1602 795 1641 823 tu
1659 800 1723 824 eas
1738 797 1766 826 C

399 849 553 893 discute,
573 855 608 883 et
626 848 783 883 ostende
801 847 889 893 quid
906 847 972 882 tibi
990 848 1145 882 videtur.
1741 858 1780 880 10

447 909 535 941 RIC.
563 906 687 941 Nimis
715 906 952 940 indeliberate
979 906 1050 940 hoc
1080 905 1240 949 astruis;
1266 905 1442 950 quoniam
1467 904 1568 950 prius
1593 911 1725 940 natura

399 972 455 1000 est
476 966 599 999 Deum
617 976 698 999 esse
715 964 907 998 dominum
926 975 1047 998 rerum
1067 975 1158 1008 quas
1181 963 1278 1006 fecit,
1298 975 1409 1008 quam
1435 963 1487 997 sic
1513 974 1597 997 eum
1623 963 1725 1008 ipsas

399 1034 456 1057 res
474 1029 616 1057 creatas
635 1023 682 1057 ab
700 1033 744 1057 eo
762 1023 966 1066 gubernare
982 1034 990 1063 ;
1017 1021 1194 1066 quoniam
1217 1021 1265 1055 ad
1285 1033 1407 1056 rerum
1432 1032 1514 1056 esse
1539 1032 1605 1066 per
1622 1032 1724 1055 crea-

399 1081 544 1116 cionem
562 1080 726 1125 sequitur
744 1086 947 1115 creatorem
965 1080 1155 1114 dominum
1172 1091 1254 1114 esse
1279 1091 1415 1121 earum,
1435 1079 1551 1113 eciam
1576 1078 1606 1113 si
1630 1090 1724 1113 nun-

398 1150 509 1184 quam
527 1150 590 1173 eas
608 1144 739 1183 postea
757 1138 1001 1182 gubernaret:
1029 1138 1127 1172 unde
1147 1143 1275 1172 sancta
1294 1137 1419 1171 Iudith
1439 1137 1475 1171 in
1495 1136 1640 1171 cantico
1657 1148 1724 1171 suo
1740 1147 1778 1178 15

398 1193 460 1236 ait,
485 1194 569 1227 Tibi
590 1194 735 1226 serviat
759 1194 879 1226 oannis
903 1196 1077 1227 creatura
1101 1196 1180 1234 tua,
1206 1193 1297 1236 quia
1318 1193 1455 1226 dixisti
1469 1196 1504 1225 et
1510 1192 1619 1236 facta
1636 1196 1728 1226 sunt

400 1251 542 1294 (Iudith
562 1250 632 1285 xvi.
655 1249 722 1294 17),
750 1262 901 1285 causam
928 1250 1080 1284 dominii
1108 1250 1338 1284 creacionem
1363 1250 1576 1285 ostendens.
1629 1249 1726 1294 Quia

399 1309 497 1343 enim
515 1320 581 1354 per
597 1308 828 1343 creacionem
847 1315 976 1343 nature
997 1309 1099 1342 Deus
1127 1308 1299 1342 dominus
1318 1319 1440 1342 rerum
1457 1307 1622 1351 efficitur,
1641 1307 1726 1343 ideo

399 1367 448 1401 ad
466 1378 560 1409 eum,
586 1373 765 1412 tanquam
791 1367 839 1401 ad
867 1366 1058 1401 dominum
1084 1372 1119 1400 et
1147 1377 1295 1400 suorum
1321 1377 1474 1410 operum
1500 1365 1725 1409 dilectorem,

399 1436 463 1460 eas
493 1424 650 1469 pertinet
679 1425 912 1469 gubernare3
949 1424 1043 1459 sicut
1073 1424 1250 1469 scriptum
1277 1430 1333 1458 est
1367 1423 1558 1468 Sapiencie
1592 1424 1639 1458 xi.
1670 1432 1725 1468 25,
1741 1437 1781 1459 20

400 1483 547 1527 Diligis
571 1484 669 1517 enim
688 1484 814 1517 omnia
832 1494 902 1526 que
919 1486 1018 1525 sunt,
1037 1486 1073 1516 et
1092 1482 1213 1516 nichil
1235 1483 1349 1516 odisti
1363 1493 1490 1516 eorum
1509 1493 1578 1526 que
1585 1483 1726 1527 fecisti,

401 1541 462 1575 ubi
493 1552 537 1575 ex
565 1541 732 1575 faccione
760 1552 881 1576 rerum
910 1540 1114 1585 operatoris
1140 1539 1349 1574 insinuatur
1375 1539 1555 1583 dilecci03
1584 1552 1627 1575 ex
1654 1552 1727 1585 qua

400 1600 508 1634 infert
526 1599 810 1643 gubernacionis
829 1599 1000 1634 effectum
1018 1599 1090 1633 hoc
1107 1599 1232 1641 modo,
1250 1599 1386 1632 Parcis
1402 1602 1527 1632 autem
1546 1599 1726 1643 omnibus,
1739 1610 1803 1631 ver.
1824 1598 1874 1630 26.

400 1658 578 1702 quoniam
611 1661 678 1691 tua
711 1661 809 1701 sunt,
845 1657 1015 1691 Domine.
1068 1658 1151 1691 Nec
1178 1656 1329 1690 dubium
1359 1656 1458 1700 quin,
1487 1656 1580 1691 sicut
1610 1657 1728 1701 parcit

400 1715 572 1749 omnibus
599 1715 685 1759 quia
711 1727 776 1749 sua
806 1720 901 1758 sunt,
929 1714 982 1749 sic
1009 1714 1046 1748 in
1076 1714 1247 1749 omnibus
1277 1720 1419 1748 exercet
1449 1720 1591 1749 ceteros
1621 1721 1725 1749 actus
1743 1728 1779 1759 25

401 1772 589 1817 regiminis
616 1773 701 1818 quia
728 1779 814 1807 sunt
841 1783 931 1816 sua;
968 1772 1063 1806 sicut
1094 1783 1197 1806 sacer
1230 1772 1424 1816 psalmista
1450 1772 1626 1817 expressit
1656 1773 1726 1807 hoc
1741 1770 1943 1813 PS·cxliv-9-

402 1831 525 1873 modo,
550 1831 694 1865 Suavis
721 1831 909 1864 Dominus
938 1831 1138 1873 universis,
1165 1834 1201 1864 et
1228 1830 1486 1864 miseraciones
1510 1832 1590 1864 eius
1616 1833 1730 1875 super
1740 1826 1847 1857 LOCUS
1863 1825 1895 1856 in
1914 1834 1934 1856 Β

402 1890 529 1922 omnia
552 1891 663 1933 opera
689 1890 778 1923 eius.
827 1888 863 1923 A
870 1888 989 1922 llevat
1014 1889 1203 1922 Dominus
1231 1899 1354 1921 omnes
1380 1889 1449 1932 qui
1473 1893 1665 1932 corruunt,
1693 1893 1729 1923 et
1740 1869 1921 1943 ζξὲῗξᾶῗέζ,

404 1948 520 1992 erigit
535 1958 659 1980 omnes
679 1947 796 1981 elisos.
851 1947 960 1981 Oculi
981 1947 1147 1980 omnium
1172 1947 1212 1979 in
1236 1949 1270 1979 te
1292 1948 1454 1990 sperant,
1478 1946 1665 1988 Do7nine;
1693 1951 1729 1981 et
1741 1959 1792 1986 mz-
1804 1966 1828 1994 e,
1848 1936 1921 1987 &cs

403 2008 447 2038 tu
464 2005 534 2038 das
551 2016 668 2038 escanz
686 2004 841 2038 illorum
860 2005 900 2038 in
919 2006 1079 2048 tempore
1102 2006 1292 2048 oportuno.
1342 2004 1378 2037 Α
1381 2005 1484 2048 peris
1506 2008 1549 2038 tu
1573 2016 1727 2038 manum
1743 2024 1783 2054 30

401 2066 519 2105 tumn,
538 2067 573 2096 et
589 2063 721 2107 imples
738 2074 842 2096 omne
860 2063 1008 2096 animal
1031 2063 1284 2096 benediccione.
1337 2063 1386 2096 Et
1412 2062 1465 2096 ita
1492 2063 1729 2108 consequitur

402 2121 500 2165 quod
520 2122 644 2155 Deum
662 2132 719 2155 res
737 2121 944 2164 gubernare
969 2119 1015 2154 sit
1042 2126 1173 2154 natura
1200 2131 1264 2154 seu
1291 2130 1403 2154 causa
1419 2120 1599 2164 posterius
1617 2132 1729 2165 quam

403 2180 527 2213 Deum
561 2177 752 2213 dominum
785 2190 868 2213 esse
903 2178 1086 2222 ipsarum3
1129 2184 1164 2212 et
1196 2178 1243 2212 ob
1277 2178 1348 2212 hoc
1378 2189 1422 2211 ex
1455 2178 1729 2221 gubernacione

401 2248 523 2270 rerum
542 2248 608 2281 pro
626 2236 763 2271 nichilo
790 2236 866 2270 sive
893 2236 971 2270 sine
998 2236 1167 2270 mercede
1194 2247 1344 2269 causam
1370 2235 1587 2279 originalem
1612 2236 1727 2270 divini

401 2294 567 2337 dominii,
587 2295 632 2329 de
650 2305 722 2339 qua
741 2305 867 2328 sumus
886 2293 1007 2336 locuti,
1026 2304 1100 2327 non
1119 2299 1217 2327 recte
1235 2292 1414 2337 assignas.
1741 2309 1808 2330 non
1828 2310 1894 2331 om.
1912 2307 1944 2332 Β.

452 2353 541 2387 ΙΟΗ.
570 2351 817 2396 Precipitasse
835 2363 895 2386 me
913 2352 1040 2386 fateor.

448 2411 537 2444 RIC.
565 2411 624 2444 De
655 2409 929 2444 sustentacione
960 2421 1023 2444 seu
1053 2409 1332 2454 preservacione
1362 2409 1511 2454 insuper
1541 2422 1563 2444 a
1589 2410 1726 2445 nichilo
1742 2427 1857 2448 reserv.
1872 2424 1901 2448 13.

403 2468 501 2502 idem
520 2467 677 2509 videtur,
696 2467 871 2512 quoniam
894 2467 1016 2511 posito
1039 2479 1105 2512 per
1123 2467 1338 2512 inpossibile
1357 2467 1456 2512 quod
1479 2469 1582 2502 Deus
1602 2468 1652 2503 ita
1670 2480 1727 2504 res

401 2525 538 2569 egisset
557 2526 593 2559 in
612 2525 730 2570 prima
749 2537 869 2560 rerum
888 2525 1029 2569 origine
1053 2526 1152 2570 quod
1170 2537 1227 2559 res
1252 2526 1347 2559 facte
1374 2536 1440 2569 per
1466 2537 1504 2559 se
1529 2526 1729 2562 existerent

404 2584 497 2619 sicut
514 2584 672 2618 existunt
686 2595 745 2617 res
758 2584 943 2617 naturales
956 2584 1003 2618 ab
1017 2584 1212 2627 agentibus
1226 2595 1290 2627 per
1304 2589 1472 2617 naturam
1486 2584 1672 2627 producte,
1691 2592 1726 2619 et
1741 2599 1783 2630 40

403 2640 597 2675 artificiata
614 2640 661 2674 ab
680 2640 881 2674 artificibus
901 2639 976 2674 suis
999 2640 1107 2682 facta,
1126 2651 1195 2684 que
1222 2647 1419 2684 postquam
1445 2647 1529 2674 sunt
1547 2642 1728 2685 producta

402 2705 465 2732 aut
479 2699 578 2732 facta
592 2709 825 2743 nequaquam
838 2709 904 2732 suo
916 2704 1065 2732 auctore
1080 2698 1244 2741 indigent
1264 2698 1299 2732 in
1314 2698 1473 2732 essendo
1488 2710 1495 2741 ;
1523 2704 1610 2733 tunc
1626 2701 1727 2734 Deus
1741 2701 1845 2729 actore
1863 2705 1893 2728 Β·

405 2755 577 2789 dominus
596 2767 715 2789 rerum
732 2755 873 2797 fuisset,
893 2756 976 2789 licet
996 2767 1058 2790 eas
1074 2756 1281 2790 nullatenus
1297 2762 1562 2791 conservasset.
1614 2758 1727 2793 Unde

405 2813 639 2858 consequitur
657 2813 691 2847 in
711 2813 891 2858 principio
910 2814 1009 2858 quod
1029 2813 1127 2858 prius
1154 2819 1284 2847 natura
1312 2815 1414 2847 Deus
1442 2825 1561 2847 rerum
1587 2821 1642 2849 est
1660 2816 1725 2850 do-
