2008 3305
207 211 287 260 164
879 217 943 248 DE
976 215 1193 247 DOMINro
1227 214 1404 246 Diero
1553 202 1658 261 [CAP.
1681 216 1802 246 xvm.

476 331 726 369 causancium
752 331 922 381 precedit
942 331 1130 380 reliquum
1159 330 1380 379 simpliciter
1406 329 1657 378 perfeccione,
1680 328 1802 377 digni·
1819 332 1915 374 [55B

199 406 423 466 {ssssglrfflalgrtlffits
475 409 562 448 tate,
585 402 641 439 vel
672 408 829 447 natura;
862 402 882 424 ³¹²
900 408 936 438 et
957 402 1010 438 sic
1032 401 1178 437 videtur
1198 401 1236 437 in
1257 400 1455 449 proposito
1476 405 1691 448 opportere.
1739 399 1801 436 Ad
1816 407 1844 436 c

198 474 246 499 the
259 473 460 506 Prefflinenoe,
476 473 568 510 illud
586 473 723 510 dicitur
740 472 845 522 quod
861 472 999 509 volicio
1018 471 1190 516 limitata,
1209 482 1297 508 cum
1319 482 1398 507 non
1418 470 1571 519 proprie
1592 469 1639 506 sit
1655 476 1801 515 natura,

474 549 737 581 verumtamen
768 555 815 580 ex
844 543 964 579 tribus
994 542 1092 590 sapit
1121 541 1447 590 preeminenciam
1482 540 1540 577 vel
1578 540 1802 589 dignitatem

197 616 461 681 is'ufflcvtifaessissfiii}
475 626 587 662 super
613 620 825 650 creaturam
853 625 969 662 quam
997 613 1133 649 efficit:
1163 612 1301 661 primo,
1324 612 1480 649 racione
1511 611 1669 648 subiecti
1696 611 1833 660 quod5

198 684 321 714 eterna&
473 684 596 731 efficit,
623 697 645 721 a
665 696 742 733 quo
764 684 866 732 capit
886 684 1133 729 eternitatem,
1156 695 1227 721 suo
1254 689 1411 720 causato
1437 683 1632 720 exsistenti
1658 684 1802 721 solum-

196 756 429 824 j{·5113{igriirtt;12?f
474 755 592 793 modo
621 755 833 804 temporali.
893 753 1084 800 Secundo,
1115 755 1270 791 racione
1299 754 1505 803 prioritatis
1538 754 1695 803 originis
1725 767 1803 804 qua

196 823 305 856 Origissss
474 825 580 863 Deus
609 826 713 874 prius
733 825 811 862 vult
839 837 1112 874 quamcunque
1141 831 1352 862 creaturam
1381 825 1612 874 singularem
1640 826 1803 863 existere

474 908 591 945 quarn
620 896 782 933 existat:
814 902 855 932 ut
874 895 1012 933 volicio
1043 907 1119 944 qua
1139 895 1246 932 Deus
1266 895 1343 932 vult
1363 895 1603 944 singulariter
1627 908 1688 933 me
1718 907 1800 933 esse

472 973 529 1003 est
550 966 685 1004 volicio
715 978 790 1015 qua
817 965 926 1004 Deus
946 966 1024 1003 vult
1046 966 1214 1014 speciem
1245 965 1455 1002 humanam
1485 972 1522 1003 et
1541 966 1799 1016 quodcunque
1816 977 1856 999 10

473 1037 644 1086 superius
664 1049 786 1086 genus
805 1037 987 1082 existere;
1017 1043 1054 1073 et
1073 1049 1140 1085 per
1160 1048 1402 1085 consequens
1427 1043 1483 1073 est
1503 1036 1619 1085 longe
1639 1037 1742 1085 prius
1761 1037 1800 1074 in

472 1119 542 1144 sua
561 1107 730 1144 manerie
751 1119 865 1156 quam
887 1112 945 1144 est
964 1106 1121 1155 aliquod
1148 1106 1350 1154 singulare,
1372 1119 1460 1143 cum
1481 1107 1528 1144 sit
1547 1119 1689 1155 equum
1711 1120 1800 1145 cum

472 1184 558 1215 ente
596 1178 773 1226 analogo,
808 1184 848 1213 ut
887 1183 990 1226 patet
1033 1190 1080 1215 ex
1120 1177 1231 1215 dictis
1270 1177 1317 1215 de
1355 1177 1635 1215 universalitate
1674 1178 1800 1216 divine

471 1248 646 1286 sciencie.
704 1247 755 1285 Et
780 1248 852 1285 ista
877 1247 1143 1285 consideracio
1171 1253 1228 1284 est
1250 1247 1366 1285 michi
1395 1248 1688 1297 quodammodo
1711 1261 1797 1298 pre-

469 1319 585 1356 ciosa.
644 1317 744 1355 Cum
771 1318 877 1356 enim
906 1317 1013 1355 Deus
1042 1318 1146 1367 prius
1179 1318 1398 1355 naturaliter
1426 1318 1504 1355 vult
1537 1319 1797 1368 quodcunque
1814 1335 1851 1366 15

469 1388 707 1426 individuum
735 1400 819 1426 esse
847 1388 887 1425 in
916 1400 986 1425 suo
1014 1388 1182 1437 analogo
1208 1400 1325 1438 quam
1345 1387 1423 1425 vult
1443 1400 1527 1426 esse
1548 1389 1587 1425 in
1612 1400 1681 1426 suo
1704 1389 1799 1426 indi-

470 1459 596 1504 viduo,
619 1459 715 1496 sicut
736 1459 840 1508 prius
861 1458 937 1495 vult
966 1458 1058 1496 illud
1086 1470 1171 1495 esse
1198 1458 1237 1494 in
1263 1458 1417 1496 racione
1445 1459 1652 1508 exemplari
1679 1471 1798 1509 quam

469 1530 508 1566 in
529 1541 599 1567 suo
615 1529 795 1578 analogo,
814 1535 919 1579 patet
934 1529 1039 1580 quod
1055 1529 1189 1567 volicio
1204 1528 1279 1566 Dei
1296 1535 1352 1566 est
1371 1529 1676 1578 preeminencior
1691 1542 1797 1567 crea-

468 1606 563 1639 tura.
610 1600 660 1637 Et
681 1600 735 1638 sic
757 1600 946 1649 gradatim
966 1599 1215 1637 ascendendo
1236 1611 1304 1648 per
1322 1599 1533 1637 voliciones
1554 1598 1627 1637 Dei
1649 1611 1696 1637 ex
1717 1612 1797 1637 uno

468 1671 582 1708 latere
602 1677 639 1708 et
657 1671 800 1719 gradus
822 1676 994 1708 creature
1021 1669 1061 1707 in
1087 1681 1156 1707 suo
1178 1669 1294 1719 priori
1314 1682 1361 1707 ex
1383 1669 1470 1716 alio,
1492 1669 1682 1707 invenitur
1702 1682 1794 1708 con·
1811 1683 1852 1705 20

467 1742 569 1779 tinue
607 1741 843 1778 voluntatem
877 1740 951 1777 Dei
989 1740 1205 1790 precellere,
1245 1752 1449 1790 quousque
1493 1740 1704 1777 deviniatur
1746 1741 1796 1778 ad

466 1811 682 1849 volenciam
711 1811 1036 1849 absolutissimam
1065 1817 1103 1849 et
1131 1822 1362 1860 supremam,
1384 1823 1460 1860 qua
1484 1810 1591 1848 Deus
1621 1811 1795 1848 absolute

466 1882 683 1919 necessario
704 1882 780 1919 vult
801 1893 842 1919 se
863 1894 956 1919 esse.
1026 1881 1076 1918 Et
1102 1880 1163 1918 illa
1183 1887 1240 1918 est
1258 1881 1278 1904 *
1293 1881 1395 1918 basis
1421 1881 1596 1918 omnium
1624 1881 1792 1927 aliarum,
1808 1890 1840 1919 D

466 1953 574 1990 cuius
595 1965 675 1990 non
691 1959 749 1990 est
770 1964 886 1990 causa
906 1951 1112 2001 queribilis‚
1129 1957 1169 1988 ut
1189 1956 1304 2000 patet,
1328 1963 1376 1988 ex
1397 1951 1617 1989 testimonio
1638 1950 1794 2000 Augus-

465 2024 531 2060 tini
547 2036 557 2070 ;
587 2030 628 2061 ut
657 2023 794 2061 volieio
825 2035 902 2072 qua
927 2022 1037 2060 Deus
1065 2021 1296 2071 generaliter
1320 2022 1397 2059 vult
1426 2034 1495 2059 ens
1524 2029 1696 2059 creatum
1727 2035 1791 2060 ex·
1808 2036 1846 2067 25

464 2094 585 2140 istem,
619 2106 709 2131 cum
737 2094 784 2130 sit
810 2094 912 2130 idem
938 2105 1028 2130 cum
1048 2092 1236 2130 volicione
1263 2092 1416 2140 analogi
1446 2092 1685 2141 exemplaris,
1706 2105 1792 2141 pre-

464 2165 563 2202 cedit
583 2165 832 2202 existenciam
863 2169 1046 2201 creature.
1102 2162 1151 2200 Et
1172 2162 1308 2201 volicio
1329 2175 1405 2212 qua
1424 2162 1531 2200 Deus
1551 2163 1628 2200 vult
1649 2175 1687 2200 se
1708 2175 1792 2201 esse

463 2235 635 2285 precedit
665 2235 770 2273 illam
801 2235 1033 2272 volicionem
1073 2234 1320 2271 intrinsecam
1359 2234 1565 2271 relativam.
1621 2232 1669 2270 Et
1703 2233 1791 2270 ideo

462 2319 548 2344 vere
573 2306 710 2343 dicitur
733 2306 838 2356 quod
859 2305 1025 2354 quelibet
1046 2311 1218 2342 creatura
1239 2303 1326 2341 ideo
1345 2304 1604 2353 principaliter
1624 2311 1680 2341 est
1701 2304 1791 2353 quia

185 2378 448 2445 iiisss‘cievgssudeessfie
462 2377 548 2414 Deo
578 2377 796 2426 complacet
825 2376 949 2425 ipsam
976 2387 1070 2413 esse.
1129 2374 1268 2412 Tercia
1299 2386 1414 2411 causa
1443 2375 1702 2423 preminencie
1732 2381 1788 2412 est
1803 2390 1844 2420 30

183 2447 363 2480 osanything
375 2449 440 2475 else.
462 2447 659 2485 minoritas
688 2446 953 2496 dependencie
983 2457 1101 2495 quam
1131 2445 1299 2490 effectus,
1322 2444 1412 2494 quia
1439 2444 1529 2482 satis
1553 2452 1609 2482 est
1629 2444 1678 2481 ad
1696 2444 1789 2481 voli-

462 2519 615 2555 cionem
637 2517 742 2567 quod
761 2524 935 2565 tempore
953 2527 1022 2552 suo
1046 2515 1092 2552 sit
1108 2515 1283 2552 essencia
1302 2514 1461 2552 effectus
1481 2514 1530 2552 ad
1550 2526 1665 2563 quem
1686 2514 1789 2564 prin-

459 2587 630 2638 cipaliter
655 2587 889 2625 terminatur.
948 2585 999 2622 Et
1029 2585 1217 2635 quotlibet
1251 2590 1339 2622 sunt
1373 2596 1488 2622 cause
1523 2584 1684 2622 effectus
1713 2596 1790 2634 que

494 2700 517 2722 4.
533 2689 779 2722 preeminenciam
793 2688 817 2713 A
828 2687 868 2714 C:
884 2688 1114 2720 preminenciam
1128 2687 1159 2713 B.
1301 2696 1342 2712 12.
1362 2694 1466 2718 equum
1481 2686 1503 2711 B
1515 2685 1538 2712 C
1550 2692 1556 2711 :
1577 2686 1742 2718 equivocum
1756 2686 1790 2712 A.

463 2733 502 2756 17.
522 2726 531 2753 ll
541 2733 630 2756 quam
646 2723 676 2750 B.
692 2723 710 2749 f.
728 2732 774 2754 237
784 2730 807 2748 c.
1051 2723 1088 2747 18.
1104 2720 1337 2752 preeminencior
1347 2720 1373 2746 A
1383 2720 1423 2746 C:
1438 2720 1652 2752 preminencior
1665 2719 1699 2747 B.

768 2810 817 2841 24.
842 2799 992 2840 August„
1011 2798 1065 2829 ubi
1084 2808 1188 2839 supra,
1206 2809 1237 2838 p.
1259 2797 1333 2838 160,
1349 2808 1378 2829 n.
1403 2796 1452 2827 16.
