2008 3305
148 221 231 263 300

817 214 1021 247 RICARDI
1053 212 1353 245 ARMACHANI
1813 200 1917 258 [Lis.
1941 215 1969 244 Ι.

428 319 602 364 potencia
621 331 659 354 se
678 319 833 353 destruit
850 326 911 353 aut
937 331 975 353 se
996 325 1116 363 potest
1144 318 1330 352 destruere
1355 315 1425 350 nisi
1451 315 1544 350 forte
1570 326 1634 360 per
1659 314 1754 349 acci·
1769 319 1843 360 [7A

428 379 534 421 dens,
565 377 626 422 qui
654 377 787 411 modus
823 377 935 411 istum
969 377 1162 411 articulum
1197 387 1270 410 non
1303 374 1508 418 contingit:
1549 372 1755 407 dominium

426 443 563 478 autem,
591 435 620 470 si
647 434 840 469 dominata
868 446 934 468 sua
964 434 1000 468 in
1031 440 1109 468 toto
1136 438 1368 468 consumeret
1395 432 1503 466 simul
1529 443 1613 466 cum
1638 431 1684 465 ab
1710 442 1755 466 eo

428 493 643 537 dominaffls,
659 492 805 537 penitus
824 491 988 527 interiret
1003 503 1011 535 3
1038 491 1213 536 quoniam
1227 490 1432 525 dominium
1450 490 1591 524 nullum
1609 495 1706 524 esset
1724 487 1754 523 si

429 563 538 586 omne
557 550 790 585 dominatum
809 550 967 585 abesset.
1020 550 1136 594 Igitur
1152 548 1400 583 adnichilacio
1418 547 1468 582 rei
1491 547 1710 592 cuiusquam
1735 557 1757 580 a
1771 552 1787 584 5

431 610 513 643 Deo
541 608 570 643 si
598 609 709 650 fieret,
729 620 793 642 seu
820 607 870 642 rei
898 608 1073 652 cuiusque
1099 607 1223 641 totalis
1249 605 1498 650 consumpcio‚
1525 616 1716 649 nunquam
1737 616 1759 638 a

431 667 556 701 divino
575 666 742 700 dominio
761 666 987 710 procederet,
1007 665 1182 710 quoniam
1206 664 1296 698 alias
1309 664 1475 698 divinum
1493 662 1700 697 dominium
1718 673 1758 696 se

409 725 551 770 ,ipsum
566 724 806 768 extingueret.
859 725 965 766 Item,
986 723 1158 757 dominus
1177 723 1287 757 habet
1305 722 1352 756 ad
1370 721 1602 755 dominatum
1620 719 1758 764 peculi-

429 794 531 817 arem
558 793 747 816 amorem:
785 781 1001 816 naturaliter
1026 780 1126 815 enim
1153 779 1379 825 quiscunque
1406 790 1472 813 sua
1498 789 1611 823 opera
1640 777 1758 822 diligit

429 840 587 884 amplius
615 851 727 884 quam
757 838 874 883 diligit
905 838 1046 881 aliena;
1087 838 1180 872 sicut
1210 837 1299 871 illud
1328 836 1551 881 premissum
1580 834 1757 877 ostendit,
1773 843 1812 865 10

428 899 564 932 Parcis
581 902 705 931 autem
724 897 893 931 omnibus
909 897 1088 940 quoniam
1114 899 1182 930 tua
1200 899 1313 937 szmt;
1339 900 1375 929 et
1394 895 1466 928 hoc
1484 900 1640 928 testatur
1657 893 1758 928 Aris-

430 956 572 998 toteles,
603 955 648 989 ix.
679 955 911 989 Ethicorum.
963 953 1213 997 Consumpcio
1243 959 1368 987 autem
1397 952 1520 986 totalis
1548 951 1624 986 sive
1652 951 1758 985 adni-

431 1013 586 1048 chilacio
604 1013 654 1048 rei
675 1011 865 1047 dominate
883 1012 963 1046 sine
982 1011 1179 1046 commodo
1192 1010 1415 1045 dominantis
1434 1009 1626 1054 impugnat
1646 1008 1757 1043 istum

431 1083 606 1106 amorem.
658 1069 853 1115 Numquid
878 1069 978 1104 enim
1003 1076 1124 1114 potest
1151 1068 1231 1113 quis
1258 1068 1337 1102 sine
1362 1079 1428 1102 suo
1455 1067 1654 1102 commodo
1679 1078 1758 1101 rem
1770 1069 1922 1110 Nequam
1936 1076 1966 1100 Β.

431 1129 605 1163 dilectam
625 1128 694 1163 sibi
710 1129 899 1163 destruere
919 1127 997 1162 sine
1012 1127 1148 1161 amoris
1160 1133 1329 1171 respectu
1341 1125 1435 1159 illius
1450 1125 1618 1159 offensa?
1645 1126 1694 1159 Et
1709 1124 1759 1159 ita
1775 1134 1811 1165 15

430 1187 666 1231 consequitur
683 1186 783 1231 quod
801 1185 1009 1220 destruccio
1027 1185 1077 1220 rei
1090 1184 1212 1219 totalis
1230 1184 1308 1218 sine
1323 1182 1521 1217 commodo
1534 1182 1759 1217 dominantis

429 1257 452 1279 a
478 1244 644 1279 dominio
678 1255 743 1289 per
776 1255 815 1278 se
844 1254 1034 1288 nunquam
1068 1242 1246 1287 procedit,
1272 1241 1357 1276 licet
1383 1253 1405 1276 a
1432 1241 1603 1275 facultate
1633 1240 1758 1274 divino

431 1303 628 1338 coniuncta
645 1302 843 1347 procedat3
870 1300 977 1336 sicuti
996 1301 1033 1335 in
1051 1300 1231 1345 principio
1252 1299 1361 1334 huius
1387 1298 1462 1333 dixi
1483 1298 1583 1343 quod
1603 1309 1757 1343 peccare

431 1372 505 1395 non
535 1372 601 1405 per
628 1372 666 1395 se
693 1372 715 1394 a
742 1360 912 1394 libertate
942 1359 1020 1394 sive
1053 1364 1237 1403 potestate
1270 1356 1449 1402 procedit,
1483 1368 1568 1391 cum
1601 1367 1756 1401 peccare

431 1418 573 1453 minuat
607 1425 643 1453 et
674 1419 840 1452 destruat
873 1423 1106 1462 potestatem,
1131 1423 1185 1451 set
1211 1423 1267 1451 est
1292 1414 1487 1460 potestatis
1514 1426 1558 1449 ac
1579 1414 1757 1449 libertatis
1774 1424 1813 1445 20

412 1503 419 1510 .
432 1478 581 1512 abusus.
634 1478 740 1519 Item,
758 1475 965 1511 dominium
983 1475 1019 1509 in
1034 1476 1115 1509 Deo
1128 1481 1164 1509 et
1175 1474 1295 1509 eciam
1313 1479 1479 1508 creatura
1492 1473 1541 1507 ad
1556 1484 1663 1507 usum
1682 1472 1760 1507 sive

433 1536 481 1570 ad
506 1534 675 1579 regimini
702 1534 912 1577 ordinatur;
943 1533 959 1552 ³⁴
980 1533 1092 1567 nichil
1117 1544 1204 1576 ergo
1223 1544 1288 1577 per
1306 1543 1345 1567 56
1363 1531 1529 1576 procedit
1546 1531 1593 1565 ab
1612 1531 1673 1565 illo
1690 1530 1760 1564 nisi
1774 1537 1805 1565 B

434 1592 520 1638 quia
553 1592 751 1627 utilitatem
784 1592 889 1626 affert
922 1590 1074 1626 domino
1109 1590 1238 1632 utenti,
1268 1596 1331 1624 aut
1359 1588 1527 1633 congruit
1556 1588 1761 1623 exercendo

434 1650 605 1694 regimini
620 1662 627 1684 :
656 1661 848 1694 nunquam
860 1661 946 1684 vero
964 1655 1086 1694 potest
1099 1647 1346 1683 adnichilacio
1359 1647 1435 1682 sive
1453 1647 1564 1691 plena
1578 1646 1628 1681 rei
1643 1646 1761 1680 cuius—

436 1719 548 1754 quam
565 1707 808 1752 consumpcio
828 1706 980 1741 domino
1004 1706 1119 1751 ipsius
1146 1705 1340 1740 utilitatem
1363 1705 1493 1739 afferre
1517 1710 1580 1739 aut
1596 1703 1761 1738 dominio
1776 1714 1814 1745 25

437 1777 639 1811 congruere
658 1766 735 1800 sive
753 1766 916 1800 humano
934 1764 1113 1809 regimini,
1128 1775 1211 1798 cum
1226 1775 1283 1798 res
1297 1763 1479 1807 regendas
1491 1763 1595 1797 tollat
1608 1760 1762 1796 omnino

438 1825 485 1859 de
510 1824 658 1867 medi03
686 1834 878 1868 nunquam
904 1834 992 1867 ergo
1018 1828 1140 1867 potest
1166 1821 1412 1856 adnichilacio
1439 1820 1516 1855 sive
1541 1821 1651 1865 plena
1676 1831 1763 1854 con-

395 1893 425 1928 5.
441 1882 607 1926 sumpcio
624 1893 647 1916 a
665 1881 830 1915 dominio
848 1880 987 1915 directe
1009 1880 1221 1924 procedere.
1274 1880 1378 1921 Item,
1397 1877 1644 1913 adnichilacio
1662 1877 1714 1912 rei
1733 1877 1763 1911 si

438 1941 553 1983 fieret,
582 1940 682 1974 fieret
708 1939 745 1973 in
771 1938 934 1981 instanti,
960 1949 1029 1972 nec
1057 1937 1216 1982 primam
1240 1936 1512 1971 successionem
1540 1935 1699 1979 exigeret
1727 1935 1763 1968 in

437 2009 509 2043 quo
528 1997 678 2032 instanti
697 2008 755 2031 res
773 1996 1002 2030 adnichilata
1020 2007 1093 2029 non
1111 2002 1209 2029 esset
1225 2007 1232 2038 ;
1260 2001 1296 2029 et
1314 2006 1379 2039 per
1397 2004 1627 2038 consequens
1647 1993 1683 2027 in
1702 1993 1762 2027 illo
1777 2005 1818 2035 30

438 2055 590 2090 instanti
608 2056 729 2089 nullus
749 2054 843 2088 illius
862 2053 913 2088 rei
931 2054 1084 2088 haberet
1103 2052 1318 2094 dominium,
1338 2063 1421 2086 cum
1438 2051 1565 2085 nichili
1583 2052 1702 2085 nullus
1718 2050 1764 2085 sit

438 2113 633 2155 dominus;
662 2119 698 2147 et
716 2112 767 2146 ita
786 2111 821 2145 in
841 2111 901 2145 illo
928 2110 1080 2145 instanti
1098 2121 1172 2144 non
1192 2110 1292 2145 fieret
1311 2109 1555 2143 adnichilacio
1573 2121 1595 2142 a
1612 2108 1764 2143 domino

438 2170 665 2205 adnichilate
683 2169 746 2213 rei,
764 2176 801 2204 et
819 2181 884 2214 per
902 2179 1133 2213 consequens
1150 2179 1219 2202 nec
1238 2168 1339 2202 fieret
1358 2168 1405 2201 ab
1424 2167 1576 2201 alicuius
1595 2172 1764 2211 respectu

440 2221 654 2263 adnichilati
681 2227 872 2262 dominio:
898 2227 998 2260 nullo
1024 2237 1112 2270 ergo
1137 2226 1249 2259 modo
1275 2231 1396 2270 potest
1421 2224 1666 2259 adnichilacio
1692 2224 1764 2258 dici

396 2287 428 2321 6.
443 2293 545 2321 actus
576 2285 741 2319 dominii.
797 2286 892 2319 Item
923 2283 976 2328 (ut
1007 2295 1118 2328 supra
1147 2282 1291 2327 claruit)
1322 2282 1570 2317 adnichilacio
1600 2293 1674 2316 non
1708 2287 1763 2316 est
1778 2290 1817 2321 35

440 2344 511 2378 nisi
530 2343 738 2378 subtraccio
763 2341 1048 2377 sustentacionis
1071 2341 1122 2376 rei
1149 2341 1326 2385 cuiusque
1351 2353 1373 2375 a
1400 2341 1494 2383 Deo,
1516 2346 1551 2375 et
1579 2340 1662 2374 ideo
1689 2351 1765 2373 non

439 2409 495 2436 est
529 2408 659 2443 actus;
700 2401 799 2434 unde
833 2399 1071 2443 consequitur
1105 2399 1204 2443 quod
1242 2410 1316 2432 non
1353 2404 1410 2433 est
1443 2404 1548 2432 actus
1582 2397 1763 2432 dominii:

440 2459 611 2504 quamvis
631 2460 734 2493 Deus
753 2457 980 2492 adnichilare
998 2468 1072 2491 non
1091 2456 1209 2501 possit
1227 2456 1309 2498 nisi,
1328 2456 1542 2500 priusquam
1559 2455 1764 2489 adnichila-

440 2523 507 2560 ret,
541 2517 695 2551 haberet
728 2515 780 2549 rei
815 2515 1077 2549 adnichilande
1115 2514 1331 2557 dominium,
1366 2513 1542 2558 quoniam
1578 2513 1614 2546 in
1652 2512 1764 2547 alium

440 2586 552 2620 quam
576 2574 612 2608 in
636 2574 794 2619 primum
813 2572 1018 2607 dominium
1036 2572 1086 2607 rei
1106 2571 1351 2606 adnichilacio
1370 2571 1502 2605 cadere
1521 2570 1672 2604 omnino
1690 2581 1764 2605 non
1776 2578 1819 2610 40

442 2639 574 2678 potest.

491 2692 579 2725 IOH.
610 2691 688 2724 Ista
706 2689 916 2733 compulsus
935 2694 1110 2732 accepto:
1140 2694 1192 2722 set
1212 2687 1369 2732 qualiter
1386 2685 1594 2721 necessario
1612 2697 1764 2730 presup-

444 2748 591 2793 ponitur
615 2746 898 2781 adnichilacioni
929 2745 1146 2788 dominium,
1178 2745 1207 2779 si
1241 2756 1314 2779 non
1350 2744 1394 2779 sit
1429 2756 1497 2779 nec
1530 2750 1650 2788 potest
1683 2755 1766 2779 esse

445 2817 556 2841 causa
575 2805 700 2850 ipsius,
720 2805 882 2840 ostende.
