2008 3305
230 206 316 235 CAP.
339 193 407 251 11.]
698 203 844 234 LIBER
877 202 1101 235 TERTIUS.

119 321 215 363 72B]
232 317 428 363 Trinitate,
451 318 532 363 xiv„
559 317 649 354 dicit
669 317 922 366 Augustinus,
944 316 1054 355 Sicut
1080 321 1205 353 nalum
1232 329 1303 353 esse
1331 320 1383 353 est
1400 316 1443 352 F
1441 318 1503 353 z'lz'o
1532 330 1555 353 a

226 388 346 425 Patre
371 401 452 433 esse,
480 389 532 424 sz'c
561 387 731 436 Spiritus·
749 392 874 424 sancto
900 388 1033 424 donum
1057 386 1136 423 Dez‘
1162 399 1233 423 esse
1261 390 1314 423 63ί
1336 399 1359 423 α
1384 387 1505 424 Patre
1527 391 1559 423 et

226 457 329 495 Filio
348 458 550 507 procedere.
592 457 684 495 Vult
715 458 853 504 dicere,
883 457 978 495 sicut
1007 457 1167 506 exponit
1194 456 1318 494 Omel.
1339 457 1427 503 xix„
1451 457 1556 506 quod

226 529 322 566 sicut
345 528 462 565 Filius
492 527 710 565 eternaliter
739 527 854 564 habet
883 539 978 572 esse,
1000 527 1052 564 sic
1085 527 1247 576 Spiritus
1276 533 1431 564 sanctus
1459 532 1555 563 eter-

193 605 211 635 5
229 599 362 636 naliter
390 598 506 635 habet
535 609 630 642 esse,
652 597 706 634 sic
725 597 897 646 'Spiritus
927 603 1082 634 sanctus
1111 603 1168 634 est
1197 596 1410 633 eternaliter
1437 596 1556 634 dona-

224 676 316 714 tum,
347 668 438 717 quia
466 680 489 705 a
518 667 716 705 communi
745 667 936 716 principio
965 667 1178 704 voluntarie
1208 666 1323 704 habet
1352 678 1448 704 esse.
1505 666 1555 702 Et

223 745 327 787 patet
347 751 465 788 quare
488 738 650 787 Spiritus
677 744 834 775 sanctus
856 737 1071 787 apropriate
1093 737 1225 773 donum
1250 737 1407 774 dicitur:
1439 736 1555 773 habet

222 809 325 845 enim
353 809 509 846 dantem
540 816 577 846 et
603 809 857 858 accipientem
884 808 1032 857 origine
1058 807 1318 856 precedentes,
1340 819 1387 843 ex
1415 807 1555 855 quibus

222 879 465 917 concorditer
494 879 708 917 volentibus
736 879 912 916 absolute
941 878 1159 916 necessario
1185 877 1253 915 sed
1277 878 1394 914 libere
1419 889 1553 926 proce-

170 959 209 982 10
223 950 346 986 debat.
403 949 451 986 Et
471 950 559 987 hinc
580 956 737 988 vocatur
750 949 879 998 sepius
896 949 999 986 Fz'lz'z‘
1016 950 1172 997 spiritus
1192 949 1231 985 in
1254 948 1472 997 Scriptura:
1504 948 1553 984 ad

221 1019 306 1057 Gal.
337 1020 381 1057 iv.
413 1022 448 1065 6,
477 1021 661 1066 scribitur,
684 1020 801 1057 llffz'sz'l
826 1019 931 1056 Deus
960 1021 1131 1068 spiritum
1161 1018 1263 1055 Fz'lz'z'
1287 1020 1351 1055 suz'
1374 1020 1414 1055 in
1440 1019 1552 1056 corda

219 1096 352 1128 vestra.
411 1090 516 1129 Sicut
535 1104 628 1140 ergo
649 1103 765 1129 omne
787 1091 932 1129 donare
953 1098 1010 1128 est
1031 1091 1134 1136 dare,
1155 1096 1192 1127 et
1214 1102 1294 1127 non
1314 1096 1483 1136 econtra,
1497 1090 1551 1127 sic

220 1163 325 1210 prius
359 1162 508 1211 origine
542 1169 598 1200 est
633 1162 767 1199 datum
806 1162 902 1199 Filio
938 1173 1021 1198 esse
1055 1161 1171 1197 vitam
1207 1173 1326 1210 quam
1365 1160 1551 1198 donatum

222 1232 374 1281 Spiritui
404 1244 488 1270 esse
514 1233 640 1269 vitam.
699 1232 774 1269 Sed
801 1233 890 1282 quia
919 1231 1031 1269 dacio
1063 1237 1100 1268 et
1125 1231 1293 1268 donacio
1327 1231 1550 1280 temporalis

179 1302 354 1339 edicitur
387 1303 551 1340 multum
584 1303 770 1352 equivoce
805 1303 854 1339 ad
883 1303 1041 1351 priores,
1067 1301 1085 1321 *
1114 1302 1203 1339 ideo
1237 1300 1427 1351 Magister
1461 1314 1550 1340 cum

218 1372 447 1421 Augustino,
470 1373 636 1422 septimo
661 1373 708 1410 de
730 1373 920 1410 Trinitate
942 1373 1054 1418 xviii„
1075 1372 1243 1421 loquitur
1263 1372 1310 1409 de
1332 1372 1549 1410 donacione

217 1443 420 1491 temporali
435 1454 508 1491 que
528 1443 569 1480 fit
583 1455 605 1479 a
625 1449 705 1480 tota
722 1443 910 1480 Trinitate
927 1443 1194 1488 communiter,
1209 1454 1298 1479 cum
1312 1442 1357 1479 sit
1370 1443 1550 1491 operacio

216 1519 324 1549 extra
352 1512 505 1559 Deum;
535 1519 572 1550 et
598 1513 661 1550 illa
687 1520 845 1551 vocatur
874 1513 1005 1550 missio
1032 1513 1116 1550 Filii
1140 1513 1198 1550 vel
1227 1512 1387 1561 Spiritus
1413 1513 1548 1558 sancti,

217 1594 291 1632 que
311 1589 368 1620 est
387 1583 582 1632 multiplex
602 1584 811 1621 secundum
828 1583 1141 1621 incarnacionem
1157 1583 1214 1620 vel
1228 1583 1342 1621 aliam
1355 1583 1549 1632 disparem

165 1666 205 1688 20
217 1653 430 1690 accionem.
488 1653 592 1691 Sicut
611 1665 706 1702 ergo
721 1653 882 1702 Spiritus
903 1660 1060 1691 sanctus
1080 1653 1297 1691 eternaliter
1317 1660 1354 1691 et
1374 1654 1549 1692 absolute

216 1723 433 1761 necessario
460 1730 517 1761 est
537 1723 695 1769 donum,
717 1724 769 1761 sic
790 1723 1047 1761 actualissime
1077 1730 1113 1760 et
1133 1723 1309 1761 absolute
1330 1725 1548 1762 necessario

215 1801 271 1831 est
305 1794 501 1831 donatum.
576 1793 705 1832 Nemo
740 1806 908 1843 namque
942 1794 1031 1832 dicit
1069 1794 1174 1843 quod
1214 1794 1330 1832 Pater
1363 1794 1428 1832 dat
1466 1795 1548 1832 sine

214 1864 377 1902 dacione
401 1864 682 1913 proporcionali
707 1871 743 1902 et
769 1876 840 1901 nec
862 1877 930 1914 per
953 1877 1198 1914 consequens
1225 1865 1305 1902 sine
1333 1865 1445 1902 dato:
1476 1878 1547 1902 nec

214 1941 270 1971 est
308 1935 413 1972 racio
443 1947 560 1984 quare
601 1934 763 1984 Spiritus
801 1941 955 1972 sanctus
987 1935 1122 1984 pocius
1155 1941 1212 1972 est
1250 1935 1396 1973 donum
1430 1948 1548 1985 quam

162 2014 199 2045 25
215 2004 341 2052 Filius,
366 2005 436 2042 nisi
457 2005 547 2054 quia
566 2005 627 2042 ille
648 2005 765 2042 libere
785 2005 970 2053 procedit,
991 2004 1109 2042 Filius
1126 2012 1253 2043 autem
1274 2018 1369 2054 pure
1391 2012 1546 2043 natura-

214 2075 319 2122 liter;
354 2081 391 2113 et
419 2076 524 2125 prior
557 2075 719 2125 simplex
755 2075 878 2121 dacio,
912 2076 1101 2125 posterior
1132 2076 1298 2113 donacio
1333 2076 1429 2114 solet
1461 2077 1543 2114 dici.

249 2203 270 2219 1.
292 2195 301 2223 11
316 2194 358 2225 14⁰
369 2193 443 2219 dicit
453 2193 476 2218 B
489 2193 508 2218 f.
522 2203 570 2225 244
584 2200 610 2219 c.
731 2203 754 2218 2.
773 2201 829 2219 esse
841 2193 915 2219 AC:
935 2201 992 2220 esse
1004 2202 1061 2219 esse
1075 2193 1105 2220 Β.
1224 2203 1247 2225 3.
1268 2194 1348 2221 omel.
1363 2193 1437 2220 AC:
1457 2197 1545 2227 super

212 2227 292 2253 omel.
308 2227 338 2253 B.
441 2236 464 2259 7.
483 2227 654 2259 apropriate
668 2227 693 2252 A
703 2226 741 2253 C:
761 2228 932 2259 aproprz'ato
946 2227 976 2252 B.
1078 2228 1100 2252 8.
1123 2227 1234 2259 origine
1248 2227 1270 2252 B
1283 2234 1290 2253 ;
1308 2229 1450 2261 originem
1463 2229 1531 2255 AC.

259 2328 285 2349 1.
311 2320 449 2360 August.
477 2319 518 2351 de
542 2319 632 2351 Trin.
657 2320 699 2350 iv.
728 2328 766 2349 20
793 2322 809 2357 ξ
837 2328 886 2360 29,
912 2319 1000 2360 Opp.
1025 2321 1054 2351 8.
1081 2320 1144 2359 829
1163 2327 1194 2350 Β.
1256 2320 1329 2351 The
1352 2321 1459 2351 words
1486 2331 1540 2352 are

212 2371 338 2411 loosely
359 2371 491 2412 quoted,
515 2371 573 2401 but
596 2381 691 2412 agree
715 2370 843 2411 exactly
864 2371 945 2401 with
968 2371 1022 2402 the
1046 2371 1183 2402 citation
1207 2381 1243 2402 as
1266 2372 1362 2412 given
1386 2373 1429 2412 by
1448 2372 1541 2404 Peter

211 2423 388 2461 Lombard,
405 2423 462 2453 ubi
479 2432 587 2463 supra.

256 2483 283 2513 3.
308 2474 448 2514 August.
473 2474 506 2504 in
531 2473 602 2505 Ioh.
627 2474 752 2514 Evang.
768 2478 807 2505 tr.
832 2473 897 2505 xix.
924 2482 974 2512 13,
999 2474 1087 2515 Opp.
1115 2482 1132 2513 3
1151 2474 1201 2514 (2)
1221 2483 1305 2514 443;
1330 2474 1386 2506 the
1403 2475 1538 2507 citation

209 2526 348 2566 relating
364 2526 442 2565 only
453 2530 488 2556 to
504 2525 558 2556 the
571 2525 639 2556 first
655 2526 799 2556 member
815 2525 852 2556 of
866 2524 1045 2566 Wycliffe's
1061 2530 1210 2557 sentence
1229 2526 1346 2565 (‘sicut
1364 2551 1371 2558 .
1389 2549 1396 2556 .
1415 2550 1421 2557 .
1439 2526 1539 2557 habet

209 2587 278 2608 esse
289 2576 296 2588 '
317 2599 324 2607 .

258 2576 312 2658 12?
335 2628 438 2659 Omne
459 2627 580 2658 donare
599 2631 645 2658 est
667 2627 755 2659 dare.
801 2626 861 2659 See
883 2627 937 2659 the
957 2626 1147 2659 distinction
1167 2627 1200 2658 in
1216 2627 1272 2659 the
1289 2629 1340 2659 De
1357 2629 1418 2660 civ.
1436 2629 1535 2660 Dom-

209 2690 229 2710 1.
249 2688 264 2709 2
284 2690 315 2720 p.
336 2688 384 2710 11.

257 2740 304 2770 15.
330 2730 398 2761 Pet.
414 2730 533 2761 Lomb.
551 2729 637 2761 Sent.
654 2729 675 2760 i.
697 2731 734 2760 18
749 2738 782 2768 D,
801 2740 832 2770 p.
851 2738 902 2770 59.

256 2780 305 2811 16.
331 2781 469 2821 August.
485 2781 525 2812 de
541 2782 628 2811 Trin.
647 2791 674 2812 v.
697 2789 746 2819 15,
764 2781 803 2811 16
822 2783 859 2818 ἐξ
877 2780 927 2819 16,
949 2787 998 2821 17,
1016 2781 1103 2822 Opp.
1122 2782 1152 2813 8.
1172 2782 1245 2821 842.

886 2852 908 2876 P

1755 204 1834 245 209
