2008 3305
210 212 294 250 204

200 2252 223 2270 c.
237 2243 274 2270 So
287 2242 384 2276 giving
397 2243 421 2269 is

201 2277 410 2309 distinguished

200 2320 233 2338 as
246 2310 335 2336 either

201 2381 219 2409 i.
234 2383 272 2414 by
286 2391 349 2421 way
361 2383 398 2421 of.

200 2422 445 2450 communication,

894 208 959 241 DE
992 207 1209 241 DOMrNro
1240 206 1418 240 DIVINO
1654 194 1760 254 [eff.
1783 207 1813 239 1.

484 324 569 371 tive,
591 323 780 374 quantum
809 325 926 375 exigit
949 331 1068 363 status
1088 324 1278 362 viancium
1309 335 1377 373 pro
1398 322 1526 359 medio
1546 327 1587 358 ut
1607 333 1814 371 supernum
1830 325 1926 366 [700

485 395 702 432 dominium
741 396 967 445 acquiretur.
1042 395 1158 433 Dona
1195 394 1318 432 eciam
1358 393 1564 442 spiritualia
1602 399 1639 429 et
1686 392 1816 429 divino

484 465 661 504 dominio
699 466 901 515 propriora
940 465 1027 515 plus
1067 465 1219 514 sapiunt
1256 463 1530 502 condicionem
1568 463 1815 512 oppositam3

484 536 592 586 quod
622 536 704 574 sine
731 536 967 574 alienacione
987 536 1045 573 vel
1070 535 1400 584 depauperacione
1429 534 1610 571 donantis
1639 544 1814 570 commu-

483 607 657 644 nicentur
690 606 923 652 hominibus,
955 613 997 643 ut
1031 611 1136 655 patet
1167 605 1215 643 de
1253 617 1375 654 regno
1417 604 1590 642 celorum
1625 602 1732 653 quod
1766 612 1846 645 ex5

484 677 842 715 communicacione
881 677 1053 727 pluribus
1084 675 1290 713 heredibus
1324 676 1477 724 gracius
1512 687 1534 712 a
1565 674 1724 722 singulis
1757 680 1816 710 est

482 759 716 797 possessum.
773 748 823 785 Et
856 747 959 784 idem
993 753 1097 797 patet
1127 746 1175 784 de
1205 747 1285 783 aliis
1312 746 1574 795 spiritualibus
1604 745 1749 782 diviciis
1779 750 1816 782 et

483 818 655 856 dominio
670 818 839 856 hominis
859 818 1022 856 naturali
1039 830 1047 855 z
1069 830 1159 855 nam
1180 817 1359 854 meritum
1375 817 1508 854 viantis
1528 816 1575 853 de
1597 821 1742 865 quanto
1758 814 1815 852 fu-

483 889 552 926 erit
568 889 730 938 amplius
750 896 787 926 et
803 890 941 938 spissiu
960 889 1151 937 spluribus
1172 888 1550 926 communicantibus
1570 887 1813 932 seminatum,

483 959 531 997 de
558 966 665 997 tanto
693 960 874 997 accrescit
897 960 1050 997 uberius
1079 966 1117 997 et
1146 959 1271 996 utilius
1296 958 1535 1004 dominanti3
1566 958 1662 995 sicut
1692 958 1813 995 eciam
1830 972 1870 993 10

482 1037 586 1080 patet
607 1030 654 1068 de
682 1031 846 1068 sciencia
867 1037 904 1067 et
923 1029 1111 1067 doctrina.
1166 1030 1217 1066 Et
1237 1029 1325 1067 hinc
1354 1029 1510 1066 inolevit
1533 1028 1550 1047 *
1572 1029 1611 1066 in
1632 1028 1813 1078 religione
1828 1037 1860 1066 D

483 1100 701 1138 Christiana
724 1101 830 1151 quod
859 1100 963 1138 dona
992 1100 1067 1137 Dei
1093 1112 1214 1150 usque
1239 1100 1288 1136 ad
1315 1099 1542 1148 temporalia
1573 1099 1660 1137 Deo
1690 1099 1816 1137 dicata

483 1171 716 1208 numismate
736 1183 817 1208 non
834 1170 1049 1208 vendantur
1064 1170 1121 1207 vel
1143 1183 1165 1208 a
1185 1170 1366 1207 ministris
1386 1170 1544 1207 ecclesie
1565 1170 1792 1207 abdicentur
1804 1182 1814 1216 ;

481 1249 522 1278 ut
542 1248 644 1291 patet
657 1241 741 1279 Act.
763 1242 836 1279 viii.
862 1243 1003 1287 18-20,
1021 1241 1068 1278 de
1091 1240 1261 1291 Symone
1278 1242 1343 1291 qui
1364 1241 1483 1279 voluit
1504 1242 1666 1290 pecunia
1686 1253 1814 1278 emere

482 1313 735 1361 apostolicam
768 1319 1011 1362 potestatem.
1066 1312 1115 1349 Et
1150 1312 1242 1350 Lev.
1276 1325 1363 1349 xxv.
1397 1325 1444 1360 23
1475 1312 1659 1359 scribitur,
1693 1312 1813 1349 Zerra
1830 1324 1867 1357 15

482 1395 553 1418 non
583 1383 756 1419 vendetur
778 1383 817 1419 in
838 1386 1066 1431 perpetuum,
1090 1382 1244 1427 scilicet,
1265 1381 1469 1419 alienando
1500 1381 1746 1431 simpliciter:
1776 1388 1814 1419 et

481 1452 654 1490 subditur
684 1465 755 1501 pro
790 1465 916 1498 causa,
947 1453 1035 1502 quia
1070 1451 1228 1503 (inquit)
1260 1465 1338 1489 mea
1372 1457 1433 1497 est,
1468 1456 1502 1488 et
1529 1465 1591 1489 vos
1619 1453 1755 1489 advene
1783 1456 1817 1490 et

480 1524 604 1560 coloni
627 1525 701 1560 mei
721 1525 815 1562 estis.
871 1524 986 1570 Ecce,
1007 1523 1233 1573 relinquitur
1258 1523 1371 1561 nobis
1398 1523 1662 1561 ceremonialis
1691 1523 1814 1573 figura

482 1594 522 1631 in
543 1594 731 1643 scriptura
746 1594 894 1631 Veteris
914 1594 1154 1632 Testamenti
1175 1594 1225 1632 ad
1246 1594 1587 1643 contemplandam
1606 1594 1812 1643 perfeccio-

481 1677 572 1702 nem
598 1665 713 1702 divini
743 1665 904 1702 dominii
919 1678 928 1711 ;
955 1665 1113 1712 donum,
1136 1665 1305 1715 inquam,
1330 1665 1416 1711 Dei,
1446 1677 1536 1702 cum
1565 1677 1646 1703 non
1673 1665 1812 1702 exinde
1827 1679 1869 1701 20

482 1736 674 1782 minuitur,
694 1735 810 1774 nichil
831 1742 888 1773 est
909 1736 978 1773 sibi
1003 1736 1173 1773 inutilius
1199 1748 1277 1785 quo
1297 1736 1469 1786 pluribus
1495 1736 1815 1782 communicatur,

481 1806 575 1856 quin
591 1806 727 1855 pocius
744 1806 935 1844 efficacius
955 1807 1026 1844 sibi
1047 1807 1171 1845 servit.
1212 1807 1321 1844 Patet
1341 1807 1456 1856 quod,
1477 1807 1610 1856 positis
1630 1806 1814 1844 creaturis

481 1878 702 1927 capacibus,
724 1877 832 1915 Deus
852 1884 952 1915 esset
978 1878 1033 1915 eis
1054 1878 1204 1915 invidus
1225 1878 1298 1915 nisi
1318 1877 1521 1915 liberaliter
1540 1884 1576 1915 et
1596 1877 1813 1915 communi-

480 1949 600 1986 cative
635 1949 816 1986 tribueret
863 1948 966 1986 dona
1006 1960 1086 1987 sua.
1142 1948 1258 1986 Unde
1293 1949 1396 1986 dedit
1430 1949 1691 1986 liberalissime
1729 1955 1809 1986 tam

478 2026 653 2069 tempore
673 2025 793 2056 status
814 2019 1042 2056 innocencie
1056 2031 1173 2068 quam
1193 2025 1281 2069 post
1296 2019 1446 2068 lapsum
1466 2026 1639 2069 tempore
1654 2020 1808 2069 triplicis
1826 2030 1865 2064 25

479 2090 585 2139 legis,
616 2090 771 2136 scilicet,
802 2090 898 2138 legis
929 2097 1073 2136 nature,
1096 2090 1190 2139 legis
1219 2090 1371 2139 scripte,
1402 2097 1439 2128 et
1467 2091 1561 2139 legis
1589 2091 1739 2140 gracie;
1769 2096 1812 2129 ut

479 2168 567 2212 post
587 2161 840 2198 declarabitur
860 2161 957 2198 libro
979 2161 1026 2198 de
1046 2160 1218 2198 humano
1238 2160 1423 2199 Dominio
1444 2161 1612 2210 capitulo
1627 2184 1692 2200 —.

535 2232 651 2270 Unde
671 2239 828 2282 propter
848 2232 1107 2270 diversitatem
1134 2231 1395 2269 donacionum
1416 2244 1506 2269 cum
1534 2232 1668 2270 donati
1687 2239 1811 2270 reten-

483 2303 595 2341 cione
622 2310 659 2341 et
679 2316 767 2341 cum
787 2304 869 2341 eius
897 2303 1158 2348 abdicacione,
1180 2308 1338 2339 vocatur
1361 2303 1485 2351 prima
1508 2305 1812 2340 communicativa

481 2382 518 2413 et
539 2375 710 2413 secunda
730 2375 895 2412 donacio
921 2375 1157 2411 translativa.
1216 2373 1277 2411 Sic
1297 2374 1401 2410 enim
1426 2374 1609 2412 donando
1636 2386 1809 2412 commu·
1825 2381 1867 2412 30

481 2446 583 2484 nicat
615 2458 685 2484 sua
715 2445 829 2492 dona,
861 2452 902 2482 ut
935 2451 1039 2494 patet
1069 2444 1116 2482 de
1146 2444 1298 2482 donatis
1329 2445 1585 2482 communiter
1613 2457 1684 2495 pro
1713 2452 1812 2483 statu

514 2570 536 2592 3.
555 2561 564 2589 11
577 2559 704 2585 dominio
723 2560 746 2585 B
765 2559 782 2584 f.
811 2568 858 2591 243
880 2567 907 2585 D.
956 2558 989 2583 In
1008 2567 1064 2590 quo
1085 2557 1182 2584 codice
1203 2557 1322 2590 margini
1346 2557 1468 2584 inferiori
1493 2557 1676 2583 subscribitur
1695 2558 1811 2584 verbum

477 2602 506 2618 w
518 2603 601 2625 noczy
612 2593 653 2625 (id
666 2598 716 2625 est,
728 2592 833 2624 noctu).
1008 2602 1031 2624 9.
1053 2592 1332 2617 communicantibus
1345 2592 1380 2617 A¹
1391 2592 1412 2617 B
1426 2598 1432 2618 2
1450 2591 1707 2617 communitatibus
1720 2591 1759 2617 A2
1770 2591 1811 2622 (in

478 2627 578 2659 marg.)
591 2627 623 2652 C.
798 2636 835 2651 12.
856 2626 959 2651 dicata
971 2625 996 2650 A
1008 2625 1030 2651 C
1041 2632 1047 2652 ε
1067 2625 1205 2651 dedicata
1219 2625 1250 2650 B.
1441 2627 1478 2650 18.
1500 2625 1578 2651 nobis
1591 2625 1616 2650 A
1626 2625 1649 2651 C
1660 2633 1665 2650 :
1686 2624 1762 2651 vobis
1775 2625 1809 2651 Β.

478 2669 519 2687 21.
534 2661 628 2686 nichil
638 2660 663 2686 A
672 2660 713 2687 C:
732 2661 781 2687 vel
789 2658 848 2692 (αἲ)
860 2659 892 2686 Β.

525 2760 575 2793 27.
602 2755 704 2786 Libro
725 2755 761 2786 de
784 2754 930 2786 humano
952 2754 1135 2786 Dominio:
1167 2753 1362 2795 apparently
1385 2754 1436 2784 De
1462 2753 1521 2785 civ.
1546 2753 1645 2784 Dom.
1671 2753 1692 2784 i.
1715 2762 1734 2794 9
1750 2763 1807 2794 pp.

478 2804 522 2847 64
539 2816 603 2848 seq.
