2008 3305
217 195 303 224 cAP.
331 182 385 241 v.]
652 193 796 225 LIBER
829 193 1098 227 SECUNDUS.
1741 197 1755 224 1
1767 193 1820 238 95

99 310 202 352 66D]
217 320 332 346 omne
353 321 420 346 ens
450 316 505 346 est
531 316 716 355 eternum,
741 310 792 346 sic
817 321 885 346 ens
914 310 952 345 in
983 321 1049 346 sua
1079 309 1256 358 analogia
1286 309 1455 346 maxima
1484 315 1540 347 est

215 386 399 416 eternum.

271 449 347 486 Sed
383 449 535 486 ulterius
574 450 787 487 notandum
827 449 933 499 quod
971 461 1039 487 ens
1078 461 1286 487 commune
1333 450 1539 498 analogum
1553 458 1576 484 b.
1595 457 1657 484 The
1670 467 1718 483 ens
1731 467 1802 484 com.

1555 500 1640 517 mune
1650 493 1810 523 analogum

215 519 351 557 dicitur
371 521 551 569 equivoce
571 520 618 557 de
639 520 726 558 Deo
746 520 803 558 vel
824 532 1057 570 quocunque
1085 532 1169 558 esse
1190 519 1416 569 intelligibili
1437 532 1540 557 crea·
1554 525 1634 550 hasa
1647 525 1777 550 different

1555 558 1686 590 meaning
1700 558 1767 583 with

183 598 201 630 5
219 596 299 627 ture
338 596 374 627 et
412 602 644 640 quacunque
675 591 881 628 existencia
931 597 1127 629 creature:
1169 603 1259 628 cum
1297 590 1399 628 enim
1437 590 1542 639 equi·
1555 591 1820 656 {ssssseecisstoeliigiioe

214 661 371 698 vocacio
401 661 538 698 dicitur
558 661 617 698 vel
645 674 692 698 ex
722 661 984 710 discrepancia
1013 661 1214 698 racionum
1234 660 1292 697 vel
1321 672 1369 697 ex
1401 660 1541 697 discre-
1555 658 1649 717 {3251
1652 658 1740 721 {³3¹2}ss
1743 692 1761 717 d

213 731 352 780 pancia
384 731 622 780 signatorum
652 732 710 769 vel
740 732 949 780 utriusque,
980 737 1083 780 patet
1113 731 1219 780 quod
1253 731 1456 780 utrobique
1486 737 1542 768 est
1555 725 1803 784 ζῖᾗζξζξζξζῗζεῑζῐ

213 802 318 839 racio
338 802 646 851 equivocacionis
674 803 854 848 maxime,
876 814 965 840 cum
986 802 1108 840 maior
1128 802 1174 838 sit
1198 802 1460 850 discrepancia
1483 813 1542 838 es·
1555 792 1603 817 ‘¹²⁴³
1616 797 1752 818 creature·

215 872 343 909 sencie
364 872 486 909 divine
507 880 543 910 et
569 881 691 911 create
711 874 881 910 essencie
908 873 1167 910 essencialiter
1187 872 1403 910 adherentis
1424 884 1544 921 quam

163 956 202 978 10
214 949 270 979 est
299 943 573 993 cuiuscumque
603 944 821 981 substancie
848 950 884 981 et
909 943 966 980 sui
994 942 1200 980 accidentis
1224 942 1443 980 inherentis.
1503 941 1542 979 Si

214 1025 307 1062 ergo
327 1013 388 1051 illa
409 1014 593 1052 distancia
613 1020 872 1052 creaturarum
893 1014 1097 1051 necessitat
1117 1013 1166 1050 ad
1186 1012 1542 1062 equivocacionem,

214 1090 359 1133 quanto
375 1084 497 1133 magis
513 1084 700 1122 distancia
715 1084 1064 1133 incomparabiliter
1080 1083 1164 1132 ipsa
1180 1083 1312 1121 maior.
1350 1082 1541 1128 Similiter,

213 1155 340 1192 omnis
364 1155 466 1192 racio
491 1155 578 1192 Deo
599 1155 657 1192 vel
679 1167 762 1192 esse
786 1154 1010 1203 intelligibili
1038 1155 1091 1192 rei
1113 1161 1340 1203 competens
1360 1160 1416 1191 est
1436 1154 1541 1191 racio

213 1225 404 1272 increata;
453 1227 580 1264 omnis
614 1226 717 1264 racio
755 1226 961 1264 existencie
997 1232 1168 1262 creature
1210 1225 1445 1262 conveniens
1483 1230 1541 1262 est

162 1312 200 1344 15
215 1296 316 1334 racio
346 1302 493 1334 creata:
529 1308 623 1345 ergo
652 1297 750 1333 inter
784 1296 885 1333 dicta
912 1303 968 1333 est
999 1308 1150 1333 summe
1179 1295 1371 1344 possibilis
1400 1295 1542 1332 discre-

213 1367 352 1416 pancia
372 1367 584 1404 racionum.
643 1367 690 1404 In
710 1367 815 1405 nullo
835 1367 938 1404 enim
959 1367 1135 1404 convenit
1156 1372 1328 1403 creatura
1349 1378 1437 1403 cum
1453 1365 1541 1402 Deo

212 1436 284 1473 nisi
313 1437 415 1474 nude
444 1437 482 1473 in
512 1449 605 1484 esse,
628 1443 665 1474 et
688 1449 769 1474 non
799 1437 838 1473 in
864 1437 1025 1474 existere
1046 1437 1114 1474 sed
1142 1437 1182 1473 in
1208 1448 1292 1473 esse
1314 1435 1542 1484 intelligibili

213 1508 321 1557 quod
352 1513 408 1545 θεῖ
439 1507 573 1546 Deus:
609 1507 716 1545 Deus
748 1508 851 1545 enim
884 1508 1009 1545 existit
1040 1507 1130 1556 quia
1164 1513 1222 1544 est
1255 1507 1428 1544 essencia
1459 1507 1542 1544 sine

214 1590 340 1623 causa,
362 1585 399 1615 et
419 1578 472 1615 sic
499 1585 607 1615 extra
628 1578 908 1616 universitatem
937 1584 1103 1616 creatam
1119 1590 1128 1624 ς
1165 1584 1202 1615 θῖ
1222 1584 1395 1615 creatura
1415 1578 1542 1615 existit

161 1666 201 1688 20
215 1649 302 1698 quia
321 1657 378 1687 est
397 1649 568 1686 essencia
588 1648 771 1686 defectiva
791 1661 813 1686 a
834 1648 921 1686 Deo
935 1649 1094 1686 adextra
1115 1649 1303 1698 producta
1325 1649 1372 1685 de
1388 1648 1541 1686 nichilo.

116 1724 201 1757 67A
214 1720 263 1757 Et
283 1720 335 1757 sic
352 1720 618 1768 intelligendus
634 1726 690 1757 θεῖ
706 1721 839 1757 beatus
856 1719 1064 1768 Dyonisius
1081 1719 1119 1755 in
1136 1718 1196 1755 De
1217 1718 1351 1755 divinis
1370 1716 1388 1737 *
1407 1718 1444 1755 Ν
1448 1718 1544 1756 omi-

214 1791 325 1827 nibus
354 1802 443 1827 cum
473 1790 744 1828 Lincolniense
773 1796 810 1828 et
839 1790 921 1827 aliis
951 1790 1175 1827 doctoribus
1200 1789 1414 1827 dicentibus
1439 1788 1545 1838 quod

214 1860 321 1898 Deus
350 1867 407 1897 est
436 1872 619 1909 superens
649 1867 686 1898 et
715 1862 1008 1909 supersubstans
1029 1867 1066 1897 et
1087 1866 1225 1905 cetera,
1247 1866 1284 1896 et
1304 1859 1410 1908 quod
1430 1858 1545 1896 nichil

215 1938 272 1969 est
301 1931 506 1968 univocum
536 1931 623 1968 Deo
661 1938 698 1969 et
717 1932 907 1969 creaturis
939 1928 1104 1980 (supple)
1137 1929 1349 1967 secundum
1379 1930 1546 1966 existen-

163 2015 201 2047 25
217 2002 325 2039 ciam.
382 2001 432 2038 Et
461 2002 514 2039 sic
544 2002 789 2050 intelligenda
817 2008 874 2039 est
904 2001 1109 2050 Scriptura,
1138 2013 1153 2037 1
1179 2000 1268 2038 Cor.
1289 2001 1337 2037 iii.
1362 2009 1395 2048 7,
1416 1999 1546 2049 Neque

213 2073 283 2121 qui
300 2073 452 2120 plantat
476 2077 529 2109 est
556 2073 703 2120 aliquid
726 2085 836 2120 neque
868 2073 936 2120 qui
957 2073 1072 2120 rigat,
1103 2072 1168 2108 sed
1192 2072 1260 2119 qui
1286 2072 1544 2108 incrementum

215 2144 287 2188 dat,
308 2142 437 2185 Deus,·
467 2149 504 2180 et
533 2143 583 2180 ad
612 2142 699 2180 Gal.
720 2143 765 2179 vi.
788 2156 822 2191 3,
844 2142 896 2180 Sz'
919 2144 1001 2191 quis
1020 2155 1056 2179 se
1083 2142 1280 2180 existimat
1305 2142 1455 2190 aliquid
1472 2154 1546 2178 esse

215 2227 296 2250 cum
316 2213 435 2250 nz'chz'l
448 2215 508 2260 sz't,
524 2215 597 2262 ξύει)
615 2227 651 2250 se
668 2215 832 2257 sedwa,-
862 2220 898 2251 et
919 2213 1012 2250 Phil.
1030 2213 1064 2250 ii.
1085 2222 1104 2261 7
1127 2213 1217 2250 dicit
1238 2212 1344 2262 quod
1366 2212 1544 2250 Christus

214 2296 251 2320 se
279 2285 398 2332 zjhsum
427 2285 642 2322 exinanivit
651 2286 829 2334 sormam
858 2285 962 2321 servi
985 2285 1069 2320 acce·
1089 2285 1175 2320 iens.
1245 2282 1414 2329 Quando
1441 2283 1545 2320 enim

162 2367 203 2398 30
215 2354 331 2391 divini
350 2354 565 2403 philosophi
586 2354 829 2392 considerant
846 2354 950 2404 quod
970 2355 1093 2391 maior
1114 2361 1170 2391 est
1185 2353 1448 2402 discrepancia
1469 2352 1544 2390 Dei

215 2425 264 2461 ad
293 2431 505 2462 creaturam
534 2437 651 2475 quam
679 2432 735 2462 est
765 2425 916 2463 mobilis
946 2425 995 2462 ad
1025 2430 1184 2470 motum,
1216 2423 1275 2460 vel
1305 2423 1464 2461 subiecti
1494 2423 1543 2460 ad

215 2508 327 2533 suurn
347 2495 519 2541 modum,
539 2495 796 2533 collaudando
817 2507 898 2532 rem
920 2495 1131 2532 secundum
1154 2505 1267 2531 suum
1295 2505 1379 2530 esse
1399 2493 1544 2541 perfec-

214 2566 414 2610 tissimum,
451 2567 580 2603 dicunt
611 2566 717 2616 quod
746 2566 850 2603 solus
880 2565 986 2602 Deus
1020 2571 1077 2603 θεῖ
1108 2564 1340 2609 substancia,
1361 2563 1543 2608 esseneia,

252 2678 272 2694 1.
294 2677 374 2695 omne
389 2668 443 2695 BC
456 2676 461 2695 :
482 2677 535 2695 om.
550 2669 583 2694 A.
718 2670 742 2694 8.
762 2669 859 2694 maior
871 2668 892 2693 B
904 2667 926 2693 C
939 2674 944 2692 :
966 2668 1062 2693 minor
1073 2667 1107 2692 A.
1230 2675 1269 2691 22.
1291 2666 1490 2691 Lz‘ncolniense
1505 2666 1526 2690 B

219 2703 337 2728 lincollrz
350 2703 376 2727 A
388 2703 419 2729 C.
539 2712 578 2735 32.
600 2702 793 2728 collaudando
802 2709 811 2727 .·
831 2701 962 2727 collaudo
974 2702 1008 2731 A,
1023 2700 1141 2726 colando
1155 2700 1187 2731 C,
1201 2700 1355 2726 colandwn
1369 2699 1400 2724 B.

577 2796 626 2817 21.
651 2787 857 2828 Dyonz'sz'us:
881 2785 920 2817 cf.
938 2796 1045 2827 supra,
1062 2796 1094 2826 p.
1112 2794 1164 2826 42.

847 2859 869 2885 Ο
893 2860 910 2883 2
