2095 3278
237 730 269 748 so
282 721 391 747 neither
403 721 486 748 could

239 755 390 788 mortality.

392 1416 507 1449 XXII.

242 1468 311 1494 Had
324 1477 387 1494 man
401 1469 458 1494 free

241 1502 297 1527 will
310 1508 340 1527 at
353 1503 399 1528 the
412 1502 472 1528 first

240 1534 347 1561 instant
360 1536 391 1562 of
400 1536 444 1562 hi5

240 1567 344 1602 being?

892 210 1097 242 RICARDI
1129 211 1431 243 ARMACHANl
1890 202 1988 256 [Lm.
2006 214 2051 242 11.

565 314 654 349 IOH.
683 315 766 349 Hoc
784 313 957 359 sequitur.
1853 322 1946 364 [2113

562 373 649 407 RIC.
678 372 750 407 Dic
764 379 802 407 tu
816 383 863 406 an
877 373 1039 416 graciam
1051 373 1262 408 necessario
1277 379 1450 418 sequatur
1463 371 1675 407 huiusmodi
1689 372 1837 416 donum,

514 435 577 464 aut
595 429 693 464 aliud
711 429 907 474 quicquam
925 431 1092 475 previum
1110 431 1161 465 illi
1180 438 1218 466 ut
1236 430 1433 475 recipiatur
1449 431 1622 475 exigetur.
1851 428 2000 470 exigitur
2014 436 2045 461 Β,

565 488 654 523 ΙΟΗ.
680 487 814 532 Angeli
834 488 869 521 in
888 499 955 522 sua
974 488 1165 523 creacione
1189 489 1262 523 hoc
1288 489 1427 523 donum
1452 493 1672 533 acceperant
1697 493 1733 522 et
1760 487 1838 522 sine
1851 489 1903 520 lzz'c
1920 496 1951 520 Β.

516 544 586 579 isto
605 544 788 589 domini03
817 545 926 589 igitur
939 545 1076 590 aliquid
1095 546 1195 580 aliud
1207 546 1244 580 in
1263 547 1412 581 homine
1430 547 1589 591 primum
1605 557 1686 581 esse
1700 545 1839 588 debuit,

515 608 639 647 preter
656 602 765 637 istam
792 602 974 637 iusticiam
1001 615 1064 638 seu
1082 604 1257 647 graciam,
1275 604 1324 638 ad
1342 604 1444 639 cuius
1462 604 1691 649 presenciam
1709 614 1783 637 non
1802 603 1839 637 in

517 660 649 704 angelo
668 666 722 695 set
741 660 777 694 in
795 661 946 695 homine
963 661 1033 695 hoc
1051 661 1224 705 originale
1242 662 1447 696 dominium
1465 662 1696 706 sequebatur.

564 719 653 753 RIC.
682 718 840 753 Provide
858 718 1029 753 iudicasti
1045 732 1054 761 ;
1079 725 1114 754 et
1132 720 1203 754 hoc
1228 726 1283 754 est
1302 719 1380 754 eius
1407 719 1605 764 corporalis
1623 719 1838 761 mortalitas,

516 787 589 820 qua
606 776 726 820 angeli
745 782 938 810 caruerunt
954 787 961 811 :
989 775 1051 811 illa
1069 776 1166 811 enim
1187 777 1362 811 naturalis
1387 777 1590 811 mortalitas
1610 775 1627 795 *
1649 776 1725 811 sive
1742 788 1838 810 reso-
1853 781 1934 809 22A

516 833 671 868 lucionis
688 833 914 878 possibilitas
929 834 1105 868 naturalis
1117 834 1225 879 exigit
1241 841 1279 869 ut
1292 845 1436 869 summe
1455 834 1601 879 sapiens
1615 834 1757 869 Artifex
1769 833 1837 868 sibi
1852 848 1913 879 quo
1930 847 1961 870 B.

516 891 726 926 necessaria
742 891 906 926 remedia
924 891 1131 935 provideret
1146 904 1154 935 ;
1181 892 1293 926 homo
1310 891 1410 927 enim
1430 891 1542 937 (iuxta
1561 891 1727 936 superius
1745 891 1840 926 affir—

516 947 632 993 mata)
654 949 707 983 sic
733 956 811 983 erat
830 956 975 984 creatus
994 949 1094 994 quod
1115 961 1180 994 pro
1206 950 1424 985 necessariis
1450 949 1614 995 corporis
1641 948 1841 994 corporalis

516 1013 681 1042 creature
698 1005 945 1041 necessarium
965 1006 1013 1040 illi
1031 1013 1109 1041 erat
1128 1007 1355 1052 obsequium.

567 1065 654 1099 IOH.
682 1064 846 1099 Attendo
880 1064 979 1109 quod
1013 1064 1220 1099 mortalitas
1251 1065 1377 1109 previa
1409 1065 1476 1099 fuit
1510 1064 1701 1100 collacioni
1736 1064 1841 1099 istius

516 1121 704 1166 originalis
722 1121 874 1156 dominii
889 1133 898 1165 ς
925 1122 995 1156 hoc
1009 1121 1109 1156 enim
1127 1129 1225 1156 extat
1245 1123 1412 1167 superius
1431 1123 1668 1157 declaratum.
1858 1136 1894 1168 15

564 1181 649 1214 RIC.
677 1181 792 1214 Recte
810 1179 970 1214 attendis
985 1191 993 1214 :
1022 1186 1077 1214 set
1095 1191 1163 1214 nec
1182 1180 1252 1214 ista
1270 1180 1485 1222 mortalitas,
1498 1180 1605 1214 sicuti
1620 1191 1688 1214 nec
1705 1178 1841 1224 gracia,

514 1237 633 1283 potuit
658 1238 706 1272 ab
731 1237 883 1271 homine
908 1237 1031 1282 respui
1058 1248 1142 1271 curn
1169 1238 1326 1272 dabatur
1351 1244 1500 1282 propter
1525 1244 1629 1272 tuam
1654 1237 1842 1272 racionem

515 1295 746 1340 premissam,
765 1306 836 1340 que
854 1307 898 1330 ex
915 1294 1145 1340 respuicione
1162 1296 1451 1340 repugnanciam
1470 1295 1659 1331 inferebat.

567 1410 795 1444 IOHANNES.
831 1408 892 1445 Sic
921 1408 1059 1444 fateor:
1096 1414 1151 1443 set
1181 1408 1240 1443 dic
1270 1420 1334 1443 cur
1363 1409 1434 1444 ista
1463 1409 1589 1454 gracia
1616 1408 1740 1453 respui
1767 1419 1842 1442 non

518 1467 638 1513 potuit
660 1479 706 1502 ne
732 1466 893 1509 daretur,
911 1478 954 1501 ex
978 1478 1049 1511 quo
1074 1466 1111 1501 in
1137 1466 1256 1511 primo
1283 1466 1435 1502 instanti
1461 1479 1525 1502 sue
1551 1465 1703 1511 originis
1728 1466 1842 1500 homo
1858 1481 1898 1502 20

519 1525 649 1560 habuit
675 1525 881 1560 libertatem
906 1523 1060 1568 arbitrii,
1087 1535 1160 1570 qua
1184 1525 1301 1569 potuit
1336 1526 1431 1561 male
1457 1526 1560 1569 velle,
1587 1524 1692 1560 sicuti
1725 1523 1842 1569 potuit

520 1584 615 1618 bene
632 1584 734 1618 velle.

568 1643 796 1676 RICARDUS.
824 1639 947 1675 Nimis
966 1640 1152 1675 difficilem
1167 1641 1304 1685 ingeris
1323 1641 1565 1686 questionem,
1578 1640 1615 1675 in
1630 1651 1712 1685 qua,
1728 1639 1757 1675 si
1776 1639 1842 1674 tibi

520 1698 645 1733 dixero
663 1699 762 1743 quod
784 1699 883 1732 nulla
909 1704 1078 1733 creatura
1101 1704 1223 1743 potest
1246 1711 1269 1733 a
1292 1711 1330 1734 se
1357 1699 1393 1733 in
1416 1700 1534 1744 primo
1561 1699 1616 1733 sui
1643 1709 1723 1733 esse
1744 1697 1843 1743 quic-

519 1768 631 1802 quam
649 1757 797 1800 habere,
815 1762 851 1790 et
867 1757 914 1790 ob
938 1757 1019 1799 hoc,
1039 1756 1069 1791 si
1094 1756 1130 1790 in
1154 1756 1272 1800 primo
1298 1756 1449 1791 instanti
1473 1756 1652 1802 potuisset
1677 1767 1841 1801 peccare,
1859 1764 1896 1796 25

520 1816 625 1849 Deus
649 1814 826 1859 potuisset
843 1813 956 1848 fuisse
975 1820 1102 1848 auctor
1119 1814 1212 1848 illius
1231 1814 1385 1859 peccati,
1404 1814 1503 1859 quod
1526 1826 1608 1849 esse
1629 1825 1703 1847 non
1722 1819 1842 1858 potest

520 1872 704 1917 (quamvis
723 1872 795 1906 hoc
816 1871 984 1906 videatur
1006 1871 1042 1905 in
1060 1871 1149 1906 locis
1174 1872 1339 1916 pluribus
1359 1872 1405 1906 de
1425 1872 1582 1906 Civitate
1602 1871 1673 1906 Dei
1695 1878 1730 1906 et
1753 1871 1841 1905 alibi

519 1930 633 1966 fuisse
651 1929 843 1964 sentencia
861 1929 974 1974 patris
993 1929 1106 1964 nostri
1126 1936 1237 1974 atque
1256 1929 1417 1964 doctoris
1435 1929 1585 1963 maximi
1603 1928 1815 1973 Augustini)
1831 1941 1839 1972 ;

519 1987 588 2022 nisi
613 1999 765 2022 causam
787 1987 853 2022 tibi
878 1986 1074 2021 reddidero
1098 1998 1162 2021 cur
1184 1993 1352 2022 creatura
1371 1987 1484 2022 libere
1503 1985 1699 2021 voluntatis
1719 1993 1842 2021 actum

518 2045 674 2080 liberum
693 2045 729 2079 in
747 2044 865 2089 primo
883 2043 938 2079 sui
957 2056 1038 2079 esse
1061 2056 1083 2079 a
1101 2055 1140 2078 se
1158 2045 1296 2079 habere
1318 2056 1392 2079 non
1419 2044 1547 2090 possit,
1567 2043 1673 2078 sicuti
1696 2043 1732 2077 in
1752 2055 1841 2088 quo·
1858 2051 1898 2082 30

520 2114 665 2147 cunque
689 2102 838 2137 instanti
862 2109 1049 2147 sequente,
1066 2102 1178 2136 michi
1203 2103 1411 2137 nullatenus
1432 2102 1654 2146 acquiesces.
1704 2102 1841 2136 Verum
1857 2101 1981 2132 michi:

520 2160 551 2196 si
575 2160 642 2194 tibi
666 2159 803 2201 dixero,
822 2167 860 2194 ut
883 2159 995 2193 michi
1016 2160 1160 2194 videtur
1182 2159 1383 2204 probabile,
1402 2160 1500 2204 quod
1522 2166 1627 2194 actus
1645 2158 1842 2193 voluntatis
1857 2145 1944 2175 m‘m'o
1958 2152 1986 2175 Β·

518 2224 649 2252 nature
667 2223 722 2252 est
736 2217 859 2260 fluide,
872 2217 965 2251 sicut
979 2224 1101 2251 motus
1120 2223 1156 2251 et
1175 2228 1330 2262 semper,
1346 2223 1468 2251 tamen
1482 2223 1536 2251 est
1556 2217 1607 2251 sic
1621 2222 1656 2251 et
1671 2215 1842 2260 gignitur,

519 2276 618 2310 unde
650 2287 719 2310 nec
751 2275 912 2320 primurn
945 2274 1087 2309 instans
1121 2274 1298 2318 esseneie,
1326 2274 1432 2308 sicuti
1467 2285 1534 2309 nec
1562 2280 1692 2318 motus,
1721 2279 1841 2318 potest
1855 2281 1962 2323 asse:
1987 2283 2043 2303 ex-

519 2334 656 2367 habere
684 2333 730 2367 de
760 2332 931 2375 insolit03
966 2331 1134 2367 fortassis
1161 2332 1260 2366 dicto
1286 2332 1486 2374 miraberis,
1505 2337 1541 2366 et
1566 2331 1726 2376 graviter
1749 2331 1842 2365 forte
1856 2322 1954 2348 mens
1970 2324 2008 2348 Μ·

519 2391 636 2426 feres:
671 2390 755 2424 licet
782 2390 869 2424 illud
896 2389 1085 2434 probabile
1111 2389 1226 2424 videri
1253 2396 1378 2434 posset
1396 2390 1495 2434 quod
1522 2388 1692 2423 dominus
1717 2394 1843 2423 noster

520 2450 626 2483 Iesus
645 2447 681 2481 in
700 2447 820 2493 primo
838 2447 988 2481 instanti
1015 2447 1069 2481 sui
1088 2458 1170 2481 esse
1195 2447 1230 2481 in
1257 2447 1382 2481 anima
1399 2458 1473 2481 non
1499 2446 1564 2481 fuit
1590 2452 1674 2481 actu
1700 2447 1841 2489 beatUS,

518 2506 605 2550 quia
622 2512 706 2540 actu
725 2505 840 2539 caruit
859 2505 1068 2547 voluntatis,
1087 2505 1170 2539 licet
1196 2505 1379 2549 perfectus
1397 2511 1485 2538 tunc
1509 2503 1616 2538 fuerit
1639 2502 1841 2538 carismati-

517 2565 587 2598 bus
605 2563 811 2608 graciarum
831 2576 839 2604 ;
866 2562 964 2607 quod
989 2561 1139 2606 insuper
1156 2574 1242 2596 vera
1261 2562 1451 2596 beatitudo
1474 2567 1650 2606 perpetuo
1673 2571 1840 2605 perman—
1849 2564 2007 2608 pennan—

519 2632 613 2662 sura,
632 2632 702 2665 que
727 2620 895 2654 consistit
915 2619 952 2653 in
979 2626 1073 2661 actu,
1092 2620 1231 2653 nullum
1258 2620 1392 2653 habeat
1419 2619 1568 2653 omnino
1594 2618 1755 2660 inicium,
1774 2629 1841 2652 nec
1854 2613 1925 2633 ”va
1940 2610 1969 2633 B·

518 2684 622 2713 actus
648 2678 782 2712 habeat
807 2677 964 2722 primum
988 2688 1069 2711 esse
1088 2676 1147 2721 qui
1174 2677 1383 2711 necessario
1409 2676 1576 2710 ultimum
1600 2687 1681 2710 esse
1705 2676 1841 2709 habere

520 2736 747 2770 convincitur
764 2747 771 2770 ε
799 2735 917 2769 eciam
936 2734 1104 2769 censebis
1123 2746 1195 2768 non
1214 2746 1294 2769 esse
1314 2734 1459 2768 solitum
1478 2733 1549 2767 dici
1565 2733 1659 2774 apud
1676 2740 1839 2767 ‘commu-

520 2793 615 2828 niter
637 2793 877 2838 disputantes,
896 2792 980 2827 licet
1006 2793 1075 2826 hoc
1102 2791 1308 2827 necessario
1335 2797 1580 2836 consequatur
1606 2802 1648 2825 ex
1672 2802 1715 2825 eo
1741 2791 1839 2835 quod
