2008 3305
182 180 234 220 70

329 1641 365 1668 vi.

339 2353 388 2380 vii.

862 179 927 209 DE
961 178 1179 210 DOMINIO
1211 176 1386 208 DIV1No
1620 163 1726 221 [CAP.
1750 176 1789 203 x.

457 290 514 327 vel
540 291 771 340 intelligitur,
799 298 836 329 et
863 297 956 329 ωηο
985 298 1043 329 est
1071 290 1188 336 Deus,
1216 302 1332 339 quem
1357 300 1472 327 nosse
1498 287 1793 332 contendimus;
1811 288 1907 330 [2313

457 374 548 399 cum
582 374 630 399 ex
665 362 853 399 concordi
887 361 1160 411 supposicione
1195 361 1369 398 omnium
1403 359 1652 408 loquencium
1686 357 1795 395 Deus

457 439 514 470 est
543 439 680 470 natura
709 432 973 481 omniquaque
1003 432 1292 481 perfectissima.
1348 430 1468 477 Quod
1500 430 1530 467 si
1561 441 1641 467 non
1671 428 1796 466 existit

458 503 526 540 sed
560 502 678 540 habet
712 514 807 551 pure
840 515 925 540 esse
959 502 1202 551 intelligibile,
1235 502 1310 540 hoc
1344 501 1402 538 vel
1436 506 1492 538 est
1526 499 1705 549 possibile
1736 499 1794 536 vel

457 573 696 622 impossibile
728 573 780 610 sic
810 573 979 622 impleri:
1019 574 1050 611 si
1081 572 1328 622 impossibile,
1359 578 1450 609 tunc
1485 577 1541 608 est
1574 570 1724 615 ficticia,
1753 574 1826 612 ut5

458 644 639 689 chimera,
667 644 734 681 sed
764 644 886 681 eciam
916 644 1102 693 quidlibet
1131 645 1170 681 in
1199 644 1338 681 effectu
1363 644 1434 680 sub
1464 642 1618 680 racione
1648 653 1725 691 qua
1749 641 1796 678 sit

457 715 693 763 intelligibile
717 714 814 752 foret
843 714 951 752 Deus
967 727 976 761 ;
1012 715 1042 752 si
1065 715 1246 764 possibile
1277 715 1324 752 sit
1352 713 1481 750 Deum
1512 714 1722 762 cogitatum
1746 711 1796 749 ad

458 792 607 823 tantum
637 785 781 834 perfici,
812 785 929 833 longe
959 786 1158 835 gloriosior
1185 792 1285 823 esset
1314 786 1344 823 si
1375 784 1548 822 absolute
1578 783 1795 821 necessario

457 856 554 893 foret
567 856 801 901 huiusmodi,
818 857 899 893 sine
916 856 991 894 hoc
1007 857 1112 905 quod
1126 856 1173 894 de
1189 856 1361 905 possibili
1374 856 1423 893 ab
1440 855 1568 905 aliquo
1584 860 1793 892 moveatur.

458 928 508 964 Et
528 933 633 976 patet
653 939 701 964 ex
724 927 1039 964 consideracione
1060 927 1380 976 philosophorum
1401 927 1508 976 quod
1529 926 1697 976 quelibet
1713 938 1794 963 cre·
1811 934 1850 958 10

458 1006 566 1037 atura
586 998 787 1035 manifeste
809 1010 849 1036 se
871 998 1037 1048 denegat
1057 998 1265 1036 formaliter
1286 1010 1370 1035 esse
1390 998 1529 1035 Deum.

512 1069 691 1114 Ulterius,
721 1068 852 1118 quoad
879 1068 1176 1106 fundamentum
1205 1069 1386 1118 logicum,
1410 1075 1515 1118 patet
1541 1068 1648 1117 quod
1673 1067 1797 1106 omni-

459 1151 611 1190 quaque
646 1140 749 1188 capit
778 1140 1055 1189 calumpniam.
1113 1139 1218 1176 Nam
1252 1140 1281 1177 si
1311 1140 1413 1177 nulla
1442 1139 1578 1176 veritas
1607 1145 1674 1184 est,
1705 1145 1796 1175 tunc

458 1224 539 1249 non
560 1218 616 1248 est
636 1211 698 1256 ita,
719 1210 825 1259 quod
845 1210 952 1248 Deus
972 1222 1056 1248 non
1075 1217 1155 1257 est,
1179 1217 1216 1248 et
1237 1211 1267 1248 si
1287 1210 1373 1257 hoc,
1388 1217 1477 1247 tunc
1499 1210 1606 1247 Deus
1627 1216 1693 1254 est,
1707 1221 1797 1247 cum

459 1283 533 1320 due
554 1282 789 1331 negaciones
815 1282 856 1318 in
878 1288 1079 1331 assumpto
1106 1281 1322 1331 equivalent
1342 1282 1408 1318 uni
1432 1279 1450 1299 '¹‘
1473 1280 1735 1325 affirmacioni,
1756 1284 1839 1316 uto

459 1353 572 1391 docet
592 1353 832 1401 Augustinus
852 1353 891 1389 in
912 1352 1039 1390 libello
1061 1364 1132 1390 suo
1153 1351 1269 1389 Unde
1290 1352 1434 1389 malum
1452 1364 1460 1390 :
1489 1351 1519 1389 si
1548 1351 1652 1388 enim
1672 1356 1800 1400 potest

459 1435 544 1461 esse
573 1423 679 1473 quod
698 1423 802 1460 nulla
826 1424 964 1460 veritas
983 1429 1052 1469 est,
1074 1428 1166 1461 tunc
1193 1430 1250 1460 est
1275 1423 1457 1472 possibile
1479 1423 1530 1460 ita
1549 1434 1645 1467 esse,
1667 1427 1704 1458 et
1730 1433 1799 1470 per

460 1494 762 1544 equivalenciam
779 1501 869 1531 tunc
885 1494 1067 1544 possibile
1082 1500 1140 1531 est
1155 1494 1351 1531 veritatem
1364 1493 1423 1530 vel
1438 1505 1569 1530 verum
1589 1504 1673 1530 esse
1694 1492 1801 1541 quod

461 1566 579 1603 nichil
600 1566 656 1612 sit,
676 1572 713 1602 et
735 1566 788 1603 sic
805 1566 941 1602 veritas
961 1571 1018 1602 est
1038 1571 1076 1602 et
1094 1565 1175 1602 eius
1195 1564 1428 1613 oppositum.

517 1637 628 1682 Item,
655 1636 762 1673 iuxta
781 1635 853 1673 hos
883 1635 1027 1684 logicos
1047 1635 1230 1685 possibile
1250 1642 1306 1672 est
1327 1635 1433 1684 quod
1454 1634 1580 1671 nullus
1600 1633 1720 1670 homo
1741 1631 1799 1670 vel
1814 1644 1855 1666 20

461 1708 589 1745 asinus
612 1713 737 1756 potest
760 1718 844 1744 esse
857 1719 867 1753 ,·
898 1713 934 1744 οῖ
960 1719 1050 1744 cum
1077 1706 1245 1755 sequitur
1273 1718 1322 1743 ex
1348 1717 1484 1743 eorum
1507 1705 1716 1754 principiis,
1738 1710 1747 1724 ‘
1762 1703 1801 1740 Si

463 1778 725 1827 ‘impossibile
752 1783 810 1815 est
835 1777 1035 1814 hominem
1055 1777 1114 1814 vel
1141 1777 1293 1814 asinum
1319 1789 1415 1822 esse,
1436 1783 1541 1823 tunc,
1568 1776 1654 1825 ipso
1674 1775 1800 1825 posito

462 1850 527 1886 ‘in
558 1861 654 1894 esse,
675 1849 757 1897 ipse
785 1848 898 1885 simul
924 1855 982 1885 est
1009 1854 1046 1886 et
1075 1859 1157 1885 non
1181 1846 1262 1895 est‚’
1286 1848 1454 1897 sequitur
1485 1847 1589 1897 quod
1617 1846 1801 1896 possibile

462 1927 520 1958 est
546 1920 593 1957 de
619 1919 788 1969 qualibet
817 1919 946 1957 danda
971 1919 1143 1957 essencia
1168 1919 1285 1968 quod,
1314 1920 1344 1956 si
1371 1920 1455 1968 ipsa
1481 1925 1549 1964 est,
1579 1919 1662 1967 ipsa
1688 1918 1801 1955 simul

462 1998 518 2028 est
537 1997 574 2028 ct
594 2003 675 2028 non
697 1996 766 2027 est.
825 1989 876 2026 Et
898 2002 988 2028 cum
1009 1990 1093 2027 talis
1113 1990 1251 2027 veritas
1273 1989 1545 2027 condicionata
1568 2001 1649 2026 non
1676 1993 1801 2037 potest
1817 1999 1854 2031 25

462 2062 632 2110 incipere
652 2061 711 2098 vel
732 2061 917 2106 desinere,
938 2073 1030 2110 ymo
1051 2073 1125 2098 nec
1146 2073 1240 2103 esse,
1261 2061 1335 2098 nisi
1354 2059 1464 2097 fuerit
1485 2060 1656 2097 absolute
1670 2071 1802 2097 neces-

464 2134 572 2178 saria,
598 2133 767 2182 sequitur
798 2132 904 2181 quod
934 2144 1056 2169 unum
1084 2132 1267 2181 quodque
1297 2131 1502 2180 positivum
1528 2143 1611 2168 esse
1642 2130 1802 2168 includit

464 2205 637 2242 absolute
686 2204 908 2241 necessario
956 2203 1159 2241 formalem
1206 2203 1533 2252 repugnanciam:
1593 2201 1698 2251 quod
1745 2207 1802 2238 est

467 2277 628 2313 nimium
649 2275 802 2325 puerile.

523 2347 632 2393 Item,
668 2359 757 2383 cum
788 2345 915 2383 solum
948 2344 1157 2382 affirmacio
1190 2344 1349 2381 includit
1383 2344 1571 2393 opposita,
1597 2356 1705 2393 pono
1738 2342 1802 2380 ad·
1817 2352 1857 2383 30

469 2419 634 2456 versario
657 2418 710 2454 sic
733 2416 907 2466 opinanti
928 2415 1045 2465 quod,
1069 2416 1098 2453 si
1119 2415 1251 2464 opinio
1271 2427 1338 2452 sua
1359 2415 1404 2452 sit
1424 2427 1523 2460 vera,
1544 2415 1626 2464 ipsa
1646 2427 1726 2453 non
1746 2421 1804 2453 est

465 2502 562 2527 vera.
622 2489 730 2526 Patet
752 2487 983 2537 possibilitas
1005 2499 1126 2532 casus,
1149 2493 1231 2523 tum
1247 2486 1335 2535 quia
1355 2492 1411 2523 est
1432 2498 1509 2523 una
1529 2486 1804 2524 condicionalis

465 2572 545 2597 non
572 2560 794 2597 affirmativa
824 2570 976 2608 ponens
1005 2557 1229 2607 quidquam,
1251 2563 1331 2593 tum
1357 2557 1478 2594 eciam
1505 2557 1595 2606 quia
1621 2556 1804 2605 possibile

465 2637 523 2669 est
552 2632 658 2668 iuxta
682 2642 839 2668 sensum
868 2641 981 2667 suum
1011 2629 1206 2666 neminem
1237 2640 1353 2677 posse
1382 2639 1487 2665 esse:
1518 2634 1554 2664 et
1583 2616 1749 2674 indubie,
1774 2627 1803 2664 si

503 2762 524 2777 1.
543 2758 641 2783 quem:
663 2750 744 2777 codd.
757 2758 819 2782 que.
916 2756 954 2780 15.
976 2753 1038 2783 post
1052 2748 1108 2773 due
1122 2747 1144 2772 B
1158 2746 1255 2773 dande
1268 2746 1370 2773 inserit.
1468 2756 1505 2780 19.
1526 2747 1700 2779 oppositum:
1722 2747 1803 2774 codd.

466 2786 656 2818 suppositmn.
760 2794 800 2817 27.
822 2783 951 2816 quodque
966 2782 987 2808 B
1000 2783 1038 2809 C:
1059 2781 1203 2814 quodlibet
1216 2782 1250 2807 A.
