2095 3278
54 154 263 213 CAP.XIV.]
589 167 652 198 DE
684 166 926 199 PAUPERIE
957 163 1269 197 SALVATORIS.
1780 158 1864 205 355

158 276 254 318 191)]
319 271 407 306 IOH.
433 270 516 315 Dic,
535 271 654 305 donec
670 270 792 305 tedeat
808 281 867 304 me
885 268 1022 303 audire.

316 330 402 363 RIC.
430 330 525 363 Cum
543 328 709 373 superius
735 328 782 362 sit
801 328 986 361 firmatum
1012 327 1134 360 Deum
1152 324 1401 368 cuiuscunque
1420 329 1584 358 creature
1601 329 1628 361 5-

267 397 291 420 a
309 397 347 421 se
369 386 582 431 primarium
606 393 642 421 et
667 385 913 421 inabdicabile
938 385 1075 419 habere
1102 383 1319 425 dominium,
1338 382 1459 416 nullus
1480 393 1588 426 super

269 450 484 486 creaturam,
518 443 589 478 nisi
623 444 670 479 de
703 443 775 478 Dei
809 442 1041 487 beneplacito
1083 447 1119 476 et
1153 441 1232 485 ipso
1274 440 1518 475 auctorizante
1551 446 1588 474 et

237 504 254 536 5
269 502 387 536 eciam
405 503 643 547 approbante,
662 501 919 537 auctoritatem
936 500 1070 545 poterit
1088 505 1150 534 aut
1170 498 1317 534 debebit
1334 498 1501 543 accipere
1523 509 1588 532 seu

266 566 402 595 tenere.

315 619 406 653 IOH.
434 620 491 653 Ita
508 618 662 653 videtur.

313 676 401 711 RIC.
428 677 588 711 Putasne
622 687 703 711 esse
744 674 1011 719 beneplacitum
1046 673 1140 715 Deo,
1174 672 1203 706 si
1246 671 1324 706 eius
1366 671 1586 706 mandatum

267 739 533 778 contempnens
552 733 619 768 sub
638 745 681 768 eo
700 733 745 768 sit
763 744 912 767 suarum
929 742 1051 766 rerum
1068 729 1277 775 prepositus
1293 731 1305 763 ?

51 786 133 817 Mat·
150 797 179 817 V·
201 793 254 826 45·
316 792 406 825 IOH.
435 791 509 825 Cur
528 791 630 825 non?
655 802 699 825 ex
725 801 797 835 quo
820 789 939 824 bonus
963 788 1148 823 Dominus
1174 793 1240 830 est,
1259 787 1328 831 qui
1346 786 1457 820 solem
1475 798 1585 821 suum

267 850 366 883 oriri
370 848 472 893 facit
487 851 601 894 super
615 849 723 883 bonos
739 852 775 882 et
790 848 919 891 malos,
935 851 971 881 et
980 847 1088 892 pluit
1099 848 1211 891 super
1226 847 1342 879 iustos
1358 849 1393 879 et
1414 846 1585 889 iniustos,

267 905 459 949 evangelio
477 912 686 941 attestante.

314 965 402 998 RIC.
429 964 525 1008 Quia
535 964 683 999 bonitas
696 975 769 999 non
784 962 909 998 obviat
924 961 1064 997 iusticie
1078 972 1198 1006 neque
1212 961 1411 1006 prudencie
1428 972 1435 995 :
1461 967 1497 996 et
1512 972 1587 995 non

266 1021 422 1065 ambigis
456 1022 543 1067 quin
577 1021 777 1066 prudencie
810 1028 918 1066 atque
953 1020 1095 1055 iusticie
1128 1019 1345 1054 adversatur
1378 1019 1414 1053 in
1448 1030 1491 1054 eo
1525 1018 1585 1063 qui

215 1085 252 1118 15
267 1085 388 1124 potest
407 1079 577 1114 continue
595 1079 674 1114 sine
692 1090 796 1113 mora
808 1078 931 1114 omnia
949 1077 1131 1112 maleficia
1149 1078 1272 1112 debite
1291 1077 1474 1120 ordinare,
1487 1077 1586 1121 quod

265 1147 361 1181 equa
386 1136 586 1172 auctoritas
612 1149 721 1182 super
744 1148 803 1172 res
829 1135 981 1171 dominii
1008 1136 1063 1170 sui
1089 1136 1135 1170 sit
1154 1135 1216 1180 pio
1241 1142 1276 1170 et
1294 1135 1418 1180 impio,
1437 1135 1532 1169 iusto
1550 1141 1587 1169 et

266 1194 410 1237 iniusto,
442 1206 603 1239 nequam
636 1201 672 1229 et
706 1195 814 1238 bono,
848 1194 1036 1229 obedienti
1069 1200 1105 1228 et
1140 1193 1361 1237 contumaci,
1395 1193 1516 1227 amico
1550 1199 1586 1227 et

266 1251 425 1293 inimico,
451 1251 590 1287 amanti
615 1264 721 1287 suum
742 1252 948 1287 dominium
971 1258 1008 1287 et
1033 1263 1140 1286 suum
1166 1250 1371 1286 dominium
1395 1257 1586 1295 contemp-

263 1309 366 1344 nenti
383 1321 391 1353 ;
419 1309 449 1344 si
467 1321 553 1344 vero
581 1310 785 1345 dominium
808 1309 995 1354 originale,
1014 1309 1178 1344 admisso
1203 1315 1357 1354 peccato
1374 1308 1529 1346 mortali,
1548 1307 1586 1342 in

213 1376 253 1398 20
265 1373 449 1411 potestate
482 1374 660 1410 maneret,
694 1368 764 1402 hec
799 1374 933 1402 cuncta
967 1366 1222 1411 contingerent
1239 1378 1247 1401 ε
1291 1367 1388 1400 unde
1423 1365 1587 1410 sequitur

264 1424 363 1469 quod
392 1425 479 1459 illud
506 1425 694 1469 peccando
724 1425 926 1469 amittitur3
954 1425 1037 1459 licet
1068 1436 1176 1459 usum
1199 1425 1256 1459 vel
1285 1425 1443 1458 abusum
1465 1435 1586 1458 rerum

264 1493 412 1517 suarum
429 1482 686 1527 peccatoribus
706 1483 809 1517 Deus
827 1482 1028 1527 permittat,
1046 1493 1175 1517 eorum
1192 1481 1440 1527 penitenciam
1457 1492 1585 1526 provo-

264 1539 394 1574 cando.
445 1541 550 1582 Item,
569 1540 802 1585 supraposite
824 1540 1003 1584 raciones,
1022 1551 1092 1585 que
1115 1540 1274 1585 probant
1291 1545 1438 1584 gratam
1455 1550 1584 1584 accep·
1598 1533 1629 1565 6·

264 1596 411 1632 cionem
441 1597 545 1632 istius
571 1597 724 1632 dominii
755 1598 978 1642 prevenisse,
1008 1604 1186 1643 tanquam
1214 1609 1364 1632 causam
1393 1598 1587 1632 formalem

211 1659 250 1692 25
265 1654 391 1699 ipsius,
415 1654 505 1689 satis
535 1655 734 1690 ostendunt
756 1656 856 1691 istud
882 1655 1087 1691 dominium
1114 1655 1149 1689 in
1176 1656 1275 1689 nullo
1300 1654 1451 1690 homine
1476 1666 1586 1700 posse

263 1712 343 1747 sine
361 1712 487 1756 gracia
503 1723 704 1749 remanere.
737 1713 797 1748 Ad
812 1714 910 1758 quod
923 1713 1185 1748 enucliandum
1204 1712 1439 1757 diligentibus
1452 1719 1585 1747 tracta·
1600 1717 1629 1751 7·

262 1769 403 1804 toribus
426 1769 706 1814 Scripturarum,
734 1771 892 1815 Spiritus
917 1777 1070 1806 sanctus
1096 1771 1218 1815 quoad
1244 1770 1455 1806 oblaciones
1481 1771 1587 1815 Cayn

262 1833 299 1862 et
315 1827 411 1862 Abel
432 1828 545 1862 verba
562 1828 714 1872 aptavit,
726 1835 764 1863 ut
782 1828 956 1873 sequitur,
973 1829 1132 1862 Factum
1150 1832 1205 1863 est
1219 1833 1343 1863 autem
1352 1831 1437 1873 post
1449 1829 1588 1862 multos

262 1885 341 1919 dz'es
366 1888 410 1919 ut
425 1885 551 1929 ‹ffiret
574 1885 675 1929 Cayn
700 1886 744 1919 de
756 1886 950 1931 fructibus
974 1889 1072 1920 terre
1096 1897 1254 1920 munera
1278 1886 1468 1927 Domz‘no;
1491 1886 1527 1920 A
1534 1885 1590 1919 bel

210 1956 251 1987 30
263 1952 407 1986 quoque
424 1942 563 1986 optulit
577 1943 621 1976 de
638 1943 907 1988 primogenitis
918 1944 1050 1988 gregis
1066 1944 1129 1977 sui
1143 1947 1179 1977 et
1200 1944 1243 1977 de
1260 1943 1433 1987 adipibus
1449 1954 1587 1977 eorum.

264 2000 357 2034 Gen.
375 1999 420 2033 iv.
438 2009 458 2043 3
478 2011 485 2034 :
507 1999 569 2034 ubi
586 2000 681 2034 Abel
706 2000 800 2034 iusto
826 2000 1030 2035 dominium
1054 2012 1175 2035 rerum
1200 2000 1377 2044 attribuit,
1404 2000 1586 2045 inquiens,

255 2058 388 2102 gregis
410 2057 492 2100 suz'3
520 2058 619 2102 quod
636 2058 683 2092 de
710 2058 813 2103 Cayn
839 2057 964 2103 impio,
985 2057 1072 2104 quia
1095 2058 1298 2095 dominium
1321 2059 1492 2103 perdidit,
1510 2070 1586 2094 non

263 2113 453 2159 expressit,
473 2121 527 2149 set
544 2114 595 2149 ait
614 2114 660 2149 de
677 2113 768 2159 ipso,
787 2116 831 2149 de
835 2115 1029 2160 fructibus
1045 2120 1152 2152 terre.

312 2228 542 2263 IOHANNES.
592 2229 790 2263 Gratanter
804 2228 874 2263 ista
888 2234 1040 2273 accepto
1058 2240 1065 2264 :
1093 2235 1148 2264 set
1167 2229 1253 2274 quia
1272 2229 1439 2267 Christus
1456 2229 1584 2265 habuit
1597 2230 1690 2263 XIV.

209 2294 248 2326 35
263 2285 467 2320 humanum
489 2285 525 2320 in
547 2292 628 2320 ortu
652 2297 717 2321 suo
741 2286 917 2330 originale
938 2286 1152 2331 dominium,
1171 2288 1337 2332 nunquid
1360 2288 1448 2323 illud
1470 2288 1584 2323 domi·
1599 2291 1640 2329 Of,
1655 2289 1772 2330 Christ's
1793 2290 1865 2316 heir-

262 2343 366 2378 nium
385 2343 552 2378 Christus
570 2343 709 2388 accepit
728 2344 764 2379 in
782 2350 863 2378 ortu
882 2344 956 2379 iure
974 2345 1194 2380 hereditario
1213 2346 1266 2380 sui
1285 2346 1392 2390 primi
1411 2346 1585 2391 parentiS‚
1598 2325 1869 2391 ἶῗῑιὲῑὲᾞῗέῗέξὶξῑῧῗ

262 2412 336 2435 non
367 2401 419 2435 ita
445 2400 556 2435 michi
583 2400 774 2445 clarescit;
811 2402 988 2447 quoniam
1013 2402 1124 2437 michi
1150 2403 1294 2439 videtur
1318 2415 1363 2441 ex
1388 2404 1458 2440 hoc
1484 2404 1587 2452 sequi

262 2457 361 2502 quod
379 2457 501 2492 Adam
519 2459 708 2503 peccando
725 2458 886 2503 perdidit
904 2458 994 2493 illud
1016 2459 1220 2495 dominium
1238 2472 1304 2505 pro
1325 2461 1474 2496 Christo
1492 2462 1586 2496 sicut

262 2526 328 2559 pro
346 2515 437 2559 aliis,
457 2516 549 2550 sicut
567 2516 656 2550 illud
674 2516 815 2561 accepit
839 2527 906 2561 pro
930 2517 1011 2561 ipso
1035 2523 1070 2551 et
1096 2517 1243 2553 Christo
1270 2519 1363 2555 sicut
1389 2530 1454 2564 pro
1479 2519 1558 2554 aliis
1578 2533 1587 2562 ;

208 2583 252 2614 40
265 2573 438 2617 quoniam
456 2573 548 2608 alias
568 2573 736 2609 Christus
754 2586 862 2609 verus
880 2575 962 2611 Ade
980 2575 1074 2610 filius
1092 2587 1166 2609 non
1184 2576 1320 2612 fuisset.

312 2632 541 2667 RICARDUS.
577 2631 744 2666 Christus
763 2632 840 2668 iure
859 2632 1078 2669 hereditario
1097 2633 1151 2668 sui
1169 2634 1276 2678 primi
1291 2634 1453 2679 parentis
1468 2634 1587 2669 domi-

169 2693 253 2724 20A
266 2687 367 2722 nium
385 2688 474 2723 illud
492 2689 645 2733 accepit,
663 2701 736 2724 non
754 2690 840 2734 quia
857 2690 953 2725 filius
971 2697 1035 2725 aut
1052 2691 1159 2726 heres
1177 2691 1285 2736 primi
1303 2694 1325 2716 *
1342 2692 1503 2727 hominis
1522 2693 1586 2727 de-

266 2745 475 2791 linquentis,
501 2753 554 2782 set
580 2747 665 2792 quia
690 2747 784 2784 filius
806 2754 841 2783 et
863 2749 969 2782 heres
994 2748 1271 2786 inforifactibilis
1293 2749 1401 2795 primi
1425 2750 1585 2787 hominis

871 2821 902 2854 A
925 2826 949 2852 a
972 2824 995 2854 2
