2095 3278
209 211 291 273 368
881 220 1086 253 RICARDI
1119 219 1421 252 ARMACHANI
1874 208 1975 262 [Lis.
1993 221 2041 251 11.

494 324 740 369 aptitudinem
760 336 824 359 seu
838 324 1052 359 facultatem
1066 324 1228 369 aliquam
1245 324 1463 368 ampliorem
1481 323 1529 358 ad
1548 323 1712 366 regimen
1728 328 1820 357 attu-
1836 320 1934 363 [22D

491 383 641 426 lissent3
678 383 776 417 unde
800 383 983 417 habentes
1009 383 1120 417 talem
1145 382 1391 427 aptitudinem
1426 381 1647 426 ampliorem
1673 382 1720 416 de
1742 382 1824 425 lege

491 448 621 476 nature
640 442 769 476 ceteris
787 452 937 486 preesse
957 441 1152 475 debebant.

540 500 630 533 IOH.
657 500 715 533 Ex
743 499 822 533 istis
846 511 906 533 me
935 498 1096 543 quadarn
1124 497 1363 543 perplexitate
1390 497 1622 541 constringis,
1648 498 1823 542 quoniam

493 556 726 600 presidencia
750 557 857 591 unius
885 568 995 601 super
1022 556 1126 599 alios,
1153 567 1264 600 quam
1292 555 1384 590 dicis
1411 556 1544 590 debere
1571 555 1684 590 fuisse
1708 556 1744 589 in
1772 556 1856 593 eis5

490 615 535 647 de
551 615 628 659 lege
644 619 790 656 nature,
810 614 1027 658 originalem
1045 613 1304 648 auctoritatem
1324 624 1432 658 super
1446 619 1632 648 creaturas
1647 620 1826 658 quantum

491 673 540 706 ad
558 684 666 707 usum
684 684 810 707 earum
829 673 866 707 in
883 672 1040 707 subditis
1056 671 1197 706 cunctis
1212 671 1344 705 minuit
1363 677 1398 706 et
1416 671 1602 715 restringit
1620 683 1627 714 ;
1653 678 1688 706 et
1702 671 1754 706 ita
1772 672 1829 706 lex

493 731 554 765 illa
572 731 790 766 adversatur
808 730 974 765 dominio
993 730 1161 775 originali
1178 742 1185 764 :
1212 730 1311 764 unde
1329 731 1385 764 lex
1403 736 1533 764 nature
1552 730 1628 764 sive
1646 730 1704 764 lex
1720 736 1830 764 natu-

493 788 580 823 ralis
606 790 706 824 nullo
732 789 845 823 modo
871 788 1026 830 videtur,
1046 795 1100 823 set
1127 788 1256 832 pocius
1282 788 1468 830 violenta3
1504 788 1602 832 quod
1628 787 1729 822 enim
1757 787 1829 821 ori-

492 847 614 891 ginale
629 847 849 882 beneficium
864 847 978 882 michi
992 846 1085 882 tollit
1103 853 1165 881 aut
1180 846 1321 890 minuit,
1334 846 1534 881 violentum
1545 846 1657 881 michi
1671 847 1826 889 videtur,
1842 865 1883 888 10

493 907 701 940 nullatenus
719 907 898 940 naturale.

214 980 289 1006 Such
303 979 362 1005 ruffi
542 965 629 999 RIC.
657 964 767 999 Aliud
785 971 841 1000 est
868 964 1075 999 dominium
1098 964 1219 1009 ipsum
1246 963 1466 1007 restringere
1491 963 1567 998 sive
1593 964 1769 1005 minuere,
1788 969 1827 998 ut

212 1013 377 1039 diminisshes
391 1012 438 1037 ‘he
494 1022 568 1056 iam
586 1022 659 1056 dixi
674 1034 681 1065 ;
708 1029 745 1057 et
763 1023 863 1057 aliud
877 1034 984 1057 suum
1001 1029 1135 1066 actum,
1152 1021 1258 1056 sicuti
1273 1022 1320 1056 de
1333 1022 1434 1056 fatuo
1452 1028 1487 1056 et
1501 1021 1646 1056 ebrioso
1661 1022 1828 1066 superius

212 1056 262 1072 use
276 1047 307 1072 of
316 1046 421 1072 lordshi

212 1089 316 1112 among
328 1080 375 1105 the
385 1055 480 1104 mllgr's
494 1087 549 1115 est
576 1087 779 1124 ostensum,
799 1081 836 1115 in
855 1080 988 1125 quibus
1015 1092 1102 1115 usus
1121 1080 1275 1115 dominii
1294 1080 1441 1123 tollitur,
1460 1091 1533 1114 non
1560 1080 1682 1124 ipsum
1709 1079 1827 1114 domi-

212 1113 473 1179 {figifffi’dgffitpnm
494 1138 607 1172 nium.
659 1139 812 1182 Pariter,
832 1139 931 1183 quod
949 1150 1044 1172 unus
1063 1138 1165 1173 alteri
1184 1145 1239 1173 est
1257 1138 1420 1182 prelatus
1438 1149 1673 1182 nequaquam
1696 1137 1829 1172 minuit
1843 1148 1881 1181 15

211 1180 293 1206 “sem
494 1197 530 1231 in
550 1208 589 1231 se
608 1196 786 1241 originale
800 1196 1017 1238 dominium,
1033 1203 1087 1231 set
1101 1196 1178 1230 eius
1197 1202 1320 1230 actum
1335 1207 1378 1230 ex
1396 1207 1509 1230 causa
1522 1195 1617 1230 iusta
1630 1196 1828 1240 restringit,

494 1266 559 1290 seu
576 1254 720 1297 minuit,
737 1254 753 1272 '¹‘
771 1261 807 1289 et
823 1254 912 1289 facit
930 1266 1016 1289 eum
1030 1266 1095 1298 per
1112 1255 1182 1288 hoc
1197 1253 1346 1288 alterius
1361 1253 1544 1298 probioris
1561 1253 1730 1298 regimini
1745 1265 1828 1289 esse
1841 1263 1925 1292 23A

494 1313 712 1356 subiectum,
731 1324 807 1347 non
826 1313 904 1347 eius
928 1312 1095 1347 dominio
1111 1324 1118 1346 :
1147 1312 1253 1347 sicuti
1276 1323 1375 1346 nunc
1392 1311 1558 1346 viventes
1585 1313 1829 1347 communiter
1840 1330 1911 1353 seu:
1929 1330 1959 1352 52
1972 1327 2004 1352 B.

494 1371 563 1406 sibi
588 1377 753 1406 statuunt
777 1371 961 1415 prelatum
987 1371 1064 1405 sive
1089 1370 1320 1414 magistrum,
1341 1376 1379 1404 ut
1406 1370 1518 1415 presit
1545 1369 1708 1415 ipsorum
1733 1370 1828 1415 regi·

493 1430 596 1473 mini,
615 1441 690 1464 non
716 1429 770 1464 eis
797 1430 982 1463 ullatenus
1010 1428 1240 1471 dominetur;
1272 1435 1327 1463 set
1353 1427 1508 1473 quisque
1533 1427 1569 1462 in
1595 1428 1702 1463 bonis
1728 1440 1828 1463 com·
1844 1446 1884 1469 20

497 1487 671 1523 munibus
698 1487 839 1532 optinet
866 1493 901 1522 et
927 1486 1060 1522 retinet
1086 1487 1231 1521 titulum
1258 1497 1386 1531 parem
1412 1486 1560 1530 pretori.
1612 1487 1700 1521 Non
1729 1486 1828 1521 enim

497 1553 586 1581 tunc
604 1545 702 1580 aliud
728 1545 935 1580 dominium
959 1544 1170 1579 hominibus
1196 1544 1448 1578 necessarium
1468 1544 1661 1587 extitisset,
1680 1545 1829 1589 quando

497 1605 652 1649 quisque
666 1604 856 1638 voluntate
870 1603 1030 1647 gratuita
1043 1603 1114 1646 legi
1129 1602 1289 1637 racionis
1304 1602 1383 1636 sine
1397 1602 1595 1636 rebellione
1613 1601 1830 1636 omnimoda

497 1662 692 1707 paruisset.
744 1662 857 1697 Unde
881 1661 1087 1706 improvide
1111 1660 1264 1695 intulisti
1291 1661 1391 1705 quod
1413 1661 1470 1694 lex
1487 1660 1548 1694 illa
1571 1659 1740 1704 originali
1765 1660 1830 1694 do-

497 1720 612 1754 minio
631 1720 859 1763 adversatur,
874 1726 937 1753 aut
952 1720 1051 1764 quod
1065 1718 1242 1763 originale
1257 1718 1476 1753 beneficium
1490 1718 1583 1752 tollit
1598 1724 1661 1752 aut
1679 1718 1829 1762 minuit;
1846 1728 1884 1760 25

497 1777 672 1822 quoniam
686 1788 807 1812 rerum
822 1789 910 1811 usus
925 1788 997 1812 non
1009 1783 1065 1811 est
1080 1776 1255 1820 originale
1269 1775 1491 1810 beneficium
1505 1781 1560 1810 set
1574 1775 1651 1810 eius
1666 1775 1831 1818 effectus,

497 1847 568 1870 nec
586 1835 823 1870 racionabilis
842 1846 1005 1879 unquam
1024 1833 1212 1869 restriccio
1230 1834 1285 1868 ius
1305 1834 1453 1878 aliquod
1472 1834 1637 1868 naturale
1655 1833 1747 1867 tollit
1766 1844 1831 1868 seu

497 1893 647 1927 dirimit.
700 1895 749 1928 Et
769 1893 798 1928 si
816 1893 939 1927 adhuc
957 1892 1114 1926 traheris
1133 1892 1233 1936 quod
1251 1891 1334 1926 talis
1352 1892 1410 1926 lex
1426 1891 1597 1925 effectum
1619 1897 1655 1925 et
1670 1891 1831 1925 fructum

496 1951 665 1986 beneficii
685 1951 875 1996 originalis
902 1950 1033 1985 minuit
1051 1956 1113 1984 aut
1137 1949 1336 1993 restringit,
1354 1949 1503 1984 attende
1522 1948 1632 1994 quod,
1652 1949 1738 1993 quia
1760 1948 1831 1982 hoc

498 2011 538 2044 fit
556 2010 760 2044 secundum
777 2009 1005 2053 exigenciam
1023 2008 1195 2051 racionis,
1210 2007 1294 2042 ideo
1313 2006 1364 2041 sic
1382 2007 1422 2041 fit
1438 2018 1513 2041 non
1533 2006 1685 2048 nocive3
1712 2012 1832 2050 preter
1845 2014 1886 2046 30

499 2069 570 2102 hoc
588 2068 689 2112 quod
708 2067 744 2101 in
761 2067 843 2101 aliis
861 2066 1066 2101 commodis
1090 2066 1195 2100 affert
1219 2071 1255 2100 et
1278 2065 1421 2109 proficit
1437 2076 1444 2099 :
1474 2065 1526 2099 sic
1544 2064 1644 2109 quod
1665 2064 1831 2108 originali

498 2125 677 2160 beneficio
696 2124 912 2168 simpliciter
935 2123 1088 2158 omnino
1106 2135 1179 2158 non
1205 2129 1313 2158 nocet
1340 2123 1376 2157 in
1403 2128 1501 2157 statu
1519 2121 1680 2167 presenti
1706 2132 1775 2156 nec
1794 2121 1831 2156 in

499 2189 599 2218 statu
618 2182 835 2217 innocencie
853 2182 1050 2217 nocuisset.

375 2305 486 2336 XXV,
546 2297 725 2332 Admisso
750 2296 849 2331 enim
876 2306 898 2330 a
924 2296 1139 2341 parentibus
1166 2297 1301 2331 nostris
1328 2302 1491 2341 peccato,
1519 2295 1644 2330 statim
1674 2294 1831 2330 necessi-

220 2359 265 2385 Of
272 2359 318 2385 the
328 2359 487 2396 advantage
500 2362 613 2391 tatem
647 2354 828 2389 moriendi
862 2360 897 2389 et
928 2353 1170 2389 infeccionem
1205 2354 1337 2397 carnis,
1368 2365 1479 2399 quam
1507 2354 1695 2398 apostolus
1725 2359 1831 2387 vocat
1846 2356 1885 2388 35

218 2394 253 2452 gi
262 2393 311 2451 {12ss
322 2397 481 2458 {stssffion
500 2415 614 2459 legem
641 2413 900 2455 membrorum,
918 2413 967 2446 ad
993 2413 1102 2447 Rom.
1120 2411 1206 2455 viii.,
1225 2418 1260 2446 et
1285 2412 1333 2446 ad
1353 2413 1432 2446 Gal.
1452 2424 1485 2446 v.
1507 2411 1559 2454 16,
1579 2412 1831 2455 concupiscere·
1845 2407 1942 2437 Rom·
1956 2406 2010 2438 vii·

219 2475 428 2518 The-‚infection
442 2475 474 2500 of
500 2473 595 2506 ciam
621 2472 757 2513 carnis,
783 2482 910 2505 eorum
935 2481 1091 2514 corpora
1117 2475 1399 2511 contraxerunt;
1429 2480 1501 2513 qua
1526 2468 1833 2513 concupiscencia
1847 2459 1897 2490 ²3·

219 2518 309 2569 glans
322 2515 420 2536 nature
433 2509 472 2541 by
499 2541 575 2565 non
592 2535 737 2564 tantum
755 2540 882 2564 eorum
900 2539 1055 2573 corpora
1079 2534 1133 2562 set
1157 2527 1277 2562 eciam
1302 2527 1449 2572 spiritus
1475 2533 1559 2561 sunt
1578 2526 1714 2569 infecti,
1733 2532 1771 2561 ut
1795 2526 1832 2560 in

501 2588 691 2633 spiritibus
711 2587 913 2621 eorundem
931 2598 953 2620 a
971 2586 1091 2620 carnis
1106 2585 1411 2630 concupiscencia
1429 2586 1529 2620 fieret
1545 2585 1704 2630 quedam
1723 2584 1832 2619 affec-

501 2645 570 2688 cio,
590 2645 678 2689 quin
702 2644 823 2679 verius
842 2644 1001 2688 quedam
1026 2643 1191 2686 infeccio,
1217 2643 1425 2678 indelebilis
1447 2643 1483 2676 in
1504 2643 1576 2676 hac
1593 2641 1692 2676 vita:
1720 2653 1831 2686 quam
1845 2650 1888 2682 40

501 2703 613 2738 michi
628 2702 784 2744 videtur,
801 2711 815 2736 1
837 2702 884 2736 ad
903 2702 1027 2736 Thirn.
1042 2701 1088 2736 vi.
1105 2711 1157 2745 10,
1172 2701 1415 2745 cupiditatem
1433 2701 1621 2745 apostolus
1634 2700 1832 2744 appellare,

501 2773 586 2796 cum
605 2761 705 2804 dicit,
724 2761 854 2794 Radix
869 2761 1036 2793 omnium
1055 2760 1241 2793 malorum
1260 2763 1313 2793 est
1334 2759 1548 2803 cupz'dz'tas;
1572 2769 1616 2792 ex
1635 2769 1707 2802 qua
1732 2756 1833 2801 cupi-

502 2819 616 2854 ditate
636 2818 800 2854 omnium
815 2818 995 2853 malorum
1011 2829 1146 2861 genera
1164 2816 1338 2851 oriuntur.
1377 2816 1586 2860 Manifesta
1604 2819 1702 2859 sunl,
1716 2814 1832 2859 inquit
