2008 3305
231 196 317 225 off.
342 181 408 240 11.]
661 193 807 225 LIBER
840 193 1107 226 SECUNDUS.

115 310 211 351 61A]
227 306 313 344 Deo
336 318 504 356 presens.
561 306 612 343 Et
642 319 690 344 ex
721 307 791 344 ista
812 312 903 344 nota
929 306 1204 355 methaphisica
1225 305 1430 344 considero
1450 306 1555 356 quod

226 377 353 414 omnis
373 377 509 413 veritas
538 382 663 413 creata
692 382 749 414 est
778 377 995 414 necessaria
1018 389 1065 413 ex
1096 376 1377 425 supposicione‚
1399 382 1437 414 et
1466 388 1555 414 curn

227 446 303 483 boc
324 446 564 495 contingens,
588 446 682 483 sicut
702 452 739 484 et
769 447 956 495 quotlibet
975 446 1045 483 alie
1065 447 1241 484 veritates
1261 452 1391 483 eterne
1406 452 1486 483 tam
1507 446 1555 483 de

227 517 405 566 preterito
434 529 552 566 quarn
581 517 628 553 de
658 516 795 562 futuro,
827 529 900 566 que
929 517 1061 554 omnia
1089 524 1177 554 sunt
1203 517 1459 554 essencialiter
1487 516 1555 554 sed

197 599 215 631 5
230 598 309 624 non
330 586 533 624 formaliter
553 586 678 623 divina
697 587 879 624 essencia.

283 656 329 693 In
349 656 428 693 istis
452 657 569 693 tribus
591 656 690 693 nidis
711 655 768 706 (ut
789 657 1000 694 secundum
1021 656 1256 694 sentenciam
1277 657 1377 694 beati
1397 657 1552 705 Augus-

226 725 293 762 tini
313 725 458 775 loquar,
479 726 604 774 primo
624 738 738 775 super
759 726 944 763 Genesim
965 726 1013 763 ad
1034 726 1195 763 litteram
1216 726 1335 776 xxiii.)
1355 739 1440 776 ego,
1464 739 1553 765 cum

182 801 212 830 B
227 795 308 832 aliis
327 796 438 844 pullis
459 795 598 833 Christi
618 796 743 833 adhuc
764 796 890 833 volare
910 796 1178 841 nescientibus,
1195 797 1340 834 nutrior
1359 797 1398 833 in
1420 795 1438 815 *
1462 797 1554 834 silva

229 865 421 914 Scripture
441 865 583 914 pabulo
598 866 761 902 veritatis
777 878 786 911 ;
816 866 855 902 in
874 866 966 915 ipsis
986 878 1142 915 quoque
1162 867 1400 915 protegimur
1420 874 1555 905 contra

177 951 216 974 10
229 935 417 972 versucias
432 934 843 980 hereticorum‚contra
858 936 1079 985 ampulosas
1093 936 1269 984 argucias
1283 937 1553 986 sophistarum,

227 1012 264 1042 et
297 1011 431 1042 contra
464 1005 669 1042 animalem
709 1006 939 1054 sapienciam
979 1006 1275 1044 mundanorum.
1351 1006 1454 1044 Nam
1487 1019 1555 1056 per

228 1076 387 1112 tercium
423 1075 563 1112 scimus
597 1076 794 1124 quomodo
827 1076 1023 1113 verissime
1057 1076 1104 1113 de
1133 1076 1269 1114 virtute
1299 1078 1487 1114 sermonis
1517 1083 1555 1114 et

228 1144 483 1193 signatissime
499 1145 626 1194 quoad
646 1157 802 1182 sensum
823 1145 1034 1183 locucionis
1054 1146 1243 1195 prophete
1263 1152 1300 1183 et
1320 1147 1383 1184 alii
1402 1153 1555 1185 autores

230 1214 420 1263 Scripture
443 1215 631 1252 alternant
657 1216 910 1264 pulcherrime
934 1217 973 1253 in
993 1217 1246 1266 exprimendo
1273 1229 1362 1254 suas
1381 1217 1556 1255 veritates

178 1299 215 1331 15
230 1296 296 1333 per
315 1285 428 1322 verba
453 1285 726 1334 cuiuscumque
752 1286 866 1322 trium
886 1292 1104 1335 temporum
1131 1287 1343 1324 secundum
1363 1287 1556 1336 pertinen-

228 1354 328 1391 ciam
354 1355 511 1391 misterii
541 1355 744 1393 reserandi.
800 1356 850 1393 Et
880 1363 984 1406 patet
1010 1357 1134 1406 prima
1158 1357 1380 1405 supposicio
1403 1369 1450 1394 ex
1470 1369 1555 1406 pre-

228 1425 337 1462 dictis
357 1432 394 1462 et
412 1426 501 1463 alibi
522 1425 731 1463 declaratis.

685 1563 1013 1601 CAPITULUM
1053 1564 1104 1600 ΙΙ.

281 1649 464 1688 SECUNDA
505 1651 735 1700 supposicio‚
779 1651 965 1697 videlicet,
1006 1650 1110 1700 quod
1148 1662 1218 1688 ens
1260 1651 1470 1700 analogum
1509 1652 1555 1689 sit

178 1720 393 1768 20primum
431 1720 642 1758 universale
679 1721 858 1770 possibile
894 1733 941 1758 ex
973 1721 1048 1758 hoc
1078 1720 1224 1758 videtur
1253 1721 1418 1767 evidens,
1449 1722 1555 1770 quod

226 1789 375 1827 nullum
394 1790 606 1828 universale
626 1797 753 1839 potest
774 1803 876 1828 nunc
899 1803 983 1828 esse
999 1791 1245 1828 communius
1265 1798 1300 1829 et
1316 1791 1410 1829 alias
1429 1792 1555 1829 minus

226 1872 434 1897 commune
450 1873 460 1906 ‚·
491 1861 558 1898 sed
587 1873 656 1898 ens
677 1860 884 1909 analogum
905 1866 1031 1910 potest
1051 1872 1133 1898 esse
1153 1861 1204 1898 ita
1225 1873 1431 1899 commune
1461 1862 1557 1900 sicut

226 1930 383 1979 aliquod
407 1931 594 1979 signabile
622 1937 749 1980 potest
773 1943 882 1977 esse;
913 1943 1006 1980 ergo
1036 1937 1092 1968 est
1121 1931 1193 1968 ista
1223 1943 1430 1969 commune
1461 1933 1558 1970 sicut

228 2001 370 2049 aliquid
394 2007 522 2050 potest
548 2014 642 2039 esse.
701 2000 829 2039 Maior
848 2008 951 2050 patet
971 2014 1017 2038 ex
1044 2001 1119 2039 hoc
1141 2002 1246 2051 quod
1272 2002 1481 2040 universale
1501 2010 1558 2040 est

179 2088 218 2120 25
229 2082 275 2108 eo
293 2071 549 2117 communius,
570 2084 649 2121 quo
669 2071 753 2121 plus
773 2072 1102 2109 communicatum
1120 2085 1129 2118 3
1161 2072 1228 2109 sed
1257 2084 1326 2110 ens
1346 2073 1556 2122 analogum

227 2141 531 2179 communicatur
557 2142 664 2179 omni
692 2142 868 2190 presenti,
890 2142 1083 2191 preterito,
1105 2148 1142 2179 et
1169 2142 1321 2189 futuro;
1353 2155 1447 2192 ergo
1476 2156 1556 2181 non

226 2217 353 2260 potest
381 2212 659 2249 communicari
687 2212 883 2260 pluribus:
916 2213 1088 2261 sequitur
1117 2212 1325 2250 conclusio.
1384 2213 1423 2250 Si
1452 2214 1557 2251 enim

227 2281 442 2318 universale
473 2282 519 2318 sit
542 2294 644 2319 nunc
674 2282 920 2319 communius
940 2282 997 2319 vel
1023 2282 1185 2320 strictius
1211 2295 1289 2332 quo
1315 2295 1419 2321 nunc
1448 2295 1556 2321 com-

227 2351 447 2389 municatur
478 2352 662 2401 pluribus,
696 2352 755 2388 vel
787 2351 835 2388 ad
869 2352 1082 2389 maximum
1125 2353 1252 2390 minus
1290 2353 1427 2400 multis,
1463 2360 1556 2392 tunc

180 2421 375 2470 gospecies
401 2422 587 2468 instantis,
609 2422 754 2469 fenicis,
777 2428 814 2459 et
843 2422 984 2459 similes
1011 2428 1139 2459 essent
1168 2423 1349 2460 continue
1374 2424 1444 2461 sub
1473 2436 1555 2461 non

228 2491 351 2540 gradu
380 2492 689 2538 communitatis;
729 2498 765 2529 et
799 2491 837 2528 in
873 2492 1043 2540 quolibet
1077 2499 1250 2541 ternpore
1280 2493 1376 2530 foret
1408 2494 1556 2532 instans

262 2584 287 2608 9.
307 2584 418 2608 quoque
436 2576 478 2601 A:
498 2585 552 2608 que
571 2576 635 2602 BC.
767 2578 804 2602 16.
827 2577 980 2602 reserandi
996 2577 1033 2602 A‘-'
1045 2576 1085 2607 (in
1104 2577 1206 2609 marg.)
1220 2577 1294 2603 BC:
1319 2578 1493 2604 reservandi
1508 2578 1555 2605 Al.

229 2618 270 2641 23.
290 2609 412 2641 aliquod
424 2609 495 2635 BC:
520 2610 608 2635 aliud
618 2610 650 2635 A.
763 2611 802 2635 26.
824 2613 853 2635 et
865 2610 922 2636 AC
935 2617 940 2636 z
961 2611 1009 2637 vel
1020 2611 1050 2637 B.
1165 2620 1205 2643 29.
1227 2611 1382 2643 llplurz'bus
1396 2612 1418 2637 B
1432 2612 1450 2638 f.
1466 2621 1515 2644 240
1525 2620 1555 2638 Α.

230 2651 271 2674 31.
284 2642 387 2675 gradu
399 2643 439 2668 A2
450 2642 488 2672 (in
502 2643 605 2676 marg.)
619 2643 640 2668 B
652 2643 693 2669 C:
710 2643 747 2676 ξε
760 2644 805 2668 ΑΙ.

401 2707 431 2740 6.
456 2709 594 2750 August.
613 2709 653 2741 de
670 2709 751 2741 Gen.
769 2709 811 2740 ad
827 2709 889 2741 litt.
906 2710 928 2741 i.
948 2711 985 2740 18
1005 2712 1020 2747 ξ
1041 2709 1092 2750 36,
1109 2711 1196 2752 Opp.
1215 2720 1243 2750 3.
1263 2721 1322 2754 129
1338 2720 1368 2743 B.

383 2768 431 2801 19.
459 2760 608 2792 Secunda
622 2762 818 2802 suppositio:
843 2772 947 2802 supra,
966 2772 998 2803 p.
1018 2768 1077 2802 173
1096 2762 1117 2793 l.
1139 2771 1188 2801 23.

859 2834 926 2860 N2

1747 193 1828 237 179

1569 1658 1604 1684 B.
1623 1656 1685 1683 The
1697 1664 1746 1683 ens

1568 1692 1727 1723 analogum
1739 1689 1762 1715 is
1776 1689 1823 1715 the

1568 1725 1628 1750 first
1641 1723 1784 1749 universal

1568 1757 1690 1790 possible
1701 1764 1708 1788 ;

1568 1792 1610 1817 for
1623 1791 1643 1816 it
1657 1790 1680 1816 is
1693 1798 1768 1815 more

1568 1832 1695 1850 common
1710 1823 1778 1848 than

1569 1866 1625 1890 any
1638 1857 1717 1882 other
1730 1855 1790 1882 uni-

1570 1890 1670 1917 versal.
