2095 3278
222 183 304 238 388

221 311 320 342 entire,
336 311 368 337 os
377 311 425 336 the

221 346 311 371 whole
325 345 411 370 world

220 379 277 404 and
291 379 327 404 its
340 382 477 408 contents,

221 413 277 437 and
292 411 401 443 partial,
417 411 448 436 of

222 446 290 470 each
304 444 418 477 particle
432 444 465 469 of

222 479 283 504 that
298 478 405 507 whole:
424 486 455 503 so

221 512 280 537 also
294 511 316 536 is
329 511 372 536 his
382 519 444 544 pos-

221 545 336 571 session.

223 763 285 790 Not
298 762 364 795 only
374 762 421 788 the

222 797 313 822 whole
326 796 404 822 earth
417 796 468 821 but

223 839 309 862 every
321 831 441 855 element

223 873 274 889 can
288 864 322 888 be
335 862 481 895 possessed

223 897 261 930 by
275 906 338 923 man
350 904 357 928 ;

231 2274 282 2299 but
299 2273 326 2299 in
339 2271 458 2306 varying

233 2308 357 2340 degrees.

865 185 1068 218 RICARm
1100 182 1401 215 ARMACHANI
1848 168 1952 227 [ms.
1975 181 2037 210 111.

502 302 596 337 sicut
616 301 792 346 originale
812 299 1017 335 dominium
1036 300 1073 334 in
1092 298 1242 333 homine
1259 307 1481 342 unoquoque
1498 301 1554 330 est
1573 294 1718 339 duplex,
1736 294 1824 329 inte·
1839 295 1929 335 [270

501 362 602 405 grale
623 360 791 405 (scilicet)
813 359 929 394 tocius
949 358 1128 393 inferioris
1147 357 1275 391 mundi
1292 368 1374 391 cum
1390 355 1463 391 suis
1482 354 1673 397 contentis,
1693 360 1728 388 et
1745 365 1825 398 par-

502 419 593 452 ciale
608 418 767 453 cuiusvis
783 417 960 462 particule
976 415 1070 450 illius
1085 415 1214 457 tocius,
1227 421 1262 449 et
1275 420 1330 449 est
1349 413 1509 458 parciale
1524 411 1728 446 dominium
1742 423 1827 456 pars

502 476 689 519 integralis
718 474 836 510 tocius
868 473 1055 518 integralis
1084 472 1262 515 dominii;
1303 471 1356 505 sic
1386 471 1471 505 huic
1498 469 1633 514 duplici
1662 468 1826 503 dominio

502 533 647 578 duplex,
675 533 825 574 scilicet,
854 531 1041 574 integralis
1068 537 1104 565 et
1131 529 1312 574 parcialis,
1339 528 1525 573 possessio
1551 526 1825 571 correspondet,
1841 531 1858 563 5

501 602 657 635 quarum
670 596 822 634 utraque
835 588 1049 623 immediate
1061 588 1157 622 iusta
1172 587 1328 621 efficitur
1341 598 1363 621 a
1378 585 1541 620 dominio
1553 585 1622 619 sibi
1638 583 1826 619 conformi.

552 649 641 682 IOH.
669 648 733 682 Set
754 658 828 681 non
851 646 1014 690 intelligo
1033 645 1189 691 qualiter
1206 643 1337 689 aliquis
1356 651 1490 678 terram
1507 649 1623 677 totam
1645 648 1707 677 aut
1724 652 1826 676 mare

500 708 616 737 totum
635 702 769 747 poterit
787 701 989 746 possidere.

548 761 636 795 RIC.
666 759 858 794 Possessio
885 765 940 793 est
967 759 1119 793 effectus
1146 757 1291 792 medius
1317 757 1412 792 inter
1430 756 1634 790 dominium
1659 760 1694 789 et
1720 765 1827 788 usum

501 818 579 853 eius
598 829 864 862 quemcunque,
883 823 921 851 ut
941 817 1098 851 diximus
1115 829 1124 858 ;
1151 815 1326 861 quoniam
1344 826 1453 849 nemo
1470 826 1535 859 per
1552 812 1757 847 dominium
1775 811 1826 846 uti
1842 823 1883 846 10

501 883 624 922 potest
641 888 678 911 re
697 876 820 921 aliqua
837 875 908 909 nisi
926 875 974 909 ab
992 886 1036 909 eo
1055 885 1242 919 possessa,
1257 872 1424 918 quamvis
1443 872 1548 907 aliter
1568 870 1732 916 (scilicet,
1752 880 1827 904 non

501 946 566 980 per
580 933 785 968 dominium
804 939 859 968 set
875 944 941 977 per
958 932 1157 966 fraternum
1170 943 1336 966 amorem
1350 937 1412 965 aut
1426 930 1654 964 voluntatem
1667 927 1829 971 aliquam

502 992 613 1027 aliam
631 990 852 1035 delectandi)
874 990 1078 1035 quibusque
1096 988 1272 1024 creaturis
1291 989 1444 1033 quisque
1466 994 1589 1022 utatur
1604 999 1611 1021 ε
1637 993 1673 1021 et
1691 986 1739 1020 ob
1756 986 1829 1019 hoe

501 1049 689 1094 possessio
712 1061 734 1083 a
756 1047 919 1083 dominio
943 1047 1015 1082 isto
1035 1046 1277 1090 descendens,
1296 1053 1475 1091 tanquam
1496 1044 1733 1079 immediatus
1751 1042 1829 1077 eius

502 1107 666 1149 effectus,
684 1106 732 1140 ad
747 1106 874 1140 omnia
888 1104 1035 1140 usibilia
1054 1116 1092 1139 se
1109 1105 1307 1139 extendere
1321 1109 1440 1149 potest
1454 1104 1502 1137 ad
1520 1114 1590 1147 que
1608 1114 1648 1137 se
1665 1100 1829 1136 extendit
1846 1108 1884 1142 15

501 1164 718 1206 dominium,
753 1163 905 1207 scilicet,
931 1163 979 1198 ad
1013 1169 1130 1197 totum
1162 1163 1288 1197 orbem
1318 1173 1362 1196 ex
1391 1160 1580 1197 elementis
1610 1166 1764 1205 quatuor
1792 1164 1828 1193 et

502 1234 629 1258 eorum
660 1222 840 1257 contentis
872 1222 1128 1267 compositum.
1181 1222 1276 1256 Cum
1306 1220 1406 1255 enim
1436 1219 1626 1264 Scriptura
1657 1216 1829 1253 benedic-

502 1280 620 1316 cionis
646 1281 808 1315 humane
833 1279 1006 1324 primarie
1033 1285 1202 1324 patenter
1226 1278 1384 1312 affirmat
1409 1283 1545 1312 terram
1567 1276 1707 1311 homini
1726 1275 1831 1309 titulo

502 1338 656 1373 dominii
683 1337 794 1372 fuisse
813 1337 1015 1372 subiectam
1041 1336 1113 1371 hiis
1132 1336 1266 1379 verbis,
1288 1336 1433 1380 [replete
1457 1339 1597 1370 terram
1623 1338 1659 1368 et
1681 1334 1832 1368 subicite

502 1407 583 1430 eam
605 1396 714 1440 (Gen.
733 1395 755 1430 i.
775 1396 830 1437 28,
850 1395 911 1429 ubi
937 1395 1008 1430 alia
1030 1394 1230 1430 translacio
1252 1394 1363 1428 habet
1382 1393 1635 1428 dominamini
1657 1393 1700 1435 ei,
1719 1402 1831 1437 quarn
1847 1404 1887 1425 20

502 1453 731 1498 Augustinus
766 1453 915 1497 exponit
958 1451 1116 1497 septimo
1159 1451 1303 1486 decimo
1344 1452 1436 1486 libro
1478 1452 1524 1486 de
1560 1449 1717 1485 Civitate
1759 1448 1831 1483 Dei
1845 1450 1931 1499 Aug.
1949 1449 1994 1499 de

504 1511 664 1557 capitulo
694 1510 804 1555 xxii),
832 1510 965 1545 iterum
999 1522 1097 1545 nono
1125 1509 1297 1554 capitulo,
1327 1510 1482 1554 Implete
1513 1513 1664 1551 terram,
1695 1514 1730 1543 et
1764 1509 1831 1543 Sa·
1845 1493 1915 1568 ἓξ
1929 1493 1997 1567 {31²¹

503 1569 647 1614 piencie
673 1568 717 1603 ix.
743 1579 775 1611 2,
800 1578 832 1611 3,
858 1567 1002 1611 dicitur,
1031 1568 1271 1603 Constituisti
1297 1568 1481 1602 hominem
1508 1571 1553 1601 ut
1576 1566 1836 1601 dominaretur
1902 1559 1909 1566 '
1970 1559 1979 1568 '

503 1630 672 1662 creature
688 1630 750 1660 tue
772 1637 842 1670 que
862 1638 886 1659 a
908 1630 942 1660 te
957 1626 1068 1670 facta
1085 1630 1148 1669 est,
1167 1629 1211 1660 ut
1234 1626 1409 1670 disponat
1432 1625 1551 1659 orbem
1577 1629 1766 1658 terrarum
1791 1624 1834 1657 in

503 1686 692 1729 equitate;
728 1695 799 1728 que
827 1683 954 1718 omnia
983 1683 1190 1718 dominium
1220 1683 1382 1718 hominis
1416 1694 1526 1728 super
1554 1689 1673 1717 totum
1706 1682 1833 1716 orbern
1848 1695 1887 1728 25

504 1749 600 1778 terre
624 1742 796 1776 videntur
821 1742 1015 1776 ostendere
1035 1753 1042 1775 :
1069 1752 1143 1775 non
1162 1741 1271 1776 video
1297 1753 1362 1776 cur
1387 1752 1462 1775 non
1488 1740 1606 1785 possit
1631 1746 1709 1774 tota
1726 1746 1833 1781 terra,

504 1800 617 1834 modo
635 1805 759 1834 tamen
777 1811 841 1834 sue
858 1805 988 1834 nature
1007 1810 1181 1843 congrue,
1200 1800 1247 1833 ab
1266 1799 1414 1833 homine
1432 1797 1622 1843 possideri.
1666 1797 1779 1833 Unde
1797 1795 1835 1830 in

505 1857 621 1892 nostri
641 1857 845 1892 Salvatoris
862 1856 1056 1891 nativitate
1075 1856 1210 1891 carnali
1232 1857 1350 1892 tocius
1369 1863 1463 1891 terre
1489 1867 1582 1890 unus
1608 1855 1741 1899 legitur
1765 1854 1835 1888 im-

504 1921 668 1961 perator:
692 1915 816 1956 Exiit,
829 1914 957 1959 inquit,
969 1915 1128 1949 edictum
1143 1928 1165 1949 a
1181 1915 1310 1949 Cesare
1322 1915 1358 1949 Α
1364 1918 1501 1960 agusto
1515 1918 1557 1948 zct
1572 1913 1840 1947 describeretur

506 1975 711 2008 universus
735 1973 834 2007 orbis
861 1972 964 2016 (Luc.
984 1972 1018 2006 ii.
1041 1971 1098 2016 1):
1126 1984 1195 2007 nec
1221 1973 1267 2007 de
1294 1973 1372 2007 solo
1398 1973 1469 2006 hoc
1494 1983 1576 2007 esse
1603 1971 1743 2005 dictum
1769 1970 1834 2004 do-
1850 1982 1892 2012 30

506 2031 633 2074 minio,
665 2037 719 2065 set
750 2031 797 2064 de
827 2029 1074 2075 possessione,
1102 2042 1146 2065 ex
1176 2030 1245 2065 illis
1275 2030 1389 2074 gestis
1417 2036 1595 2075 apparet;
1632 2028 1835 2074 descripcio

506 2089 605 2124 enim
632 2094 667 2123 et
695 2099 827 2123 census
857 2089 1003 2122 oblatus
1035 2099 1102 2133 pro
1130 2088 1251 2133 capite
1276 2088 1552 2133 possessionem
1578 2087 1711 2122 terreni
1737 2086 1837 2121 orbis

510 2147 722 2181 ostendunt.
772 2147 821 2180 Et
848 2146 984 2190 pariter
1009 2145 1122 2180 michi
1148 2146 1293 2181 videtur
1318 2147 1363 2181 de
1389 2146 1481 2180 mari
1506 2152 1542 2180 et
1561 2146 1607 2180 de
1630 2156 1713 2180 aere
1737 2151 1773 2179 et
1791 2144 1838 2179 de

508 2204 593 2249 igne
620 2203 827 2239 secundum
845 2203 964 2248 magis
985 2202 1002 2221 ‘¹‘
1017 2210 1052 2238 et
1075 2204 1210 2238 minus.
1261 2204 1480 2238 Dominium
1498 2209 1621 2238 tamen
1640 2209 1675 2237 et
1695 2213 1837 2248 posses·
1851 2213 1884 2241 D

511 2262 652 2297 sionem
671 2261 784 2296 habet
802 2261 915 2296 homo
933 2261 1139 2305 aliqualiter
1156 2262 1355 2306 ampliores
1374 2273 1486 2306 super
1509 2272 1567 2295 res
1594 2272 1660 2295 suo
1684 2260 1837 2305 imperio
1853 2272 1892 2304 35

510 2320 628 2363 magis
655 2326 846 2364 promptas
873 2325 908 2353 et
936 2319 971 2353 in
996 2330 1088 2364 quas
1106 2331 1150 2353 ex
1176 2319 1410 2354 institucione
1429 2318 1578 2363 originis
1596 2319 1717 2363 plures
1735 2324 1838 2353 actus

510 2377 636 2412 utendi
662 2383 783 2421 potest
810 2376 922 2411 libere
947 2388 1127 2419 exercere,
1148 2388 1258 2421 quam
1286 2376 1322 2410 in
1349 2388 1405 2411 res
1433 2377 1511 2410 illas
1538 2376 1573 2410 in
1601 2388 1692 2421 quas
1720 2382 1839 2421 potest

509 2441 613 2469 actus
632 2434 823 2478 pauciores
842 2434 980 2469 habere
997 2446 1004 2468 :
1031 2440 1065 2468 et
1092 2434 1176 2468 ideo
1196 2434 1473 2478 quodammodo
1499 2435 1611 2468 habet
1631 2435 1742 2468 homo
1760 2445 1838 2468 am-

511 2491 605 2536 plius
624 2491 826 2525 dominium
846 2502 955 2536 super
974 2503 1032 2526 res
1056 2492 1211 2526 mobiles
1230 2502 1342 2536 quam
1368 2503 1478 2536 super
1504 2491 1722 2534 immobiles,
1742 2491 1838 2525 scili-

511 2555 581 2591 cet,
610 2549 813 2592 elementa3
854 2549 952 2583 unde
979 2549 1025 2583 de
1055 2549 1253 2583 mobilibus
1287 2555 1386 2584 extat
1414 2549 1564 2592 dictum,
1591 2549 1711 2594 Quasi
1738 2549 1839 2582 olera
1850 2562 1894 2594 40

511 2607 679 2640 virencia
697 2606 844 2640 tradidi
858 2606 961 2639 vobis
977 2608 1129 2640 omnia:
1155 2612 1190 2640 et
1217 2606 1375 2650 amplius
1401 2606 1606 2640 dominium
1632 2606 1702 2640 isto
1728 2606 1839 2640 modo

513 2675 621 2708 super
645 2675 769 2700 aerem
796 2675 906 2708 quam
933 2675 1043 2707 super
1069 2663 1204 2708 ignem,
1231 2671 1267 2698 et
1297 2675 1406 2708 super
1431 2675 1566 2708 aquam
1592 2675 1702 2708 quam
1732 2675 1840 2708 super

512 2733 645 2764 aerem,
673 2728 707 2755 et
734 2732 843 2765 super
867 2727 1003 2755 terram
1030 2732 1141 2766 quam
1171 2733 1332 2766 aquam;
1362 2721 1468 2756 sicuti
1495 2721 1603 2765 exigit
1636 2722 1839 2756 secundum

515 2779 756 2824 philosophos
781 2778 942 2814 hominis
961 2778 1167 2814 communis
1186 2779 1411 2824 composicio
1435 2779 1610 2815 naturalis
1629 2791 1671 2815 ex
1689 2786 1786 2815 terra
1803 2785 1839 2814 et
