2008 3305
225 208 311 237 CAP.
337 195 384 253 1.]
658 206 804 237 LIBER
836 205 1109 238 SECUNDUS.
1753 208 1831 250 ¹77

107 321 206 362 60B]
221 319 259 355 in
280 320 408 357 anima
428 320 485 357 vel
511 332 569 357 res
590 320 755 357 secunde
776 321 1053 369 imposicionis‚
1079 319 1146 357 sed
1167 331 1227 356 res
1252 325 1359 356 extra
1387 319 1551 356 intentas
1565 328 1585 354 it
1599 329 1683 387 {efefis
1696 334 1725 355 to
1736 329 1833 389 ‚thgngs

219 389 480 438 principaliter
507 402 529 426 a
555 396 712 427 natura:
743 397 784 427 ut
809 389 908 427 Gen.
929 390 951 426 i.
976 402 1019 426 12
1044 389 1180 427 dicitur
1207 389 1311 438 quod
1338 388 1444 426 Deus
1464 401 1553 438 pro·
1565 371 1598 420 ῗιξ
1609 371 1822 427 nleitti'reef'smg

219 458 326 495 duxit
347 466 445 496 terre
466 460 668 496 nascencia
689 460 902 497 secundum
923 472 1046 508 genus
1067 466 1104 496 et
1130 459 1277 507 speeies
1299 470 1386 496 suas
1402 471 1411 504 ς
1443 465 1479 496 et
1500 459 1552 495 ita

220 528 269 565 de
293 528 374 565 aliis
404 530 577 577 partibus
608 529 801 578 Scripture
832 530 870 566 in
891 530 1030 578 quibus
1060 529 1106 566 sit
1136 529 1291 566 mencio
1321 529 1369 565 de
1399 540 1551 577 genere,

189 601 206 631 5
221 593 358 642 specie,
375 593 603 640 differencia,
619 594 787 642 proprio,
808 594 866 630 vel
886 594 1081 631 accidente
1094 606 1104 639 ,·
1133 605 1225 642 ymo
1242 593 1288 630 de
1302 593 1415 630 rebus
1429 593 1553 642 prime

220 663 446 700 intencionis
460 676 534 712 que
549 676 617 712 per
632 664 704 700 ista
718 664 878 700 nomina
893 664 1154 712 designantur.
1185 663 1223 700 N
1226 675 1270 699 ec
1287 663 1338 700 sic
1351 663 1551 712 loqueren-
1564 670 1831 730 effniiormablywifh

180 739 208 767 C
223 739 280 769 tur
296 730 314 751 *
330 739 482 770 autores
505 733 696 782 Scripture
716 746 803 770 curn
822 733 1060 782 philosophis
1082 733 1335 778 concorditer,
1353 733 1425 770 nisi
1441 710 1794 771 inte1‚{,h‘}10²2¹g{{{{{⁰

220 803 380 851 ligerent
401 814 493 839 sane
523 814 583 839 res
615 804 805 840 naturales
834 803 920 852 plus
949 803 1226 852 appreciabiles
1247 803 1366 851 signis
1396 803 1547 840 nostris.

221 872 454 910 Communia
481 873 608 922 itaque
633 880 719 910 sunt
743 874 846 922 prius
875 874 1021 910 intenta
1041 885 1063 910 a
1093 880 1237 917 natura,
1259 885 1333 921 que
1355 872 1461 910 Deus
1491 885 1549 910 re-·

169 953 208 975 10
221 943 334 991 quirit
355 943 481 991 previe
503 943 551 980 ad
571 943 645 980 hoc
667 943 771 992 quod
792 943 987 980 individua
1008 943 1291 992 producantur:
1321 948 1373 989 ut,
1391 943 1421 979 si
1444 942 1551 979 Deus

219 1013 397 1061 producit
417 1013 523 1050 illum
539 1013 750 1059 hominem,
767 1013 954 1062 preexigit
981 1013 1202 1050 naturaliter
1224 1013 1329 1062 quod
1350 1013 1396 1049 sit
1416 1013 1547 1058 homo,

217 1095 265 1119 ex
287 1094 364 1132 quo
384 1089 583 1130 tamquam
610 1084 879 1131 presupposito
901 1083 986 1120 facit
1013 1083 1253 1120 individuum
1281 1083 1415 1119 datum
1442 1094 1549 1127 esse;

218 1159 256 1189 et
277 1153 330 1190 sic
351 1153 542 1202 gradatim
567 1153 815 1190 ascendendo
834 1165 956 1203 usque
981 1153 1029 1190 ad
1050 1165 1118 1190 ens
1138 1159 1310 1192 creatum
1330 1153 1550 1201 analogum,

219 1223 265 1260 de
295 1235 372 1272 quo
406 1224 494 1261 dicit
528 1231 641 1261 autor
673 1224 719 1260 de
750 1223 897 1268 Causis,
926 1223 1199 1272 proposicione
1229 1229 1377 1272 quarta,
1406 1222 1548 1259 Prima

167 1301 203 1331 15
218 1295 376 1330 omnium
398 1306 523 1330 rerum
542 1298 751 1330 creatarum
772 1298 824 1330 est
840 1306 921 1338 esse,
944 1298 978 1329 el
994 1298 1075 1330 ante
1094 1295 1211 1342 zpsum
1229 1306 1301 1329 non
1320 1297 1373 1329 est
1389 1298 1550 1330 creatum

217 1364 369 1412 aliquid.
426 1363 474 1400 Et
513 1364 571 1401 isti
605 1364 725 1401 modo
756 1364 939 1413 loquendi
973 1364 1185 1401 innituntur
1218 1364 1337 1401 sancti
1372 1363 1551 1402 doctores

217 1435 357 1483 quibus
396 1446 581 1471 concesse
616 1440 704 1472 sunt
745 1433 1027 1483 Scripturarum
1066 1435 1259 1471 sentencie
1298 1434 1474 1479 veriores,
1510 1440 1551 1472 ut

217 1505 458 1549 Ambrosius,
479 1504 729 1553 Augustinus,
749 1504 977 1549 Ieronimus,
997 1510 1034 1541 et
1054 1504 1116 1540 alii
1137 1510 1428 1553 consequentes.

272 1573 388 1611 Unde
428 1574 524 1611 inter
561 1574 653 1612 alias
692 1580 805 1611 notas
837 1586 933 1623 quas
971 1574 1087 1611 didici
1126 1574 1165 1610 in
1204 1574 1380 1611 scienciis
1418 1581 1549 1612 nostre
1568 1582 1658 1609 Three
1671 1584 1767 1608 notes:

166 1655 206 1676 20
219 1644 411 1693 sapiencie
432 1644 669 1689 subalternis,
691 1650 766 1682 tres
793 1644 908 1681 michi
935 1645 1058 1693 magis
1083 1645 1277 1693 signanter
1297 1645 1548 1683 subserviunt.

219 1715 347 1751 Prima
377 1720 434 1751 est
468 1714 638 1762 logicalis
674 1726 750 1762 qua
783 1725 980 1762 cognosco
1013 1714 1247 1751 universales
1277 1715 1454 1752 veritates
1488 1714 1591 1752 vela.
1610 1721 1783 1753 concerning

1561 1755 1715 1780 universal
1730 1754 1830 1779 truths

217 1784 359 1822 formas
386 1797 433 1821 ex
454 1790 560 1833 parte
585 1784 648 1829 rei,
670 1785 708 1820 in
729 1784 867 1833 quibus
895 1784 1088 1822 individua
1115 1791 1203 1822 sunt
1230 1785 1399 1830 fundata,
1422 1792 1458 1822 et
1481 1797 1549 1833 per
1561 1788 1829 1846 fferissfflffffffhpffie

217 1855 317 1892 hane
350 1854 525 1892 concedo
561 1854 808 1903 Scripturam‚
839 1861 879 1890 ut
912 1855 1092 1903 ponitur;
1135 1861 1172 1892 et
1202 1855 1313 1892 video
1348 1855 1548 1904 quomodo
1553 1854 1744 1920 j'jgffjjjjffgfls
1756 1862 1808 1879 “re

218 1931 372 1963 autores
404 1937 507 1962 nunc
540 1924 682 1962 faciunt
713 1925 1006 1963 distribuciones
1045 1937 1115 1975 pro
1154 1926 1313 1974 singulis
1350 1938 1548 1974 generum,

166 2011 203 2042 25
219 2008 321 2034 nunc
355 2007 426 2044 pro
457 1996 664 2044 generibus
698 1995 950 2044 singulorum,
980 2003 1021 2033 ut
1051 1997 1178 2045 primo
1207 1996 1255 2035 ad
1285 1996 1416 2033 Thim.
1446 1997 1482 2034 ii.
1514 2009 1550 2042 4.

217 2066 376 2115 quando
396 2066 487 2103 dicit
515 2065 714 2115 apostolus
735 2065 839 2115 quod
865 2065 971 2102 Deus
998 2067 1079 2104 vult
1104 2079 1223 2104 omnes
1242 2068 1402 2105 homines
1427 2068 1554 2104 salvos

205 2136 310 2184 fieri,
332 2136 370 2172 id
389 2143 457 2181 est,
478 2136 689 2173 secundum
710 2136 971 2182 Ambrosium,
990 2136 1037 2173 de
1059 2137 1165 2175 omni
1185 2149 1326 2185 genere
1348 2137 1550 2175 hominum

218 2206 367 2255 aliquos
398 2206 475 2243 vult
507 2206 661 2243 salvari:
712 2213 748 2243 et
780 2206 871 2244 illud
910 2207 1059 2244 videtur
1096 2219 1314 2244 consonum
1354 2207 1549 2256 processui

171 2285 203 2313 D
219 2276 382 2325 apostoli
404 2274 422 2294 *
445 2283 481 2312 et
512 2275 714 2324 Scripture.
773 2275 874 2313 Nam
904 2277 1103 2325 apostolus
1123 2277 1246 2315 innuit
1266 2277 1372 2326 quod
1393 2289 1472 2315 non
1493 2284 1550 2316 est

164 2362 205 2392 30
218 2346 328 2383 alicui
366 2346 496 2395 generi
535 2345 737 2383 hominum
777 2346 1075 2395 desperandum,
1118 2348 1185 2386 sed
1224 2359 1346 2396 reges,
1388 2348 1549 2392 nobiles,

217 2416 415 2465 ignobiles,
437 2423 475 2453 et
500 2428 615 2453 omne
642 2428 765 2465 genus
785 2417 986 2454 hominum
1015 2418 1147 2455 salvari
1174 2419 1338 2467 poterit:
1370 2425 1406 2455 et
1428 2419 1549 2455 simile

217 2487 376 2524 habetur
396 2486 489 2525 Luc.
509 2487 558 2523 xi.
574 2499 636 2533 42,
653 2487 719 2524 ubi
740 2487 878 2524 dicitur
899 2488 1004 2536 quod
1026 2487 1195 2526 Pharisei
1217 2488 1411 2526 decimant
1431 2500 1549 2528 omne

752 2596 792 2619 25.
812 2589 841 2614 iz'.
856 2595 864 2614 .·
882 2588 964 2615 codd.
979 2589 1013 2615 6⁰.

265 2684 313 2715 14.
338 2675 584 2707 Pseudo-Arist.
603 2676 643 2707 de
660 2675 784 2713 causis,
800 2686 894 2717 prop.
910 2676 966 2714 iv.,
982 2676 1080 2707 Arist.
1095 2676 1184 2718 Opp.
1203 2687 1276 2708 cum
1294 2688 1414 2709 eornm.
1433 2678 1544 2710 Averr.

241 2751 248 2758 .
285 2751 292 2757 .
333 2736 344 2756 1
406 2750 413 2758 .

220 2734 236 2768 7
264 2728 323 2818 2f7.1
340 2735 639 2809 lffscgudo-Ambros
660 2778 790 2811 Comm.
808 2778 840 2809 in
861 2788 873 2809 1
889 2778 976 2810 Tim.
994 2779 1029 2818 ii,
1043 2779 1132 2820 Opp.
1152 2788 1166 2809 2
1187 2780 1238 2820 (2)
1256 2779 1321 2820 466
1337 2780 1464 2821 (Migne
1480 2781 1544 2821 17).

876 2852 899 2876 N
