2095 3278
239 173 323 211 402

900 168 1103 201 RICARDI
1133 167 1438 201 ARMACHANI
1869 155 1971 214 [Lm.
1989 168 2055 197 111.

522 285 583 320 hic
609 283 797 330 loquitur),
826 290 1094 330 consequenter
1119 284 1277 319 affirmat
1304 284 1404 329 quod
1430 284 1487 318 ille
1512 282 1692 329 potuisset
1719 293 1842 317 aerem
1854 281 1949 323 [30D

481 359 505 381 4.
519 342 683 378 dividere
700 349 736 378 et
756 343 1001 387 splendorem,
1020 349 1058 377 ut
1075 354 1150 377 non
1173 342 1438 377 remansissent
1457 353 1684 377 communes.
1735 341 1842 383 Item,

518 413 601 437 cum
620 401 708 435 dicit
726 401 825 445 quod
843 401 1049 435 communis
1074 411 1164 434 usus
1187 401 1356 434 emnium
1374 411 1443 444 que
1458 404 1549 434 sunt
1564 400 1605 433 in
1622 400 1688 434 hoc
1704 398 1844 432 mundo

515 471 589 493 esse
606 459 739 501 debuit,
757 462 811 492 set
820 461 895 503 per
909 459 1148 503 iniquitatem
1166 459 1267 492 alius
1291 458 1392 492 dixit
1416 457 1482 492 hoc
1506 469 1579 491 esse
1603 468 1725 500 suum,
1743 455 1845 490 alius

515 517 627 559 istud,
646 528 712 561 per
729 527 957 551 communem
976 528 1086 550 usum
1110 516 1279 560 intelligit
1305 516 1361 550 ius
1385 516 1512 551 utendi
1533 526 1739 558 commune,
1757 513 1843 559 quia
1857 522 1875 554 5

516 586 582 619 pro
599 575 770 619 opposito
789 574 883 609 illius
903 574 1176 609 communionis
1194 574 1328 618 accipit
1350 575 1451 619 quod
1473 574 1567 608 alius
1586 573 1673 608 dicit
1689 573 1756 608 hoc
1770 583 1845 606 esse

515 644 637 676 suum,
672 632 773 666 alius
801 632 936 674 z'stzcd;
961 638 1106 667 constat
1136 638 1260 667 autem
1287 632 1387 677 quod
1417 643 1481 677 per
1509 643 1583 666 esse
1610 643 1732 674 suum,
1761 643 1845 666 cum

516 702 627 724 suum
658 690 704 725 sit
732 701 937 735 pronomen
966 689 1232 735 possessivum,
1265 690 1467 734 intelligere
1501 696 1643 734 oportet
1673 689 1727 724 ius
1760 701 1846 734 pro-

518 748 662 793 prium3
690 748 899 783 communis
918 748 1027 793 igitur
1044 760 1131 783 usus
1151 748 1236 783 huic
1256 748 1323 783 iuri
1338 747 1535 793 opponitur
1553 759 1559 782 :
1588 747 1685 782 unde
1703 752 1846 782 constat

519 807 618 852 quod
635 818 709 841 non
727 806 826 841 aliud
845 806 1007 852 inportat
1025 819 1136 852 quam
1162 807 1217 842 ius
1236 818 1430 842 commune
1448 805 1586 841 utendi.
1636 807 1695 840 Ex
1712 805 1844 850 quibus
1861 818 1901 840 10

518 864 756 909 consequitur
773 865 872 909 quod
890 864 1079 909 proprium
1105 864 1160 899 ius
1183 864 1311 899 utendi
1337 875 1403 909 per
1427 863 1658 909 iniquitatem
1679 863 1845 908 (scilicet,

518 934 584 967 per
601 921 810 967 peccatum)
830 923 1105 967 appropriando
1130 922 1343 957 communia
1368 922 1485 957 fuerat
1511 921 1781 964 introductum3
1809 926 1846 956 et

520 980 570 1015 ita
587 980 624 1014 in
644 981 916 1023 innocentibus,
936 981 972 1015 in
992 981 1125 1026 quibus
1140 981 1280 1014 nullum
1293 980 1422 1015 fuisset
1438 986 1643 1024 peccatum,
1655 990 1847 1024 nunquam

481 1055 503 1079 5.
518 1038 709 1083 proprium
728 1038 783 1073 ius
801 1038 941 1073 fuisset.
994 1040 1101 1081 Item,
1122 1040 1226 1073 Deus
1245 1039 1325 1083 ipse
1351 1044 1387 1073 et
1411 1038 1532 1073 omnis
1549 1038 1641 1072 ordo
1659 1037 1847 1082 angelicus

518 1097 597 1131 solo
632 1096 709 1131 iure
743 1096 930 1131 communi
963 1096 1135 1131 omnibus
1169 1096 1274 1131 iustis
1310 1095 1346 1130 in
1376 1097 1486 1131 rebus
1513 1095 1644 1130 creatis
1671 1095 1710 1130 in
1739 1106 1847 1130 usum
1862 1106 1900 1138 15

517 1165 646 1189 eorum
681 1165 920 1189 communem
953 1160 1130 1198 utuntur;
1166 1153 1344 1199 quoniam
1373 1154 1478 1189 Deus
1506 1153 1711 1188 dominium
1740 1164 1849 1188 suum

517 1213 640 1257 quoad
658 1223 719 1247 res
738 1212 893 1257 aliquas,
913 1219 949 1247 et
967 1211 1023 1247 ius
1041 1212 1167 1247 utendi
1186 1212 1309 1257 quoad
1327 1211 1456 1246 omnia
1473 1212 1520 1246 ab
1538 1222 1580 1246 eo
1598 1217 1732 1254 creata,
1750 1222 1848 1246 corn-

517 1269 721 1304 municavit
748 1269 891 1314 angelis
921 1276 1033 1315 atque
1063 1269 1303 1304 hominibus:
1340 1275 1492 1314 propter
1519 1269 1619 1314 quod
1650 1267 1704 1312 (ut
1733 1268 1847 1303 michi

516 1327 678 1372 videtur)
706 1327 795 1363 dicit
820 1329 1024 1372 apostolus,
1052 1328 1190 1363 Omnia
1215 1331 1342 1362 vestra
1366 1331 1466 1371 sunt,
1491 1328 1572 1361 sive
1595 1326 1745 1361 Paulus
1768 1327 1850 1361 sive

517 1386 554 1421 A
551 1386 657 1431 pollo
673 1386 755 1420 sive
775 1385 928 1431 Cefflzas,
946 1387 1027 1420 sive
1043 1385 1217 1430 mundus,
1236 1386 1317 1420 sive
1339 1386 1424 1420 vita
1442 1385 1523 1419 sive
1545 1395 1655 1428 mors,
1672 1385 1753 1420 sive
1761 1387 1846 1430 pre·
1862 1392 1904 1414 20

517 1444 640 1477 sencia
656 1443 900 1488 sz'vesulura,
923 1453 937 1478 1
961 1444 1045 1479 Cor.
1064 1443 1112 1478 iii.
1132 1453 1189 1478 22.
1241 1443 1367 1488 Igitur,
1387 1443 1480 1478 sicut
1492 1454 1560 1477 nec
1575 1443 1611 1477 in
1629 1442 1769 1487 angelis
1788 1442 1848 1487 qui

518 1506 712 1544 steterunt,
732 1500 786 1535 sic
812 1512 882 1535 nec
908 1500 947 1535 in
974 1501 1190 1536 hominibus
1216 1500 1245 1536 si
1274 1501 1463 1536 stetissent
1487 1500 1637 1546 aliquod
1660 1500 1850 1545 proprium

518 1559 574 1593 ius
600 1557 817 1603 possidendi
844 1559 922 1594 sive
949 1559 1077 1594 utendi
1106 1560 1216 1595 rebus
1246 1558 1506 1594 communibus
1536 1558 1765 1602 extitissent3
1793 1564 1849 1593 set

510 1619 586 1662 per
608 1617 847 1660 iniquitatem
874 1623 930 1651 est
959 1617 1098 1652 factum
1125 1617 1226 1662 quod
1252 1617 1353 1651 alius
1377 1618 1443 1652 hoc
1466 1628 1588 1659 suum,
1614 1617 1716 1651 alius
1739 1616 1849 1659 illud,

482 1685 505 1709 6.
519 1686 602 1709 esse
625 1674 782 1709 dicebat.
833 1674 894 1708 Ad
923 1675 1023 1719 quod
1049 1681 1156 1719 urget
1182 1674 1281 1710 racio
1307 1674 1485 1710 naturalis
1513 1674 1690 1719 quoniam
1716 1685 1848 1719 appro-
1864 1687 1902 1719 25

520 1732 641 1777 priare
667 1731 878 1766 communia
894 1738 951 1767 est
978 1732 1143 1768 minuere
1167 1732 1222 1767 ius
1242 1732 1370 1768 utendi
1390 1732 1408 1752 '¹‘
1429 1733 1466 1767 in
1484 1731 1577 1775 aliis,
1595 1738 1632 1768 et
1650 1732 1728 1767 iura
1745 1732 1848 1766 inno·
1862 1736 1942 1766 31A

520 1796 669 1825 centum
702 1789 880 1833 minuere,
909 1801 985 1824 non
1020 1790 1185 1834 dubium,
1222 1796 1278 1825 est
1312 1789 1367 1825 eis
1400 1801 1558 1833 nocere;
1595 1801 1730 1825 nocere
1763 1801 1851 1825 vero

519 1847 692 1882 fratribus
711 1847 786 1882 suis
811 1847 1070 1883 innocentibus
1094 1859 1169 1882 non
1195 1848 1313 1893 potuit
1334 1847 1530 1882 convenire
1549 1858 1556 1890 ;
1585 1847 1694 1892 igitur
1711 1859 1779 1883 nec
1796 1848 1851 1883 eis

521 1911 733 1950 competere
759 1905 876 1949 potuit
905 1906 994 1940 data
1019 1905 1089 1940 illis
1116 1912 1151 1941 et
1178 1905 1259 1941 aliis
1287 1904 1501 1940 communia
1528 1905 1744 1950 simpliciter
1769 1916 1851 1950 pro·

484 1963 653 2009 7.priare.
721 1963 827 2006 Item,
863 1974 947 1997 curn
981 1964 1102 1998 nullus
1136 1963 1316 1998 innocens
1352 1969 1414 1998 aut
1449 1963 1630 2007 ingenuus
1663 1963 1749 1998 velit
1783 1974 1850 1998 suo
1865 1976 1907 2007 30

520 2019 688 2065 originali
708 2019 784 2055 iure
810 2020 945 2065 privari
972 2020 1049 2056 sive
1076 2021 1113 2055 in
1140 2032 1207 2055 sua
1232 2021 1398 2066 primeva
1423 2021 1542 2065 gloria
1568 2020 1755 2065 maculari,
1781 2021 1850 2055 nisi

520 2077 690 2113 fortassis
719 2084 870 2123 propter
896 2078 966 2113 sibi
996 2078 1169 2113 meritum
1195 2078 1471 2121 cumulandum,
1498 2090 1573 2113 non
1599 2077 1726 2113 debuit
1753 2078 1850 2123 quis-

521 2148 633 2181 quam
668 2135 783 2170 iustus
818 2142 854 2170 et
884 2135 1062 2171 innocens
1097 2136 1204 2171 aliter
1236 2136 1310 2171 hoc
1343 2136 1497 2179 inferre3
1525 2136 1687 2180 alioquin
1719 2136 1851 2171 funda-

520 2200 687 2229 mentum
712 2193 802 2229 illud
827 2193 918 2238 legis
944 2199 1075 2229 nature
1101 2193 1331 2238 dissolveret,
1358 2194 1457 2239 quod
1482 2194 1601 2238 legem
1627 2194 1791 2229 continet
1816 2200 1852 2229 et

520 2253 721 2297 prophetas
741 2250 897 2295 (Omnia
914 2263 1129 2296 quecunque
1152 2252 1274 2286 vullis
1290 2256 1333 2286 ut
1345 2252 1501 2297 faciant
1516 2252 1620 2286 vobis
1636 2251 1801 2286 homines
1817 2256 1853 2286 et
1864 2263 1905 2295 35

521 2321 589 2344 vos
611 2310 732 2354 facile
756 2309 848 2352 illis,
879 2310 970 2344 Mat.
1000 2309 1060 2343 vii.
1096 2308 1176 2353 12):
1215 2309 1337 2344 omnis
1368 2315 1492 2344 autem
1521 2308 1730 2354 propriacio
1763 2308 1851 2343 iuris

522 2367 656 2401 minuit
673 2372 736 2401 aut
754 2366 873 2411 privat
891 2366 1099 2411 aliqualiter
1116 2366 1172 2401 ius
1190 2367 1316 2401 utendi
1335 2366 1371 2401 in
1385 2367 1467 2402 aliis
1482 2378 1490 2410 ;
1519 2366 1629 2411 igitur
1642 2378 1717 2401 non
1733 2367 1851 2411 potuit

483 2434 506 2459 8,
523 2426 736 2460 innocenter
755 2425 893 2460 haberi.
945 2426 1051 2467 Item,
1071 2424 1142 2459 ista
1160 2424 1247 2460 iuris
1265 2425 1471 2469 proprietas
1495 2424 1723 2469 possidendo
1742 2435 1852 2459 cassa

522 2489 633 2528 atque
651 2482 776 2517 ociosa
794 2493 940 2527 semper
966 2481 1002 2515 in
1030 2481 1290 2517 innocentibus
1316 2482 1518 2525 extitisset3
1546 2482 1633 2527 quia
1658 2481 1771 2516 nichil
1796 2481 1850 2516 eis

522 2540 711 2576 commodi
730 2551 891 2584 unquam
909 2539 1102 2583 attulisset,
1122 2551 1165 2574 ex
1183 2551 1255 2585 quo
1273 2541 1320 2574 ad
1338 2551 1487 2575 omnem
1505 2546 1630 2574 actum
1648 2545 1683 2574 et
1701 2551 1850 2574 omnem
1863 2551 1906 2582 40

523 2610 629 2633 usum
648 2598 700 2633 eis
718 2598 962 2632 accomodum
988 2598 1172 2642 possessio
1195 2598 1283 2633 iuris
1310 2597 1517 2632 communis
1538 2597 1691 2641 singulis
1711 2597 1747 2631 in
1766 2609 1850 2642 pos-

524 2655 699 2691 sessionis
723 2655 852 2690 ordine
875 2655 1104 2699 suffecisset;
1130 2655 1307 2700 quoniam
1331 2656 1469 2689 nullam
1494 2655 1743 2699 indigenciam
1764 2667 1851 2689 nox-

525 2713 609 2756 iam,
644 2713 782 2747 nullam
823 2713 1083 2756 invidenciam,
1121 2713 1262 2747 nullam
1309 2712 1600 2758 repugnanciam
1644 2712 1697 2758 (ut
1740 2724 1850 2757 supra
1863 2729 1969 2760 supra,
1987 2730 2020 2762 p.

526 2770 713 2816 diximus),
732 2770 959 2815 habuissent,
987 2771 1072 2816 quin
1101 2771 1232 2816 singuli
1260 2782 1407 2816 semper
1433 2770 1708 2815 sufficienciam,
1736 2770 1850 2806 immo
1864 2764 1936 2805 398·
