2008 3305
198 216 278 255 144

196 686 225 713 ii.
246 686 417 718 irresisffible,

196 720 272 746 since
286 720 429 745 whatever

197 754 261 780 God
274 753 369 779 thinks
382 753 421 784 is;

199 2109 256 2134 and

199 2142 237 2168 iii.
259 2141 421 2174 contingent

200 2184 276 2207 upon
289 2176 335 2200 the
346 2175 415 2200 exis-

199 2215 279 2234 tence
293 2209 324 2234 of
334 2209 381 2234 the

199 2248 335 2268 creature.

876 214 941 245 DE
975 214 1189 246 DOMINIO
1222 214 1395 246 D1V1No
1586 202 1690 261 [CAP.
1714 217 1799 244 xvr.

475 328 692 366 eternaliter
720 329 820 366 videt
849 341 966 367 omne
996 331 1217 379 preteritum
1246 330 1304 368 vel
1334 330 1512 366 futurum.
1588 328 1703 366 Unde
1733 329 1922 374 Ier.[48A

475 400 578 436 xxxi.
602 412 635 447 3,
657 399 707 435 In
727 401 881 436 caritate
901 405 1080 449 perpetua
1102 402 1226 438 dilexi
1247 405 1302 444 tes
1333 407 1370 437 et
1391 399 1472 437 Ioh.
1493 400 1578 436 xvii.
1604 412 1651 445 24
1676 398 1692 418 *
1717 399 1848 436 dicitB

475 477 670 518 assumpta
684 469 835 507 Veritas
856 470 961 519 quod
982 470 1095 508 Pater
1115 470 1247 508 dilexit
1276 482 1364 507 eum
1384 474 1466 506 onte
1486 471 1618 506 mundi
1633 471 1805 506 constitu-

475 542 620 577 cionem.
675 540 726 577 Et
754 541 843 577 hinc
869 553 884 576 1
919 540 1001 578 Ioh.
1024 541 1069 577 iv.
1095 550 1127 588 7,
1155 553 1213 588 19,
1239 540 1411 578 hortatur
1440 540 1649 588 discipulus
1680 540 1805 588 predi-

474 610 605 655 lectus,
620 610 840 660 Dilzgamus
862 611 1014 647 invicem
1034 612 1207 659 quoniam
1228 613 1302 659 ipse
1312 612 1426 659 prior
1447 612 1583 647 dilexit
1600 622 1675 647 nos.
1706 610 1804 647 Vide
1819 618 1836 650 5

476 681 514 717 in
538 681 706 729 capitulo
736 681 997 719 nonodecimo
1027 681 1241 719 evidencias
1271 681 1319 718 ad
1348 681 1421 718 hoc
1450 676 1563 718 idem.
1619 680 1670 717 Et
1700 681 1806 729 quod

476 752 523 788 sit
549 751 813 789 infrustrabilis
843 758 948 800 patet
978 764 1026 788 ex
1054 751 1127 789 hoc
1159 751 1275 800 quod,
1308 752 1338 788 si
1362 758 1429 797 est,
1451 751 1567 788 habet
1597 751 1806 788 terminum

476 829 651 870 respectu
673 822 781 858 cuius
803 821 962 867 dicitur;
993 821 1099 858 Deus
1119 822 1222 858 enim
1240 834 1318 858 non
1340 828 1464 870 potest
1480 821 1678 858 fantastice
1700 822 1806 869 cogi-

475 899 555 929 tare
576 898 616 929 ut
638 891 757 929 homo
776 905 784 928 :
817 891 884 928 sed
906 891 935 928 si
957 891 1169 941 quidquam
1188 892 1376 940 intelligit,
1392 891 1480 937 vult,
1502 898 1567 928 aut
1586 891 1698 937 videt,
1715 898 1805 928 tunc

474 962 568 999 illud
580 969 647 1008 est,
657 969 693 999 et
706 975 773 1010 per
782 974 1026 1010 consequens
1039 962 1166 998 nullus
1180 962 1332 999 illorum
1345 962 1459 998 trium
1473 968 1626 999 actuum
1640 968 1696 999 est
1709 961 1804 998 frus-
1820 973 1860 995 10

474 1039 603 1070 tratus.
660 1033 710 1069 Et
730 1033 820 1069 illud
842 1039 953 1069 sonat
974 1032 1169 1082 Scriptura
1189 1033 1394 1081 sepissime,
1413 1039 1453 1069 ut
1474 1032 1573 1070 Gen.
1590 1032 1612 1070 l.
1634 1045 1693 1081 19,
1710 1032 1806 1069 dixit

475 1103 617 1152 Ioseph
644 1102 831 1148 fratribus,
862 1102 1065 1151 qumquid
1086 1110 1280 1151 possumus
1306 1102 1386 1139 Dei
1410 1104 1575 1139 resistere
1601 1103 1807 1139 voluntati?

474 1181 511 1211 et
533 1174 686 1211 Psalmo
708 1173 858 1210 cxxxiv,
882 1175 916 1218 6,
938 1173 1074 1210 Omnia
1094 1186 1297 1222 quecunque
1316 1175 1434 1210 voluit
1451 1173 1641 1210 Dominus
1646 1174 1750 1222 fecit
1767 1174 1807 1209 in

473 1246 542 1281 celo
562 1249 595 1280 et
612 1245 650 1280 in
671 1249 799 1286 terrm
831 1249 867 1281 et
888 1244 1085 1292 apostolus
1115 1243 1229 1281 Rom.
1251 1244 1299 1280 ix.
1325 1257 1383 1291 19,
1415 1243 1606 1280 Voluntati
1627 1245 1703 1280 eius
1723 1245 1807 1292 quis

474 1317 638 1351 resistet?
666 1315 776 1363 quasi
801 1315 952 1359 diceret,
975 1314 1103 1351 Nichil
1131 1321 1269 1363 potest.
1326 1314 1448 1351 Aliter
1469 1315 1572 1351 enim
1593 1314 1700 1352 Deus
1727 1327 1806 1352 non
1822 1327 1860 1359 15

474 1393 575 1424 esset
594 1386 842 1435 omnipotens
873 1397 1022 1422 summe
1052 1386 1186 1422 beatus
1208 1385 1279 1422 nisi
1305 1384 1481 1422 habuerit
1501 1385 1689 1434 quidquid
1708 1385 1806 1423 velit.

478 1456 593 1494 Unde
624 1456 767 1493 Hester
796 1456 870 1492 xiii.
894 1469 929 1503 9,
951 1456 1044 1492 dixit
1073 1455 1132 1492 ille
1157 1455 1310 1504 sapiens
1341 1455 1614 1501 Mardocheus,
1636 1456 1807 1502 Domine,

477 1541 550 1565 rex
573 1528 802 1575 omnzjootens,
825 1528 862 1563 in
884 1527 1019 1562 dicione
1038 1530 1102 1562 tua
1131 1530 1260 1562 cuncta
1283 1530 1371 1562 sunt
1378 1527 1515 1574 posita,
1535 1530 1569 1562 et
1585 1539 1656 1562 non
1676 1531 1730 1562 est
1745 1527 1814 1574 qui

476 1602 532 1634 tue
543 1598 666 1646 possit
684 1599 850 1633 resistere
870 1597 1075 1633 voluntati:
1104 1602 1140 1633 et
1157 1596 1327 1645 sequitur
1348 1608 1475 1642 causa,
1497 1595 1555 1632 Tu
1570 1596 1814 1646 enimsecisti

477 1669 589 1704 celum
616 1672 650 1703 et
675 1672 815 1704 terram
845 1671 878 1703 et
903 1667 1087 1715 quidquid
1111 1667 1181 1702 celi
1206 1666 1346 1703 ambitu
1374 1667 1577 1703 continetur
1590 1680 1610 1710 ,·
1641 1667 1808 1704 dominus
1823 1679 1863 1701 20

478 1740 639 1775 omnium
660 1742 699 1774 tu
719 1751 764 1774 es.
798 1737 836 1773 Si
857 1737 960 1774 enim
980 1737 1065 1785 quis
1086 1737 1332 1785 omnipotens
1348 1737 1580 1774 omnisciens
1597 1737 1808 1786 quidquam

477 1809 698 1857 produxerit
719 1808 824 1857 quod
846 1819 914 1844 suo
936 1807 1180 1856 beneplacito
1201 1807 1449 1856 postmodum
1472 1808 1678 1854 rebellaret,
1701 1808 1810 1845 sciret

477 1879 692 1916 eternaliter
713 1885 799 1915 ante
821 1878 1126 1927 produccionem
1142 1878 1390 1914 rebellionem
1402 1879 1468 1914 *et
1481 1890 1618 1915 omnes
1635 1879 1716 1915 eius
1737 1879 1807 1915 cir-
1821 1886 1848 1915 C

477 1950 734 1987 cumstancias
767 1961 916 1986 summe
946 1949 1079 1997 plene3
1124 1955 1160 1985 et
1191 1961 1258 1997 per
1287 1961 1527 1998 consequens
1558 1962 1638 1986 non
1667 1962 1808 1998 repug-

479 2027 585 2057 naret
606 2020 687 2057 eius
707 2019 947 2067 beneplacito
972 2019 1039 2056 sed
1065 2019 1248 2067 impleret,
1270 2031 1358 2056 cum
1377 2020 1587 2057 voluntarie
1608 2020 1701 2057 illud
1720 2032 1807 2069 pro·
1824 2033 1862 2065 25

479 2091 632 2128 duceret
666 2097 708 2127 ut
737 2091 789 2127 sic
829 2096 937 2127 esset.
995 2089 1045 2125 Et
1083 2091 1212 2138 quoad
1246 2091 1556 2139 contingenciam
1588 2091 1808 2141 huiusmodi

478 2161 630 2206 relativi,
651 2166 767 2209 patet,
790 2161 820 2197 si
844 2166 1017 2197 creatura
1045 2160 1257 2196 terminans
1284 2172 1363 2197 non
1391 2160 1511 2206 fuerit,
1533 2167 1624 2198 tunc
1653 2173 1732 2198 non
1753 2167 1808 2198 est

479 2232 540 2269 illa
566 2231 833 2279 intelligencia,
864 2230 1042 2275 sciencia,
1073 2230 1130 2267 vel
1158 2230 1354 2276 voluntas;
1387 2230 1454 2267 sed
1484 2231 1714 2279 contingens
1753 2237 1809 2268 est

478 2314 636 2340 ornnem
671 2307 886 2337 creaturam
917 2300 1092 2344 existere,
1126 2311 1220 2348 ergo
1254 2306 1290 2336 et
1325 2299 1556 2336 relacionem
1590 2298 1808 2336 huiusmodi

477 2373 733 2409 terminatam.
765 2370 849 2407 Nec
866 2370 936 2407 ista
956 2376 1119 2419 possunt
1133 2370 1226 2407 verti
1246 2370 1285 2405 in
1306 2368 1465 2406 dubium
1486 2375 1576 2418 aput
1596 2369 1808 2418 sapientem
1823 2378 1863 2409 30

478 2444 575 2480 bene
616 2448 815 2479 notantem
855 2441 945 2491 quid
984 2441 1151 2478 nominis
1201 2440 1462 2477 terminorum.
1535 2439 1586 2476 Et
1634 2440 1681 2477 de
1729 2440 1809 2477 eius

478 2513 706 2550 causacione
727 2518 831 2561 patet
851 2512 1052 2560 posterius.
1110 2510 1230 2557 Quod
1251 2516 1378 2547 autern
1400 2522 1554 2547 oramus
1575 2516 1615 2546 ut
1634 2509 1809 2547 voluntas

478 2583 541 2619 fiat
562 2584 659 2619 sicut
675 2584 714 2619 in
735 2583 804 2619 celo
824 2563 912 2619 etin
934 2586 1037 2618 terra
1060 2579 1189 2632 (Matt.
1212 2581 1256 2616 vi.
1283 2579 1358 2629 10),
1380 2586 1483 2629 patet
1504 2592 1550 2616 ex
1573 2579 1681 2616 dictis
1702 2579 1808 2628 quod

512 2694 534 2709 2.
557 2686 661 2710 xxxi:
680 2684 762 2710 codd.
779 2683 802 2709 1⁰
880 2685 888 2712 ll
897 2685 1042 2715 perpetua
1057 2683 1078 2708 B
1093 2682 1111 2707 s.
1128 2691 1175 2714 234
1186 2690 1212 2707 Α.
1299 2682 1385 2707 xvii:
1407 2682 1488 2707 codd.
1512 2681 1559 2713 15⁰.
1703 2690 1725 2712 4.
1742 2683 1809 2712 pre-

477 2718 598 2743 dilectus
613 2719 634 2742 B
648 2725 652 2742 :
668 2718 820 2750 predictus
833 2716 857 2741 A
871 2717 903 2742 C.
1101 2717 1124 2740 6.
1145 2717 1174 2741 in
1188 2724 1241 2741 om.
1258 2715 1289 2741 Β,
1461 2725 1483 2747 7.
1503 2716 1529 2740 si
1539 2717 1579 2740 est
1595 2715 1633 2741 B:
1653 2715 1728 2741 sicut
1742 2714 1766 2739 A
1777 2713 1807 2739 C.

481 2761 519 2777 11.
539 2752 683 2783 sepissime
699 2752 719 2776 B
735 2758 740 2776 z
758 2751 970 2783 sapientissime
982 2749 1047 2775 AC.

938 2809 984 2841 19.
1011 2799 1128 2830 Esther
1145 2798 1210 2829 xiii.
1236 2808 1283 2837 10,
1306 2807 1353 2830 11.
