2008 3305
240 232 326 261 CAP.
349 218 435 277 111.]
708 231 852 263 LIBER
884 232 1107 265 TERTIUS.
1759 233 1841 276 219

125 349 223 391 75D]
239 346 370 385 alludit
382 346 589 396 apostolus,
608 360 622 384 1
641 347 730 386 Cor.
744 360 804 385 xv.
822 361 880 396 13,
902 361 960 395 14,
976 349 1047 386 sub
1062 348 1134 386 hiis
1147 347 1287 385 verbis:
1307 347 1562 396 Unusquisque

237 424 407 466 resurget
430 419 470 454 in
494 431 558 455 suo
580 419 719 466 ordine,
739 420 912 468 primicie
940 419 1128 465 Christus,
1155 419 1276 456 deinde
1303 419 1363 455 liii
1386 419 1455 466 qui
1478 421 1566 454 sunt

240 488 396 534 Christi,
416 489 539 537 quiin
559 489 715 526 adventu
736 491 812 526 eius
830 490 1087 533 crediderunt;
1116 489 1241 526 deinde
1252 488 1362 537 finis,
1382 501 1463 524 cum
1483 492 1563 524 tra-

236 560 373 596 diderit
389 571 543 608 regnum
563 558 643 596 Deo
662 563 696 595 et
711 557 840 597 Patri.
898 558 968 596 Est
994 565 1124 596 autem
1144 570 1389 608 consequens
1410 557 1561 603 falsum,
1576 564 1651 624 {³35³ss
1659 564 1825 625 Ξίῗῗὲῐῗξέ

204 634 222 666 5
237 642 324 667 cum
344 629 452 667 Deus
466 629 637 667 absolute
651 630 867 667 necessario
880 629 927 666 sit
943 629 1161 666 eternaliter
1180 640 1329 666 summe
1351 628 1467 674 dives,
1475 628 1564 677 quia
1576 631 1688 664 highest
1701 633 1802 665 degree

236 701 344 738 aliter
362 700 528 738 vicissim
549 700 649 737 varie
670 699 881 737 secundum
897 699 1078 736 deitatem
1099 698 1348 748 depauperari
1369 698 1508 746 poterit
1528 704 1565 734 et

236 770 345 807 ditari
354 783 364 816 ,·
381 770 486 820 quod
499 769 833 818 imperfeccionem
848 775 1007 818 saperet.
1029 769 1147 806 Unde
1162 769 1277 805 Rom.
1293 780 1328 805 x.
1344 780 1360 804 1
1371 780 1389 804 2
1406 773 1565 804 testatur

237 841 435 889 apostolus
465 840 570 889 quod
599 839 703 876 Deus
731 840 829 876 dives
851 844 903 876 est
924 841 965 876 in
992 852 1110 876 omnes
1138 840 1207 887 qui
1231 840 1405 876 invocant
1431 838 1563 881 illum,-

235 916 272 947 et
288 922 306 946 2
323 909 411 947 Cor.
426 910 498 947 viii.
514 923 548 957 9,
562 909 724 958 Propter
738 922 800 947 vos
811 922 942 958 egenus
946 909 1084 959 factus
1095 913 1156 954 est,
1172 921 1253 946 cum
1266 912 1355 945 esset
1367 909 1476 945 dives.
1515 907 1564 944 Et
1576 913 1633 940 and
1645 913 1678 940 of
1686 912 1817 945 eternity·

184 990 224 1012 10
239 980 269 1017 si
289 980 452 1017 obicitur
473 980 579 1028 quod
598 985 689 1016 tunc
718 979 835 1017 habet
855 980 1009 1017 divicias
1029 986 1179 1017 eternas
1201 978 1422 1028 simpliciter
1442 984 1478 1015 et
1498 990 1566 1027 per

236 1061 479 1099 consequens
500 1050 715 1087 eternaliter
735 1057 791 1087 est
812 1049 1003 1095 dominus,
1025 1049 1246 1087 conceditur
1266 1049 1391 1098 prima
1416 1060 1505 1098 pars
1524 1054 1566 1085 ut

237 1131 401 1169 sequens
425 1119 647 1166 formaliter,
670 1120 738 1157 sed
762 1120 934 1157 secunda
957 1120 1169 1169 negabitur.
1228 1119 1342 1157 Unde
1373 1119 1489 1156 Rom.
1514 1120 1564 1158 xi.

238 1202 286 1238 33
335 1190 562 1228 admirando
610 1191 740 1228 scribit
793 1189 1001 1239 apostolus,
1056 1189 1089 1226 O
1134 1191 1290 1227 altitudo
1337 1191 1565 1227 diviciarum

234 1261 412 1309 sapiencie
429 1265 463 1297 et
479 1261 627 1297 sciencie
646 1259 745 1303 Dei;
767 1266 803 1297 et
822 1260 923 1309 Eph.
943 1260 993 1298 iii.
1016 1262 1051 1307 8,
1067 1260 1201 1297 llffz'clzi
1214 1265 1344 1306 autem,
1357 1263 1566 1297 sanctorum

141 1334 223 1365 76A
237 1331 397 1376 minimo,
412 1331 499 1367 data
518 1335 571 1367 est
581 1332 732 1379 gracia,
746 1331 785 1367 in
800 1331 971 1379 gentibus
986 1328 1004 1349 '¹‘
1019 1332 1284 1380 ewangelisare
1297 1330 1567 1379 z'nvestzgrabz'les

237 1401 395 1438 divicias
418 1400 503 1437 Dei.

290 1470 341 1508 Et
370 1471 401 1508 si
434 1471 615 1520 queritur,
638 1470 743 1516 Quid
764 1477 851 1508 sunt
879 1470 974 1508 tales
1002 1470 1161 1509 divicie?
1191 1471 1328 1509 dicitur
1355 1471 1462 1520 quod
1489 1477 1565 1508 tres
1579 1477 1696 1505 Christ‘s
1708 1477 1799 1504 riches

1577 1521 1624 1537 are
1638 1512 1669 1537 of
1679 1512 1756 1537 three

237 1541 460 1579 diviciarum
488 1541 679 1578 maneries
708 1541 855 1578 suntin
876 1541 1042 1579 Christo.
1098 1541 1226 1579 Prima
1253 1542 1564 1591 productivitates
1575 1551 1672 1609 2022}
1685 1583 1816 1609 invisible

237 1618 274 1649 et
294 1611 468 1656 sciencie,
490 1623 565 1659 que
586 1611 800 1649 secundum
830 1611 1010 1648 deitatem
1030 1612 1161 1649 insunt
1190 1612 1411 1650 racionibus
1431 1624 1562 1649 exem·
1576 1603 1674 1655 things
1685 1617 1789 1649 ofGod

186 1697 225 1720 20
238 1681 405 1731 plaribus
443 1681 616 1719 absolute
663 1681 876 1719 necessario
923 1681 1118 1719 correlate.
1175 1681 1226 1719 Et
1272 1682 1333 1719 ille
1379 1688 1564 1720 vocantur
1575 1650 1843 1715 igrssffxempmy

238 1752 443 1789 invisibilia
462 1751 548 1797 Dei,
566 1751 680 1789 Rom.
701 1752 723 1789 i.
747 1764 797 1788 20
813 1764 823 1798 3
854 1751 902 1789 de
923 1752 1063 1801 quibus
1085 1752 1201 1790 Rom.
1215 1753 1264 1790 xi.
1282 1766 1344 1801 33,
1362 1752 1395 1790 0
1408 1753 1564 1790 altitudo

237 1822 473 1868 diviciarum,
505 1827 578 1859 etc.
615 1828 652 1859 et
682 1822 764 1860 illas
795 1828 908 1860 vocat
955 1822 1188 1868 thesaurum,
1221 1822 1307 1860 Col.
1340 1823 1377 1860 ii.
1418 1835 1439 1870 3
1455 1835 1465 1869 3
1514 1821 1565 1860 In

241 1892 403 1938 Clzristo,
425 1892 559 1940 inquit,
577 1895 665 1928 sunt
681 1905 800 1929 omnes
819 1892 990 1929 thesauri
1003 1894 1183 1942 sapiencie
1201 1897 1235 1929 et
1250 1893 1398 1930 sciencie
1417 1892 1565 1929 abscon-

239 1964 333 2000 diti:
361 1970 396 2002 et
418 1963 630 2001 secundum
650 1963 733 2000 illas
746 1963 881 2000 dicitur
900 1963 1114 2001 eternaliter
1132 1963 1322 2001 immense
1343 1963 1458 2008 dives,
1476 1974 1565 2001 cum

188 2047 202 2068 2
209 2046 226 2078 5
241 2033 314 2071 sint
327 2033 528 2071 thesaurus
545 2033 737 2081 sapiencie
758 2033 939 2071 infinitus.
998 2033 1175 2071 Secunde
1198 2034 1334 2071 divicie
1355 2040 1442 2071 sunt
1462 2034 1566 2071 bona
1578 2042 1605 2081 43.
1618 2042 1709 2068 νίψω
1718 2043 1837 2089 ofglory

241 2104 381 2152 patrie:
412 2110 448 2140 et
468 2103 529 2141 ille
549 2109 735 2140 vocantur
755 2103 887 2141 divicie
908 2104 1037 2153 glorie,
1053 2104 1152 2152 Eph.
1175 2104 1198 2141 i.
1225 2106 1272 2141 18
1294 2110 1331 2141 et
1347 2103 1444 2141 Coll.
1457 2104 1480 2141 i.
1504 2112 1565 2151 27.
1579 2085 1607 2102 m
1618 2076 1742 2107 heaven’

241 2173 381 2211 Tercie
401 2173 533 2210 divicie
554 2178 641 2210 sunt
661 2174 766 2211 bona
785 2174 855 2219 vie,
870 2186 944 2223 que
960 2181 1146 2212 vocantur
1164 2174 1265 2223 Eph.
1278 2174 1313 2211 ii.
1332 2186 1367 2220 4,
1383 2182 1418 2221 7,
1431 2174 1565 2211 divicie
1578 2182 1648 2222 and·
1664 2215 1681 2240 h

241 2244 502 2281 misericordie
530 2250 567 2281 et
589 2245 739 2293 gracie:
771 2250 808 2282 et
834 2244 990 2282 indubie
1017 2244 1088 2281 ista
1115 2251 1201 2281 sunt
1220 2245 1343 2282 verius
1370 2244 1502 2281 divicie
1529 2251 1566 2281 et
1577 2215 1848 2280 ἓήνῑῖεἶέἷῇξναεε

241 2313 443 2352 thesaurus
463 2326 581 2364 quam
600 2315 704 2352 bona
724 2314 874 2351 fortune
887 2314 1113 2352 extrinseca.
1143 2313 1248 2352 Nam
1266 2315 1352 2352 talis
1367 2314 1565 2352 thesaurus
1578 2330 1654 2351 truer
1666 2325 1756 2351 riches
1769 2325 1837 2351 than

189 2395 231 2425 30
243 2396 330 2422 vere
363 2384 517 2422 divitem
552 2384 653 2430 facit,
684 2384 871 2422 violencia
910 2397 992 2421 non
1023 2384 1200 2431 aufertur,
1232 2385 1453 2434 antiquitate
1484 2396 1564 2422 non
1577 2359 1804 2451 ῗέῑῖυἷῖῗῗῑὲἱὴ

242 2455 513 2503 corrumpitur;
544 2466 660 2492 nemo
681 2455 765 2503 ipso
780 2455 957 2500 abutitur,
974 2467 1046 2492 nec
1062 2455 1364 2504 consumpcione
1377 2455 1569 2492 minuitur.
1578 2434 1742 2492 ῗῐῖἷυῗξρὲιῗὲ
1754 2430 1819 2491 135⁵,

242 2525 338 2563 Ideo
367 2525 546 2561 nimirum
576 2524 665 2562 dicit
694 2524 891 2574 apostolus
925 2537 940 2561 1
976 2524 1064 2563 Cor.
1086 2525 1108 2562 i.
1131 2534 1165 2572 5,
1183 2525 1234 2562 In
1253 2526 1419 2563 omnibus
1437 2526 1568 2563 divites

226 2596 339 2646 facti
353 2596 436 2632 estis
449 2596 488 2631 in
512 2594 662 2632 Christo
680 2608 688 2631 :
718 2601 755 2632 et
776 2595 849 2632 Isa.
864 2595 995 2632 xxxiii.
1013 2597 1048 2640 6,
1069 2595 1220 2632 Dz'vicz'e
1234 2596 1367 2633 salutis
1382 2597 1567 2644 sapiencia

243 2669 276 2701 et
286 2666 465 2709 sciencia‚·
486 2665 597 2702 timor
611 2663 774 2701 Domini
787 2666 862 2713 ipse
874 2665 1069 2701 thesaurus
1088 2666 1173 2702 eius.
1204 2665 1292 2702 Alia
1316 2672 1444 2702 autem
1464 2666 1569 2703 bona

191 2743 230 2775 35
247 2735 392 2773 fortune
422 2742 578 2784 propter
607 2735 856 2772 condiciones
885 2734 956 2771 hiis
986 2736 1154 2785 quinque
1185 2736 1383 2785 oppositas
1413 2736 1568 2773 abusive

706 2828 729 2851 4.
748 2824 757 2849 11
770 2821 811 2846 est
823 2821 922 2845 autem
937 2820 959 2845 B
974 2820 991 2845 s.
1007 2821 1057 2852 246
1070 2827 1097 2847 Α.
