2008 3305
194 1582 352 1608 Inferences
364 1585 370 1607 :
397 1589 424 1607 a.

402 1721 425 1748 b,

869 188 934 220 DE
966 186 1187 220 DOMINIO
1220 186 1399 219 DIVINo
1609 175 1714 234 [CAR
1737 188 1794 218 xr.

470 304 646 353 genciam
667 303 838 342 abditam
859 304 906 341 de
928 315 968 341 se
981 303 1066 353 ipso
1083 316 1090 341 :
1113 302 1230 341 etheo
1251 302 1419 340 secundo
1441 297 1551 339 simul
1571 302 1798 352 principiant
1813 305 1916 347 [28A

468 375 784 424 conplacenciam
804 375 843 411 in
857 387 895 412 se
909 375 1006 423 ipso.
1038 373 1076 411 Si
1091 374 1195 411 enim
1210 380 1307 411 terra
1320 373 1508 423 quietatur
1523 372 1653 423 quoad
1668 373 1799 410 locum

468 445 679 483 accidentis
718 445 933 490 situantem,
970 445 1023 482 sic
1059 444 1165 494 quod
1196 455 1277 481 non
1310 450 1436 493 potest
1474 443 1571 481 ultra
1605 448 1797 492 appetere,

469 522 614 565 quanto
643 515 766 564 magis
793 527 1025 565 quecunque
1054 513 1225 552 essencia
1254 514 1443 563 quietatur
1469 508 1730 551 essencialiter
1758 514 1798 552 in

469 586 626 635 propria
654 586 836 623 bonitate.
894 585 977 623 Nec
1006 590 1133 634 potest
1162 584 1254 633 fingi
1284 583 1391 633 quod
1418 584 1515 621 inter
1543 584 1614 621 ista
1643 597 1723 622 non
1750 584 1797 622 sit
1812 590 1833 624 5.

469 656 596 705 aliqua
616 655 761 692 subtilis
774 655 974 700 distinctio,
996 655 1091 692 sicut
1111 667 1158 692 ex
1174 654 1308 691 ordine
1329 654 1513 692 causandi
1529 654 1618 692 satis
1639 655 1798 692 convin-

470 726 588 763 citur:
617 738 690 763 nec
710 731 838 774 potest
859 725 1031 763 secundo
1053 725 1126 762 dici
1147 725 1254 774 quod
1281 724 1350 762 iste
1379 732 1467 762 sunt
1487 724 1687 774 passiones
1707 725 1797 762 sub-

469 796 565 841 iecti,
588 807 676 833 cum
706 808 797 844 pure
827 795 953 833 dicant
973 795 1138 833 eandem
1159 795 1397 832 essenciam:
1429 806 1501 832 nec
1535 800 1663 843 potest
1683 795 1799 833 tercio

470 867 562 916 fingi
583 866 688 916 quod
718 867 764 903 sit
784 878 987 915 processus
1017 866 1056 902 in
1085 865 1275 902 infinitum
1305 865 1343 902 in
1363 865 1514 911 talibus,
1537 865 1625 915 quia
1653 866 1799 903 nullum

470 939 621 976 illorum
649 936 667 957 *
698 937 970 985 multiplicatur
1012 937 1085 974 nisi
1118 936 1367 985 multiplicata
1401 936 1587 974 essencia.
1657 935 1708 973 Et
1747 936 1846 974 sicB

470 1008 690 1057 intelligitur
717 1006 808 1044 illud
829 1006 920 1044 Ysa.
951 1006 1037 1044 lxvi.
1070 1020 1104 1054 9,
1138 1005 1340 1054 Numquid
1364 1019 1426 1055 ego
1455 1007 1524 1055 qui
1549 1007 1642 1043 alios
1664 1013 1802 1055 parere

455 1080 582 1129 facio,
613 1079 687 1127 ᾕρεε
718 1090 790 1115 non
814 1079 972 1126 pariam
989 1080 1010 1113 ,Ρ
1038 1078 1129 1113 dicit
1158 1076 1375 1123 Domz'nus;
1417 1084 1454 1115 et
1484 1077 1574 1114 illud
1605 1077 1721 1114 unius
1753 1077 1801 1115 de

470 1150 601 1199 viginti
615 1155 794 1198 quattuor
814 1147 1053 1197 philosophis
1070 1147 1199 1185 Deum
1212 1147 1428 1185 diffinientis
1445 1159 1512 1196 per
1531 1147 1607 1185 hoc
1628 1147 1733 1197 quod
1753 1151 1806 1184 est

470 1232 599 1257 monas
628 1220 802 1256 monaden
824 1219 984 1267 gzgnens
1002 1222 1036 1254 et
1062 1218 1102 1254 z'n
1124 1230 1161 1254 se
1189 1218 1358 1254 ardorem
1389 1218 1582 1268 reflectens.
1639 1218 1801 1255 Etcum

471 1290 639 1339 quelibet
659 1302 719 1327 res
740 1289 831 1327 dicit
852 1301 903 1334 se,
923 1294 1028 1337 patet
1048 1287 1152 1337 quod
1171 1287 1305 1333 forma,
1320 1289 1490 1333 verbum,
1512 1289 1571 1326 vel
1601 1288 1723 1326 diccio
1744 1296 1800 1326 est
1818 1295 1855 1330 15

470 1360 639 1398 secunda
671 1372 731 1397 res
764 1360 1024 1408 cuiuscunque
1059 1357 1242 1396 essencie.
1292 1357 1408 1396 Unde
1449 1358 1542 1395 illud
1571 1358 1655 1397 Ioh.
1685 1359 1720 1405 i.,
1750 1358 1802 1396 In

461 1431 653 1481 prz'nczpz'o
681 1435 764 1467 erat
791 1430 955 1475 Verbum,
976 1435 1058 1474 etc.,
1080 1428 1168 1466 dicit
1197 1428 1446 1478 Augustinus,
1462 1451 1527 1475 —,
1544 1441 1585 1467 se
1611 1429 1801 1467 invenisse

469 1504 508 1540 in
537 1501 640 1539 libris
660 1500 829 1538 Platonis
849 1500 926 1538 fere
947 1500 1018 1536 sub
1047 1499 1195 1536 eisdem
1214 1499 1338 1536 verbis
1358 1500 1480 1549 usque
1500 1499 1549 1537 ad
1578 1499 1653 1537 hoc
1673 1499 1801 1537 exclu-

471 1573 561 1618 sive,
584 1571 737 1609 Verbum
758 1571 1005 1620 carosactum
1025 1573 1084 1607 est.
1142 1569 1193 1606 Et
1208 1574 1311 1618 patet
1331 1569 1436 1619 quod
1455 1569 1659 1619 theologus
1675 1575 1802 1619 potest

474 1643 613 1680 habere
643 1641 878 1679 intellectum
899 1640 1097 1677 Trinitatis
1128 1640 1291 1678 increate
1319 1640 1417 1677 ultra
1443 1640 1559 1677 fidem
1589 1640 1800 1690 simplicem
1816 1657 1856 1679 20

474 1713 711 1763 plebeorum,
768 1711 949 1757 Ulterius,
971 1710 1100 1760 quoad
1124 1722 1260 1748 omnes
1281 1710 1459 1748 veritates
1489 1711 1689 1757 secundas,
1712 1723 1802 1748 cum

470 1784 641 1833 quelibet
660 1782 775 1819 habet
796 1781 1028 1830 completam
1057 1793 1217 1818 causam
1237 1793 1284 1817 ex
1308 1792 1384 1830 qua
1403 1780 1560 1818 infertur
1580 1780 1799 1827 formaliter,

471 1860 579 1905 patet
598 1852 715 1903 quod,
737 1852 961 1901 precognita
980 1863 1095 1889 causa
1121 1863 1168 1888 ex
1196 1851 1433 1889 revelacione
1461 1851 1520 1888 vel
1550 1851 1714 1897 aliunde,
1736 1851 1801 1890 de-

472 1923 675 1961 monstrari
695 1923 835 1972 poterit
856 1922 938 1959 talis
958 1922 1095 1959 veritas
1116 1921 1335 1971 sillogistice
1356 1934 1378 1959 a
1401 1922 1519 1970 priori
1537 1933 1545 1959 :
1576 1928 1616 1959 ut
1644 1922 1674 1958 si
1694 1922 1801 1960 Deus

472 1995 549 2032 vult
579 1994 637 2031 vel
668 1993 818 2031 ordinat
856 1992 1066 2042 quidquam
1100 2003 1196 2038 esse,
1230 1998 1321 2029 tunc
1359 1992 1486 2042 ipsum
1523 1999 1581 2030 est
1618 2005 1690 2042 pro
1729 2005 1799 2031 suo
1815 2003 1854 2034 25

471 2072 670 2114 tempore3
700 2064 769 2102 sed
795 2063 901 2100 Deus
930 2062 1080 2101 ordinat
1102 2062 1235 2100 datum
1258 2062 1436 2100 effectum
1462 2074 1556 2109 esse,
1578 2069 1673 2110 esto,
1695 2064 1801 2114 quod

508 2186 548 2203 12.
568 2176 637 2203 Post
656 2175 736 2202 illud
751 2174 779 2201 in
799 2175 822 2200 B
839 2174 961 2207 spatium
978 2173 1125 2207 reliquitur
1142 2182 1270 2200 vacuum.
1403 2183 1444 2208 14.
1465 2174 1605 2201 monaden
1618 2175 1660 2202 A:
1681 2175 1803 2201 monadi

473 2210 497 2237 B
507 2210 540 2237 C.
644 2219 684 2242 19.
705 2211 714 2239 ΙΙ
722 2212 765 2235 est
779 2209 801 2234 Β
816 2209 834 2234 s.
851 2218 899 2241 224
913 2217 940 2234 D.

519 2294 568 2325 13.
593 2285 693 2316 Liber
719 2284 804 2315 xxiv.
832 2282 1114 2324 Philosophorum
1140 2283 1184 2315 i.:
1217 2282 1347 2314 Primus
1371 2282 1464 2322 dixit,
1488 2284 1580 2315 Deus
1607 2287 1655 2315 est
1680 2295 1797 2317 monas

473 2338 649 2369 monadem
665 2337 806 2377 gignens
822 2336 855 2366 in
872 2346 905 2366 se
922 2335 1088 2366 reflectens
1104 2345 1202 2376 super
1216 2336 1365 2366 ardorem
1379 2347 1385 2367 ε
1410 2336 1540 2377 printed
1553 2335 1637 2366 from
1650 2346 1669 2366 a
1686 2347 1799 2368 manu-

472 2390 574 2430 script
604 2393 638 2419 at
670 2389 781 2419 Erfurt
813 2387 914 2425 (Cod.
951 2386 1110 2427 Amplon.
1143 2391 1272 2428 quarto,
1308 2395 1364 2426 151
1399 2387 1418 2417 f.
1454 2387 1508 2427 22)
1539 2388 1582 2427 by
1613 2386 1720 2419 father
1751 2389 1797 2420 H.

474 2441 614 2476 Denifle,
631 2441 664 2471 in
682 2439 736 2470 the
754 2439 877 2470 Archiv
893 2439 944 2469 fiir
960 2439 1150 2469 Litteratur-
1166 2438 1231 2469 und
1248 2438 1582 2480 Kirchengeschichte
1598 2438 1655 2470 des
1672 2439 1799 2471 Mittel-

474 2492 582 2529 alters,
619 2500 646 2523 2.
679 2498 742 2530 427
775 2495 807 2521 et
838 2501 903 2531 seq.
936 2488 1063 2529 (1886).
1123 2490 1189 2520 For
1216 2490 1354 2530 ‘super,’
1379 2490 1488 2521 which
1513 2490 1541 2520 is
1571 2490 1685 2522 absent
1714 2491 1799 2522 from

474 2541 653 2584 Wycliffe's
669 2542 815 2580 citati0n‚
834 2541 938 2572 father
954 2540 1083 2572 Denifle
1099 2541 1233 2572 emends
1252 2540 1386 2572 ‘suum.’

521 2600 568 2633 17.
595 2595 733 2634 August.
767 2593 915 2624 Confess.
943 2593 999 2624 vii.
1026 2602 1044 2633 9
1072 2596 1087 2630 ξ
1118 2601 1175 2632 13:
1210 2593 1397 2624 Procurasti
1430 2593 1511 2623 mihi
1537 2616 1544 2623 .
1569 2617 1577 2625 .
1604 2616 1611 2624 .
1636 2592 1797 2634 quosdam

473 2646 719 2677 Platonicorum
744 2643 845 2675 libros
869 2654 907 2674 ex
933 2644 1058 2675 Graeca
1082 2644 1196 2684 lingua
1220 2644 1252 2674 in
1276 2644 1431 2674 Latinam
1449 2654 1570 2682 versos,
1595 2649 1626 2675 et
1649 2644 1695 2675 ibi
1719 2645 1796 2685 legi,

472 2708 538 2728 non
562 2696 693 2738 quidem
718 2696 769 2727 his
792 2696 907 2734 verbis,
931 2696 987 2726 sed
1011 2695 1074 2726 hoc
1098 2696 1185 2726 idem
1210 2696 1344 2726 omnino
1368 2696 1481 2727 multis
1504 2700 1535 2727 et
1559 2696 1798 2737 multiplicibus

474 2749 601 2780 suaderi
625 2748 817 2786 rationibus,
840 2747 929 2787 quod
953 2747 985 2777 in
1009 2746 1170 2787 principio
1194 2751 1261 2778 erat
1277 2747 1433 2787 Verbum,
1458 2749 1539 2779 &c.:
1567 2748 1654 2788 Opp.
1684 2756 1709 2778 Ι.
1736 2748 1797 2786 138

474 2808 559 2831 A-D.
