<?xml version="1.0" encoding="UTF-8"?>
<!DOCTYPE html PUBLIC "-//W3C//DTD XHTML 1.0 Transitional//EN"
    "http://www.w3.org/TR/xhtml1/DTD/xhtml1-transitional.dtd">
<html xmlns="http://www.w3.org/1999/xhtml" xml:lang="en" lang="en">
 <head>
  <title>
</title>
<meta http-equiv="Content-Type" content="text/html;charset=utf-8" />
  <meta name='ocr-system' content='tesseract 3.04.00' />
  <meta name='ocr-capabilities' content='ocr_page ocr_carea ocr_par ocr_line ocrx_word'/>
</head>
<body>
  <div class='ocr_page' id='page_1' title='image "./dedominiodivinol00wycl_0080.png"; bbox 0 0 2008 3305; ppageno 0'>
   <div class='ocr_carea' id='block_1_1' title="bbox 149 194 202 233">
    <p class='ocr_par' dir='ltr' id='par_1_1' title="bbox 149 194 202 233">
     <span class='ocr_line' id='line_1_1' title="bbox 149 194 202 233; baseline 0 0"><span class='ocrx_word' id='word_1_1' title='bbox 149 194 202 233; x_wconf 81' lang='lat'>24</span> 
     </span>
    </p>
   </div>
   <div class='ocr_carea' id='block_1_2' title="bbox 144 1088 418 1315">
    <p class='ocr_par' dir='ltr' id='par_1_2' title="bbox 145 1088 418 1153">
     <span class='ocr_line' id='line_1_2' title="bbox 145 1088 418 1120; baseline 0 -7"><span class='ocrx_word' id='word_1_2' title='bbox 145 1098 169 1114; x_wconf 81' lang='lat'>2.</span> <span class='ocrx_word' id='word_1_3' title='bbox 189 1088 372 1120; x_wconf 77' lang='lat' dir='ltr'>Arguments</span> <span class='ocrx_word' id='word_1_4' title='bbox 390 1089 418 1113; x_wconf 80' lang='lat' dir='ltr'>lo</span> 
     </span>
     <span class='ocr_line' id='line_1_3' title="bbox 145 1122 361 1153; baseline -0.005 -6"><span class='ocrx_word' id='word_1_5' title='bbox 145 1122 193 1147; x_wconf 69' lang='lat' dir='ltr'>tlte</span> <span class='ocrx_word' id='word_1_6' title='bbox 205 1124 344 1153; x_wconf 72' lang='lat' dir='ltr'>contrary</span> <span class='ocrx_word' id='word_1_7' title='bbox 353 1128 361 1146; x_wconf 89' lang='grc'>.·</span> 
     </span>
    </p>

    <p class='ocr_par' dir='ltr' id='par_1_3' title="bbox 144 1155 418 1315">
     <span class='ocr_line' id='line_1_4' title="bbox 144 1155 418 1181; baseline 0 -1"><span class='ocrx_word' id='word_1_8' title='bbox 144 1165 171 1181; x_wconf 83' lang='lat' dir='ltr'>a.</span> <span class='ocrx_word' id='word_1_9' title='bbox 195 1155 306 1181; x_wconf 84' lang='lat' dir='ltr'>Service</span> <span class='ocrx_word' id='word_1_10' title='bbox 319 1155 418 1180; x_wconf 79' lang='lat' dir='ltr'>affects</span> 
     </span>
     <span class='ocr_line' id='line_1_5' title="bbox 145 1188 376 1221; baseline 0 -7"><span class='ocrx_word' id='word_1_11' title='bbox 145 1195 193 1214; x_wconf 88' lang='lat' dir='ltr'>not</span> <span class='ocrx_word' id='word_1_12' title='bbox 206 1188 273 1221; x_wconf 89' lang='lat' dir='ltr'>only</span> <span class='ocrx_word' id='word_1_13' title='bbox 286 1197 376 1214; x_wconf 81' lang='lat' dir='ltr'>essen-</span> 
     </span>
     <span class='ocr_line' id='line_1_6' title="bbox 145 1222 402 1248; baseline 0 -1"><span class='ocrx_word' id='word_1_14' title='bbox 145 1222 210 1248; x_wconf 70' lang='lat' dir='ltr'>tiats</span> <span class='ocrx_word' id='word_1_15' title='bbox 223 1222 273 1247; x_wconf 90' lang='lat' dir='ltr'>but</span> <span class='ocrx_word' id='word_1_16' title='bbox 287 1222 346 1247; x_wconf 82' lang='lat' dir='ltr'>also</span> <span class='ocrx_word' id='word_1_17' title='bbox 359 1230 402 1247; x_wconf 83' lang='lat' dir='ltr'>ac-</span> 
     </span>
     <span class='ocr_line' id='line_1_7' title="bbox 146 1256 398 1285; baseline 0.004 -4"><span class='ocrx_word' id='word_1_18' title='bbox 146 1256 292 1285; x_wconf 73' lang='lat' dir='ltr'>cidentals,</span> <span class='ocrx_word' id='word_1_19' title='bbox 307 1256 398 1282; x_wconf 75' lang='lat' dir='ltr'>which</span> 
     </span>
     <span class='ocr_line' id='line_1_8' title="bbox 144 1288 337 1315; baseline 0.005 -1"><span class='ocrx_word' id='word_1_20' title='bbox 144 1298 191 1315; x_wconf 86' lang='lat' dir='ltr'>are</span> <span class='ocrx_word' id='word_1_21' title='bbox 205 1288 337 1315; x_wconf 77' lang='lat' dir='ltr'>variable.</span> 
     </span>
    </p>
   </div>
   <div class='ocr_carea' id='block_1_3' title="bbox 829 186 1757 244">
    <p class='ocr_par' dir='ltr' id='par_1_4' title="bbox 829 186 1757 244">
     <span class='ocr_line' id='line_1_9' title="bbox 829 186 1757 244; baseline 0 -17"><span class='ocrx_word' id='word_1_22' title='bbox 829 197 892 227; x_wconf 87' lang='lat' dir='ltr'>DE</span> <span class='ocrx_word' id='word_1_23' title='bbox 924 196 1144 228; x_wconf 77' lang='lat' dir='ltr'>DoMiNlo</span> <span class='ocrx_word' id='word_1_24' title='bbox 1177 197 1354 229; x_wconf 74' lang='lat' dir='ltr'>D1V1No</span> <span class='ocrx_word' id='word_1_25' title='bbox 1573 186 1677 244; x_wconf 83' lang='lat' dir='ltr'>[CAP.</span> <span class='ocrx_word' id='word_1_26' title='bbox 1702 200 1757 227; x_wconf 84' lang='lat' dir='ltr'>1v.</span> 
     </span>
    </p>
   </div>
   <div class='ocr_carea' id='block_1_4' title="bbox 423 310 1848 2633">
    <p class='ocr_par' dir='ltr' id='par_1_5' title="bbox 423 310 1848 504">
     <span class='ocr_line' id='line_1_10' title="bbox 427 310 1848 363; baseline 0.001 -16"><span class='ocrx_word' id='word_1_27' title='bbox 427 310 559 349; x_wconf 86' lang='lat' dir='ltr'>Minor</span> <span class='ocrx_word' id='word_1_28' title='bbox 578 313 794 360; x_wconf 79' lang='lat' dir='ltr'>argumenti</span> <span class='ocrx_word' id='word_1_29' title='bbox 816 319 921 362; x_wconf 84' lang='lat' dir='ltr'>patet</span> <span class='ocrx_word' id='word_1_30' title='bbox 941 326 987 350; x_wconf 86' lang='lat' dir='ltr'>ex</span> <span class='ocrx_word' id='word_1_31' title='bbox 1009 313 1083 351; x_wconf 91' lang='lat' dir='ltr'>hoc</span> <span class='ocrx_word' id='word_1_32' title='bbox 1105 313 1209 363; x_wconf 90' lang='lat' dir='ltr'>quod</span> <span class='ocrx_word' id='word_1_33' title='bbox 1230 320 1405 351; x_wconf 82' lang='lat' dir='ltr'>creatura</span> <span class='ocrx_word' id='word_1_34' title='bbox 1426 314 1626 363; x_wconf 85' lang='lat' dir='ltr'>peccando</span> <span class='ocrx_word' id='word_1_35' title='bbox 1647 313 1759 351; x_wconf 86' lang='lat' dir='ltr'>servit</span> <span class='ocrx_word' id='word_1_36' title='bbox 1774 315 1848 357; x_wconf 79' lang='lat' dir='ltr'>[SA</span> 
     </span>
     <span class='ocr_line' id='line_1_11' title="bbox 425 381 1758 433; baseline 0.002 -15"><span class='ocrx_word' id='word_1_37' title='bbox 425 381 523 428; x_wconf 85' lang='lat' dir='ltr'>Deo,</span> <span class='ocrx_word' id='word_1_38' title='bbox 559 389 595 419; x_wconf 88' lang='lat' dir='ltr'>et</span> <span class='ocrx_word' id='word_1_39' title='bbox 634 389 738 420; x_wconf 85' lang='lat' dir='ltr'>tante</span> <span class='ocrx_word' id='word_1_40' title='bbox 779 383 998 422; x_wconf 86' lang='lat' dir='ltr'>sufferendo</span> <span class='ocrx_word' id='word_1_41' title='bbox 1037 397 1178 433; x_wconf 88' lang='lat' dir='ltr'>penam</span> <span class='ocrx_word' id='word_1_42' title='bbox 1218 392 1359 433; x_wconf 82' lang='lat' dir='ltr'>quante</span> <span class='ocrx_word' id='word_1_43' title='bbox 1395 385 1546 422; x_wconf 79' lang='lat' dir='ltr'>serviret</span> <span class='ocrx_word' id='word_1_44' title='bbox 1579 384 1758 422; x_wconf 85' lang='lat' dir='ltr'>habendo</span> 
     </span>
     <span class='ocr_line' id='line_1_12' title="bbox 423 453 1759 504; baseline 0.003 -15"><span class='ocrx_word' id='word_1_45' title='bbox 423 453 598 490; x_wconf 83' lang='lat' dir='ltr'>virtutem</span> <span class='ocrx_word' id='word_1_46' title='bbox 619 454 986 502; x_wconf 87' lang='lat' dir='ltr'>correspondentem</span> <span class='ocrx_word' id='word_1_47' title='bbox 1008 462 1166 504; x_wconf 80' lang='lat' dir='ltr'>peccato</span> <span class='ocrx_word' id='word_1_48' title='bbox 1183 456 1289 504; x_wconf 87' lang='lat' dir='ltr'>quod</span> <span class='ocrx_word' id='word_1_49' title='bbox 1305 467 1446 504; x_wconf 87' lang='lat' dir='ltr'>penam</span> <span class='ocrx_word' id='word_1_50' title='bbox 1466 456 1635 493; x_wconf 85' lang='lat' dir='ltr'>inducit:</span> <span class='ocrx_word' id='word_1_51' title='bbox 1667 462 1708 492; x_wconf 89' lang='lat' dir='ltr'>ut</span> <span class='ocrx_word' id='word_1_52' title='bbox 1730 455 1759 492; x_wconf 87' lang='lat' dir='ltr'>si</span> 
     </span>
    </p>

    <p class='ocr_par' dir='ltr' id='par_1_6' title="bbox 423 524 1819 1071">
     <span class='ocr_line' id='line_1_13' title="bbox 424 524 1760 576; baseline 0.002 -16"><span class='ocrx_word' id='word_1_53' title='bbox 424 536 446 560; x_wconf 84' lang='lat' dir='ltr'><strong>A</strong></span> <span class='ocrx_word' id='word_1_54' title='bbox 468 531 639 561; x_wconf 88' lang='lat' dir='ltr'>creatura</span> <span class='ocrx_word' id='word_1_55' title='bbox 667 525 778 561; x_wconf 87' lang='lat' dir='ltr'>servit</span> <span class='ocrx_word' id='word_1_56' title='bbox 805 524 891 562; x_wconf 90' lang='lat' dir='ltr'>Deo</span> <span class='ocrx_word' id='word_1_57' title='bbox 913 526 1077 563; x_wconf 82' lang='lat' dir='ltr'>virtuose</span> <span class='ocrx_word' id='word_1_58' title='bbox 1101 526 1300 575; x_wconf 84' lang='lat' dir='ltr'>operando</span> <span class='ocrx_word' id='word_1_59' title='bbox 1329 539 1351 563; x_wconf 86' lang='lat' dir='ltr'>a</span> <span class='ocrx_word' id='word_1_60' title='bbox 1378 538 1459 563; x_wconf 90' lang='lat' dir='ltr'>non</span> <span class='ocrx_word' id='word_1_61' title='bbox 1487 527 1608 576; x_wconf 84' lang='lat' dir='ltr'>gradu</span> <span class='ocrx_word' id='word_1_62' title='bbox 1638 539 1760 576; x_wconf 84' lang='lat' dir='ltr'>usque</span> 
     </span>
     <span class='ocr_line' id='line_1_14' title="bbox 424 595 1791 647; baseline 0.003 -16"><span class='ocrx_word' id='word_1_63' title='bbox 424 595 472 632; x_wconf 85' lang='lat' dir='ltr'>ad</span> <span class='ocrx_word' id='word_1_64' title='bbox 503 595 677 643; x_wconf 80' lang='lat' dir='ltr'>gradum,</span> <span class='ocrx_word' id='word_1_65' title='bbox 707 602 749 633; x_wconf 92' lang='lat' dir='ltr'>ut</span> <span class='ocrx_word' id='word_1_66' title='bbox 776 602 951 645; x_wconf 87' lang='lat' dir='ltr'>quatuor,</span> <span class='ocrx_word' id='word_1_67' title='bbox 973 603 1010 634; x_wconf 85' lang='lat' dir='ltr'>et</span> <span class='ocrx_word' id='word_1_68' title='bbox 1035 609 1056 634; x_wconf 88' lang='lat' dir='ltr'>B</span> <span class='ocrx_word' id='word_1_69' title='bbox 1081 603 1253 634; x_wconf 83' lang='lat' dir='ltr'>creatura</span> <span class='ocrx_word' id='word_1_70' title='bbox 1283 610 1350 646; x_wconf 89' lang='lat' dir='ltr'>per</span> <span class='ocrx_word' id='word_1_71' title='bbox 1379 598 1482 634; x_wconf 91' lang='lat' dir='ltr'>idem</span> <span class='ocrx_word' id='word_1_72' title='bbox 1512 605 1663 647; x_wconf 85' lang='lat' dir='ltr'>tempus</span> <span class='ocrx_word' id='word_1_73' title='bbox 1694 598 1791 639; x_wconf 89' lang='lat' dir='ltr'>de-5</span> 
     </span>
     <span class='ocr_line' id='line_1_15' title="bbox 423 667 1761 717; baseline 0.003 -16"><span class='ocrx_word' id='word_1_74' title='bbox 423 673 592 702; x_wconf 86' lang='lat' dir='ltr'>meretur</span> <span class='ocrx_word' id='word_1_75' title='bbox 621 678 643 702; x_wconf 89' lang='lat' dir='ltr'>a</span> <span class='ocrx_word' id='word_1_76' title='bbox 672 667 805 714; x_wconf 80' lang='lat' dir='ltr'>gradu,</span> <span class='ocrx_word' id='word_1_77' title='bbox 827 673 867 703; x_wconf 90' lang='lat' dir='ltr'>ut</span> <span class='ocrx_word' id='word_1_78' title='bbox 888 674 1063 716; x_wconf 85' lang='lat' dir='ltr'>quatuor,</span> <span class='ocrx_word' id='word_1_79' title='bbox 1085 679 1207 717; x_wconf 85' lang='lat' dir='ltr'>usque</span> <span class='ocrx_word' id='word_1_80' title='bbox 1229 668 1277 705; x_wconf 84' lang='lat' dir='ltr'>ad</span> <span class='ocrx_word' id='word_1_81' title='bbox 1298 680 1377 706; x_wconf 92' lang='lat' dir='ltr'>non</span> <span class='ocrx_word' id='word_1_82' title='bbox 1397 668 1582 716; x_wconf 79' lang='lat' dir='ltr'>gradum3</span> <span class='ocrx_word' id='word_1_83' title='bbox 1612 675 1761 705; x_wconf 86' lang='lat' dir='ltr'>tantum</span> 
     </span>
     <span class='ocr_line' id='line_1_16' title="bbox 425 736 1762 788; baseline 0.002 -16"><span class='ocrx_word' id='word_1_84' title='bbox 425 737 536 772; x_wconf 85' lang='lat' dir='ltr'>servit</span> <span class='ocrx_word' id='word_1_85' title='bbox 570 750 590 775; x_wconf 86' lang='lat' dir='ltr'><strong>B</strong></span> <span class='ocrx_word' id='word_1_86' title='bbox 624 736 814 786; x_wconf 85' lang='lat' dir='ltr'>paciendo</span> <span class='ocrx_word' id='word_1_87' title='bbox 848 750 991 786; x_wconf 86' lang='lat' dir='ltr'>penam</span> <span class='ocrx_word' id='word_1_88' title='bbox 1026 738 1211 783; x_wconf 83' lang='lat' dir='ltr'>demeriti,</span> <span class='ocrx_word' id='word_1_89' title='bbox 1246 739 1341 776; x_wconf 85' lang='lat' dir='ltr'>sicut</span> <span class='ocrx_word' id='word_1_90' title='bbox 1376 752 1399 776; x_wconf 87' lang='lat' dir='ltr'>A</span> <span class='ocrx_word' id='word_1_91' title='bbox 1434 739 1633 788; x_wconf 86' lang='lat' dir='ltr'>operando</span> <span class='ocrx_word' id='word_1_92' title='bbox 1665 751 1762 787; x_wconf 86' lang='lat' dir='ltr'>eque</span> 
     </span>
     <span class='ocr_line' id='line_1_17' title="bbox 424 808 1764 858; baseline 0.003 -15"><span class='ocrx_word' id='word_1_93' title='bbox 424 808 616 844; x_wconf 86' lang='lat' dir='ltr'>meritorie</span> <span class='ocrx_word' id='word_1_94' title='bbox 646 810 685 844; x_wconf 91' lang='lat' dir='ltr'>in</span> <span class='ocrx_word' id='word_1_95' title='bbox 715 820 785 845; x_wconf 86' lang='lat' dir='ltr'>suo</span> <span class='ocrx_word' id='word_1_96' title='bbox 816 821 968 858; x_wconf 82' lang='lat' dir='ltr'>genere.</span> <span class='ocrx_word' id='word_1_97' title='bbox 1027 808 1111 846; x_wconf 89' lang='lat' dir='ltr'>Nec</span> <span class='ocrx_word' id='word_1_98' title='bbox 1132 810 1278 847; x_wconf 85' lang='lat' dir='ltr'>videtur</span> <span class='ocrx_word' id='word_1_99' title='bbox 1309 810 1411 847; x_wconf 84' lang='lat' dir='ltr'>racio</span> <span class='ocrx_word' id='word_1_100' title='bbox 1441 810 1488 847; x_wconf 90' lang='lat' dir='ltr'>de</span> <span class='ocrx_word' id='word_1_101' title='bbox 1512 810 1659 847; x_wconf 87' lang='lat' dir='ltr'>servicii</span> <span class='ocrx_word' id='word_1_102' title='bbox 1687 810 1764 848; x_wconf 87' lang='lat' dir='ltr'>dis-</span> 
     </span>
     <span class='ocr_line' id='line_1_18' title="bbox 423 879 1765 929; baseline 0.001 -14"><span class='ocrx_word' id='word_1_103' title='bbox 423 879 602 928; x_wconf 73' lang='lat' dir='ltr'>persione</span> <span class='ocrx_word' id='word_1_104' title='bbox 622 891 789 924; x_wconf 86' lang='lat' dir='ltr'>movere,</span> <span class='ocrx_word' id='word_1_105' title='bbox 806 892 895 916; x_wconf 89' lang='lat' dir='ltr'>cum</span> <span class='ocrx_word' id='word_1_106' title='bbox 917 880 1117 917; x_wconf 89' lang='lat' dir='ltr'>serviendo</span> <span class='ocrx_word' id='word_1_107' title='bbox 1134 880 1362 929; x_wconf 89' lang='lat' dir='ltr'>cuicumque</span> <span class='ocrx_word' id='word_1_108' title='bbox 1384 893 1492 919; x_wconf 89' lang='lat' dir='ltr'>servo</span> <span class='ocrx_word' id='word_1_109' title='bbox 1513 880 1586 918; x_wconf 89' lang='lat' dir='ltr'>Dei</span> <span class='ocrx_word' id='word_1_110' title='bbox 1608 882 1765 918; x_wconf 84' lang='lat' dir='ltr'>servitur</span> 
     </span>
     <span class='ocr_line' id='line_1_19' title="bbox 424 950 1819 1001; baseline 0.002 -14"><span class='ocrx_word' id='word_1_111' title='bbox 424 957 460 987; x_wconf 85' lang='lat' dir='ltr'>et</span> <span class='ocrx_word' id='word_1_112' title='bbox 488 951 568 991; x_wconf 79' lang='lat' dir='ltr'>sibi.</span> <span class='ocrx_word' id='word_1_113' title='bbox 592 950 686 988; x_wconf 90' lang='lat' dir='ltr'>sicut</span> <span class='ocrx_word' id='word_1_114' title='bbox 713 957 749 987; x_wconf 91' lang='lat' dir='ltr'>et</span> <span class='ocrx_word' id='word_1_115' title='bbox 774 951 961 1000; x_wconf 88' lang='lat' dir='ltr'>quidquid</span> <span class='ocrx_word' id='word_1_116' title='bbox 987 952 1195 1000; x_wconf 80' lang='lat' dir='ltr'>acquiritur</span> <span class='ocrx_word' id='word_1_117' title='bbox 1223 963 1330 989; x_wconf 87' lang='lat' dir='ltr'>servo</span> <span class='ocrx_word' id='word_1_118' title='bbox 1356 953 1566 1001; x_wconf 85' lang='lat' dir='ltr'>acquiritur</span> <span class='ocrx_word' id='word_1_119' title='bbox 1591 952 1764 990; x_wconf 87' lang='lat' dir='ltr'>Domino</span> <span class='ocrx_word' id='word_1_120' title='bbox 1782 967 1819 990; x_wconf 83' lang='lat'>10</span> 
     </span>
     <span class='ocr_line' id='line_1_20' title="bbox 428 1022 1637 1071; baseline 0 -13"><span class='ocrx_word' id='word_1_121' title='bbox 428 1022 700 1067; x_wconf 85' lang='lat' dir='ltr'>dominorum;</span> <span class='ocrx_word' id='word_1_122' title='bbox 731 1023 858 1059; x_wconf 90' lang='lat' dir='ltr'>omnis</span> <span class='ocrx_word' id='word_1_123' title='bbox 880 1022 982 1058; x_wconf 89' lang='lat' dir='ltr'>enim</span> <span class='ocrx_word' id='word_1_124' title='bbox 1005 1022 1151 1060; x_wconf 89' lang='lat' dir='ltr'>servicii</span> <span class='ocrx_word' id='word_1_125' title='bbox 1171 1033 1229 1060; x_wconf 87' lang='lat' dir='ltr'>est</span> <span class='ocrx_word' id='word_1_126' title='bbox 1249 1023 1331 1071; x_wconf 88' lang='lat' dir='ltr'>ipse</span> <span class='ocrx_word' id='word_1_127' title='bbox 1352 1022 1545 1068; x_wconf 84' lang='lat' dir='ltr'>dominus,</span> <span class='ocrx_word' id='word_1_128' title='bbox 1568 1029 1637 1061; x_wconf 88' lang='lat' dir='ltr'>etc.</span> 
     </span>
    </p>

    <p class='ocr_par' dir='ltr' id='par_1_7' title="bbox 425 1092 1826 2633">
     <span class='ocr_line' id='line_1_21' title="bbox 485 1092 1766 1141; baseline 0 -12"><span class='ocrx_word' id='word_1_129' title='bbox 485 1092 531 1129; x_wconf 86' lang='lat' dir='ltr'>In</span> <span class='ocrx_word' id='word_1_130' title='bbox 571 1092 793 1141; x_wconf 88' lang='lat' dir='ltr'>oppositum</span> <span class='ocrx_word' id='word_1_131' title='bbox 833 1093 906 1130; x_wconf 85' lang='lat' dir='ltr'>sic:</span> <span class='ocrx_word' id='word_1_132' title='bbox 939 1092 1120 1139; x_wconf 83' lang='lat' dir='ltr'>Quelibet</span> <span class='ocrx_word' id='word_1_133' title='bbox 1158 1100 1330 1130; x_wconf 86' lang='lat' dir='ltr'>creatura</span> <span class='ocrx_word' id='word_1_134' title='bbox 1363 1094 1475 1131; x_wconf 89' lang='lat' dir='ltr'>servit</span> <span class='ocrx_word' id='word_1_135' title='bbox 1507 1093 1594 1131; x_wconf 87' lang='lat' dir='ltr'>Deo</span> <span class='ocrx_word' id='word_1_136' title='bbox 1621 1093 1766 1131; x_wconf 90' lang='lat' dir='ltr'>nedum</span> 
     </span>
     <span class='ocr_line' id='line_1_22' title="bbox 431 1163 1767 1202; baseline 0.001 -2"><span class='ocrx_word' id='word_1_137' title='bbox 431 1163 643 1200; x_wconf 88' lang='lat' dir='ltr'>secundum</span> <span class='ocrx_word' id='word_1_138' title='bbox 663 1163 745 1200; x_wconf 84' lang='lat' dir='ltr'>eius</span> <span class='ocrx_word' id='word_1_139' title='bbox 765 1164 992 1201; x_wconf 86' lang='lat' dir='ltr'>essencialia</span> <span class='ocrx_word' id='word_1_140' title='bbox 1016 1164 1084 1201; x_wconf 89' lang='lat' dir='ltr'>sed</span> <span class='ocrx_word' id='word_1_141' title='bbox 1104 1164 1316 1201; x_wconf 87' lang='lat' dir='ltr'>secundum</span> <span class='ocrx_word' id='word_1_142' title='bbox 1338 1164 1418 1202; x_wconf 86' lang='lat' dir='ltr'>eius</span> <span class='ocrx_word' id='word_1_143' title='bbox 1440 1165 1571 1202; x_wconf 86' lang='lat' dir='ltr'>omnia</span> <span class='ocrx_word' id='word_1_144' title='bbox 1591 1165 1767 1202; x_wconf 88' lang='lat' dir='ltr'>acciden-</span> 
     </span>
     <span class='ocr_line' id='line_1_23' title="bbox 429 1233 1768 1284; baseline 0.001 -13"><span class='ocrx_word' id='word_1_145' title='bbox 429 1234 517 1271; x_wconf 84' lang='lat' dir='ltr'>talia</span> <span class='ocrx_word' id='word_1_146' title='bbox 547 1234 736 1283; x_wconf 81' lang='lat' dir='ltr'>positiva3</span> <span class='ocrx_word' id='word_1_147' title='bbox 773 1233 841 1271; x_wconf 91' lang='lat' dir='ltr'>sed</span> <span class='ocrx_word' id='word_1_148' title='bbox 870 1235 1059 1284; x_wconf 85' lang='lat' dir='ltr'>contingit</span> <span class='ocrx_word' id='word_1_149' title='bbox 1089 1235 1255 1272; x_wconf 83' lang='lat' dir='ltr'>eandem</span> <span class='ocrx_word' id='word_1_150' title='bbox 1290 1242 1505 1272; x_wconf 82' lang='lat' dir='ltr'>creaturam</span> <span class='ocrx_word' id='word_1_151' title='bbox 1534 1236 1573 1272; x_wconf 86' lang='lat' dir='ltr'>in</span> <span class='ocrx_word' id='word_1_152' title='bbox 1603 1247 1768 1273; x_wconf 87' lang='lat' dir='ltr'>numero</span> 
     </span>
     <span class='ocr_line' id='line_1_24' title="bbox 429 1304 1819 1355; baseline -0.001 -14"><span class='ocrx_word' id='word_1_153' title='bbox 429 1317 531 1342; x_wconf 91' lang='lat' dir='ltr'>nunc</span> <span class='ocrx_word' id='word_1_154' title='bbox 551 1304 636 1353; x_wconf 89' lang='lat' dir='ltr'>plus</span> <span class='ocrx_word' id='word_1_155' title='bbox 657 1316 761 1341; x_wconf 87' lang='lat' dir='ltr'>nunc</span> <span class='ocrx_word' id='word_1_156' title='bbox 785 1305 914 1342; x_wconf 87' lang='lat' dir='ltr'>minus</span> <span class='ocrx_word' id='word_1_157' title='bbox 937 1304 1078 1343; x_wconf 87' lang='lat' dir='ltr'>habere</span> <span class='ocrx_word' id='word_1_158' title='bbox 1103 1305 1150 1342; x_wconf 89' lang='lat' dir='ltr'>de</span> <span class='ocrx_word' id='word_1_159' title='bbox 1179 1305 1317 1342; x_wconf 87' lang='lat' dir='ltr'>talibus</span> <span class='ocrx_word' id='word_1_160' title='bbox 1347 1306 1612 1343; x_wconf 89' lang='lat' dir='ltr'>accidentibus</span> <span class='ocrx_word' id='word_1_161' title='bbox 1634 1306 1767 1355; x_wconf 85' lang='lat' dir='ltr'>positi·</span> <span class='ocrx_word' id='word_1_162' title='bbox 1782 1318 1819 1350; x_wconf 86' lang='lat'>15</span> 
     </span>
     <span class='ocr_line' id='line_1_25' title="bbox 425 1375 1768 1425; baseline 0.001 -13"><span class='ocrx_word' id='word_1_163' title='bbox 425 1376 481 1413; x_wconf 87' lang='lat' dir='ltr'>vis</span> <span class='ocrx_word' id='word_1_164' title='bbox 500 1389 507 1412; x_wconf 93' lang='lat'><strong>:</strong></span> <span class='ocrx_word' id='word_1_165' title='bbox 539 1387 634 1424; x_wconf 82' lang='lat' dir='ltr'>ergo</span> <span class='ocrx_word' id='word_1_166' title='bbox 655 1375 845 1424; x_wconf 84' lang='lat' dir='ltr'>contingit</span> <span class='ocrx_word' id='word_1_167' title='bbox 864 1375 968 1412; x_wconf 83' lang='lat' dir='ltr'>illam</span> <span class='ocrx_word' id='word_1_168' title='bbox 990 1376 1156 1413; x_wconf 88' lang='lat' dir='ltr'>vicissim</span> <span class='ocrx_word' id='word_1_169' title='bbox 1170 1377 1310 1414; x_wconf 89' lang='lat' dir='ltr'>servire</span> <span class='ocrx_word' id='word_1_170' title='bbox 1324 1375 1412 1414; x_wconf 87' lang='lat' dir='ltr'>Deo</span> <span class='ocrx_word' id='word_1_171' title='bbox 1425 1377 1768 1425; x_wconf 84' lang='lat' dir='ltr'>proporcionaliter</span> 
     </span>
     <span class='ocr_line' id='line_1_26' title="bbox 425 1445 1770 1496; baseline 0.001 -13"><span class='ocrx_word' id='word_1_172' title='bbox 425 1447 512 1495; x_wconf 88' lang='lat' dir='ltr'>plus</span> <span class='ocrx_word' id='word_1_173' title='bbox 551 1452 588 1483; x_wconf 87' lang='lat' dir='ltr'>et</span> <span class='ocrx_word' id='word_1_174' title='bbox 616 1445 757 1483; x_wconf 89' lang='lat' dir='ltr'>minus.</span> <span class='ocrx_word' id='word_1_175' title='bbox 815 1445 1080 1484; x_wconf 88' lang='lat' dir='ltr'>Confirmatur</span> <span class='ocrx_word' id='word_1_176' title='bbox 1109 1447 1188 1485; x_wconf 87' lang='lat' dir='ltr'>sic:</span> <span class='ocrx_word' id='word_1_177' title='bbox 1222 1447 1383 1484; x_wconf 79' lang='lat' dir='ltr'>Nullum</span> <span class='ocrx_word' id='word_1_178' title='bbox 1422 1454 1626 1496; x_wconf 88' lang='lat' dir='ltr'>peccatum</span> <span class='ocrx_word' id='word_1_179' title='bbox 1656 1448 1770 1485; x_wconf 85' lang='lat' dir='ltr'>servit</span> 
     </span>
     <span class='ocr_line' id='line_1_27' title="bbox 427 1515 1768 1567; baseline 0 -12"><span class='ocrx_word' id='word_1_180' title='bbox 427 1517 514 1555; x_wconf 85' lang='lat' dir='ltr'>Deo</span> <span class='ocrx_word' id='word_1_181' title='bbox 536 1515 594 1565; x_wconf 86' lang='lat' dir='ltr'>(ut</span> <span class='ocrx_word' id='word_1_182' title='bbox 617 1517 762 1553; x_wconf 87' lang='lat' dir='ltr'>dictum</span> <span class='ocrx_word' id='word_1_183' title='bbox 784 1515 878 1567; x_wconf 78' lang='lat' dir='ltr'>est&gt;;</span> <span class='ocrx_word' id='word_1_184' title='bbox 910 1529 1001 1566; x_wconf 82' lang='lat' dir='ltr'>ergo</span> <span class='ocrx_word' id='word_1_185' title='bbox 1028 1518 1154 1555; x_wconf 84' lang='lat' dir='ltr'>nullus</span> <span class='ocrx_word' id='word_1_186' title='bbox 1180 1525 1364 1567; x_wconf 81' lang='lat' dir='ltr'>peccator</span> <span class='ocrx_word' id='word_1_187' title='bbox 1391 1518 1604 1555; x_wconf 84' lang='lat' dir='ltr'>secundum</span> <span class='ocrx_word' id='word_1_188' title='bbox 1631 1531 1768 1567; x_wconf 88' lang='lat' dir='ltr'>pecca-</span> 
     </span>
     <span class='ocr_line' id='line_1_28' title="bbox 425 1587 1768 1638; baseline 0.001 -14"><span class='ocrx_word' id='word_1_189' title='bbox 425 1595 507 1625; x_wconf 87' lang='lat' dir='ltr'>tum</span> <span class='ocrx_word' id='word_1_190' title='bbox 547 1588 661 1625; x_wconf 82' lang='lat' dir='ltr'>servit</span> <span class='ocrx_word' id='word_1_191' title='bbox 699 1587 808 1625; x_wconf 91' lang='lat' dir='ltr'>Deo:</span> <span class='ocrx_word' id='word_1_192' title='bbox 854 1595 891 1625; x_wconf 89' lang='lat' dir='ltr'>et</span> <span class='ocrx_word' id='word_1_193' title='bbox 930 1601 1000 1637; x_wconf 87' lang='lat' dir='ltr'>per</span> <span class='ocrx_word' id='word_1_194' title='bbox 1037 1600 1294 1638; x_wconf 78' lang='lat' dir='ltr'>consequenS‚</span> <span class='ocrx_word' id='word_1_195' title='bbox 1335 1596 1483 1627; x_wconf 83' lang='lat' dir='ltr'>mutato</span> <span class='ocrx_word' id='word_1_196' title='bbox 1521 1590 1691 1627; x_wconf 83' lang='lat' dir='ltr'>virtuoso</span> <span class='ocrx_word' id='word_1_197' title='bbox 1729 1590 1768 1626; x_wconf 88' lang='lat' dir='ltr'>in</span> 
     </span>
     <span class='ocr_line' id='line_1_29' title="bbox 427 1658 1823 1709; baseline 0.001 -13"><span class='ocrx_word' id='word_1_198' title='bbox 427 1665 684 1708; x_wconf 80' lang='lat' dir='ltr'>peccatorem,</span> <span class='ocrx_word' id='word_1_199' title='bbox 707 1658 760 1695; x_wconf 87' lang='lat' dir='ltr'>sic</span> <span class='ocrx_word' id='word_1_200' title='bbox 782 1658 899 1707; x_wconf 84' lang='lat' dir='ltr'>quod,</span> <span class='ocrx_word' id='word_1_201' title='bbox 923 1660 1110 1696; x_wconf 84' lang='lat' dir='ltr'>stantibus</span> <span class='ocrx_word' id='word_1_202' title='bbox 1131 1660 1314 1697; x_wconf 90' lang='lat' dir='ltr'>omnibus</span> <span class='ocrx_word' id='word_1_203' title='bbox 1341 1660 1422 1697; x_wconf 82' lang='lat' dir='ltr'>aliis</span> <span class='ocrx_word' id='word_1_204' title='bbox 1449 1660 1618 1709; x_wconf 78' lang='lat' dir='ltr'>positivis</span> <span class='ocrx_word' id='word_1_205' title='bbox 1641 1667 1768 1709; x_wconf 89' lang='lat' dir='ltr'>preter</span> <span class='ocrx_word' id='word_1_206' title='bbox 1783 1677 1823 1697; x_wconf 88' lang='lat'>20</span> 
     </span>
     <span class='ocr_line' id='line_1_30' title="bbox 427 1729 1769 1780; baseline 0.001 -13"><span class='ocrx_word' id='word_1_207' title='bbox 427 1730 622 1767; x_wconf 77' lang='lat' dir='ltr'>cambium</span> <span class='ocrx_word' id='word_1_208' title='bbox 653 1742 674 1766; x_wconf 86' lang='lat' dir='ltr'>B</span> <span class='ocrx_word' id='word_1_209' title='bbox 712 1729 861 1778; x_wconf 86' lang='lat' dir='ltr'>peccati</span> <span class='ocrx_word' id='word_1_210' title='bbox 900 1742 970 1779; x_wconf 90' lang='lat' dir='ltr'>pro</span> <span class='ocrx_word' id='word_1_211' title='bbox 1000 1743 1023 1768; x_wconf 83' lang='lat' dir='ltr'>A</span> <span class='ocrx_word' id='word_1_212' title='bbox 1053 1730 1192 1768; x_wconf 87' lang='lat' dir='ltr'>virtute</span> <span class='ocrx_word' id='word_1_213' title='bbox 1231 1743 1319 1768; x_wconf 89' lang='lat' dir='ltr'>cum</span> <span class='ocrx_word' id='word_1_214' title='bbox 1359 1732 1685 1780; x_wconf 78' lang='lat' dir='ltr'>consequentibus</span> <span class='ocrx_word' id='word_1_215' title='bbox 1720 1732 1769 1769; x_wconf 82' lang='lat' dir='ltr'>ad</span> 
     </span>
     <span class='ocr_line' id='line_1_31' title="bbox 425 1801 1769 1852; baseline 0.001 -14"><span class='ocrx_word' id='word_1_216' title='bbox 425 1801 575 1847; x_wconf 79' lang='lat' dir='ltr'>eadem,</span> <span class='ocrx_word' id='word_1_217' title='bbox 598 1801 687 1837; x_wconf 83' lang='lat' dir='ltr'>data</span> <span class='ocrx_word' id='word_1_218' title='bbox 706 1806 879 1837; x_wconf 84' lang='lat' dir='ltr'>creatura</span> <span class='ocrx_word' id='word_1_219' title='bbox 898 1801 1026 1837; x_wconf 87' lang='lat' dir='ltr'>minus</span> <span class='ocrx_word' id='word_1_220' title='bbox 1047 1802 1162 1838; x_wconf 86' lang='lat' dir='ltr'>servit</span> <span class='ocrx_word' id='word_1_221' title='bbox 1184 1801 1269 1839; x_wconf 93' lang='lat' dir='ltr'>Deo</span> <span class='ocrx_word' id='word_1_222' title='bbox 1295 1802 1494 1851; x_wconf 81' lang='lat' dir='ltr'>peccando</span> <span class='ocrx_word' id='word_1_223' title='bbox 1521 1814 1638 1852; x_wconf 88' lang='lat' dir='ltr'>quam</span> <span class='ocrx_word' id='word_1_224' title='bbox 1664 1803 1769 1852; x_wconf 86' lang='lat' dir='ltr'>prius</span> 
     </span>
     <span class='ocr_line' id='line_1_32' title="bbox 426 1870 1812 1921; baseline -0.001 -12"><span class='ocrx_word' id='word_1_225' title='bbox 426 1872 513 1909; x_wconf 89' lang='lat' dir='ltr'>fecit</span> <span class='ocrx_word' id='word_1_226' title='bbox 540 1871 740 1917; x_wconf 83' lang='lat' dir='ltr'>merendo,</span> <span class='ocrx_word' id='word_1_227' title='bbox 768 1877 918 1907; x_wconf 82' lang='lat' dir='ltr'>tantum</span> <span class='ocrx_word' id='word_1_228' title='bbox 941 1870 959 1890; x_wconf 75' lang='lat'>&#39;¹‘</span> <span class='ocrx_word' id='word_1_229' title='bbox 983 1879 1171 1921; x_wconf 87' lang='lat' dir='ltr'>quantum</span> <span class='ocrx_word' id='word_1_230' title='bbox 1194 1873 1312 1909; x_wconf 88' lang='lat' dir='ltr'>virtus</span> <span class='ocrx_word' id='word_1_231' title='bbox 1342 1873 1426 1909; x_wconf 83' lang='lat' dir='ltr'>talis</span> <span class='ocrx_word' id='word_1_232' title='bbox 1453 1873 1557 1910; x_wconf 82' lang='lat' dir='ltr'>addit</span> <span class='ocrx_word' id='word_1_233' title='bbox 1581 1873 1629 1910; x_wconf 85' lang='lat' dir='ltr'>ad</span> <span class='ocrx_word' id='word_1_234' title='bbox 1655 1873 1812 1911; x_wconf 87' lang='lat' dir='ltr'>servi-B</span> 
     </span>
     <span class='ocr_line' id='line_1_33' title="bbox 427 1941 1771 1982; baseline 0.001 -3"><span class='ocrx_word' id='word_1_235' title='bbox 427 1944 530 1980; x_wconf 89' lang='lat' dir='ltr'>cium</span> <span class='ocrx_word' id='word_1_236' title='bbox 559 1949 596 1980; x_wconf 93' lang='lat' dir='ltr'>et</span> <span class='ocrx_word' id='word_1_237' title='bbox 625 1942 765 1979; x_wconf 89' lang='lat' dir='ltr'>vicium</span> <span class='ocrx_word' id='word_1_238' title='bbox 794 1941 996 1979; x_wconf 79' lang='lat' dir='ltr'>inductum</span> <span class='ocrx_word' id='word_1_239' title='bbox 1026 1943 1210 1980; x_wconf 77' lang='lat' dir='ltr'>abstrahit</span> <span class='ocrx_word' id='word_1_240' title='bbox 1240 1944 1288 1980; x_wconf 81' lang='lat' dir='ltr'>ab</span> <span class='ocrx_word' id='word_1_241' title='bbox 1327 1943 1477 1981; x_wconf 88' lang='lat' dir='ltr'>eodem.</span> <span class='ocrx_word' id='word_1_242' title='bbox 1550 1943 1633 1982; x_wconf 93' lang='lat' dir='ltr'>Nec</span> <span class='ocrx_word' id='word_1_243' title='bbox 1663 1945 1771 1982; x_wconf 87' lang='lat' dir='ltr'>aliter</span> 
     </span>
     <span class='ocr_line' id='line_1_34' title="bbox 428 2013 1822 2066; baseline 0.004 -17"><span class='ocrx_word' id='word_1_244' title='bbox 428 2014 575 2051; x_wconf 88' lang='lat' dir='ltr'>videtur</span> <span class='ocrx_word' id='word_1_245' title='bbox 616 2013 778 2063; x_wconf 80' lang='lat' dir='ltr'>qualiter</span> <span class='ocrx_word' id='word_1_246' title='bbox 815 2013 863 2051; x_wconf 91' lang='lat' dir='ltr'>ad</span> <span class='ocrx_word' id='word_1_247' title='bbox 904 2026 1061 2051; x_wconf 90' lang='lat' dir='ltr'>sensum</span> <span class='ocrx_word' id='word_1_248' title='bbox 1102 2014 1292 2063; x_wconf 83' lang='lat' dir='ltr'>Scripture</span> <span class='ocrx_word' id='word_1_249' title='bbox 1331 2014 1467 2063; x_wconf 85' lang='lat' dir='ltr'>aliquis</span> <span class='ocrx_word' id='word_1_250' title='bbox 1506 2015 1604 2052; x_wconf 89' lang='lat' dir='ltr'>foret</span> <span class='ocrx_word' id='word_1_251' title='bbox 1640 2028 1770 2052; x_wconf 69' lang='lat' dir='ltr'>servus</span> <span class='ocrx_word' id='word_1_252' title='bbox 1785 2034 1822 2066; x_wconf 87' lang='lat'>25</span> 
     </span>
     <span class='ocr_line' id='line_1_35' title="bbox 430 2084 1770 2136; baseline 0.002 -15"><span class='ocrx_word' id='word_1_253' title='bbox 430 2085 543 2121; x_wconf 73' lang='lat' dir='ltr'><em>bonus</em></span> <span class='ocrx_word' id='word_1_254' title='bbox 563 2084 775 2133; x_wconf 83' lang='lat' dir='ltr'>obligacior</span> <span class='ocrx_word' id='word_1_255' title='bbox 800 2090 834 2122; x_wconf 80' lang='lat' dir='ltr'>et</span> <span class='ocrx_word' id='word_1_256' title='bbox 850 2086 988 2135; x_wconf 75' lang='lat' dir='ltr'>fidelis,</span> <span class='ocrx_word' id='word_1_257' title='bbox 1015 2085 1109 2122; x_wconf 89' lang='lat' dir='ltr'>alius</span> <span class='ocrx_word' id='word_1_258' title='bbox 1136 2092 1267 2122; x_wconf 87' lang='lat' dir='ltr'>autem</span> <span class='ocrx_word' id='word_1_259' title='bbox 1293 2097 1424 2124; x_wconf 85' lang='lat' dir='ltr'>servus</span> <span class='ocrx_word' id='word_1_260' title='bbox 1449 2087 1712 2136; x_wconf 81' lang='lat' dir='ltr'>deobligaeior</span> <span class='ocrx_word' id='word_1_261' title='bbox 1732 2093 1770 2123; x_wconf 91' lang='lat' dir='ltr'>et</span> 
     </span>
     <span class='ocr_line' id='line_1_36' title="bbox 428 2155 1771 2207; baseline 0.001 -15"><span class='ocrx_word' id='word_1_262' title='bbox 428 2167 609 2204; x_wconf 85' lang='lat' dir='ltr'>nequam.</span> <span class='ocrx_word' id='word_1_263' title='bbox 681 2155 776 2194; x_wconf 89' lang='lat' dir='ltr'>Ideo</span> <span class='ocrx_word' id='word_1_264' title='bbox 805 2157 954 2193; x_wconf 90' lang='lat' dir='ltr'>videtur</span> <span class='ocrx_word' id='word_1_265' title='bbox 982 2156 1086 2201; x_wconf 87' lang='lat' dir='ltr'>mihi,</span> <span class='ocrx_word' id='word_1_266' title='bbox 1112 2157 1216 2194; x_wconf 85' lang='lat' dir='ltr'>salva</span> <span class='ocrx_word' id='word_1_267' title='bbox 1245 2158 1393 2206; x_wconf 85' lang='lat' dir='ltr'>pociori</span> <span class='ocrx_word' id='word_1_268' title='bbox 1426 2159 1633 2205; x_wconf 83' lang='lat' dir='ltr'>sentencia,</span> <span class='ocrx_word' id='word_1_269' title='bbox 1666 2158 1771 2207; x_wconf 86' lang='lat' dir='ltr'>quod</span> 
     </span>
     <span class='ocr_line' id='line_1_37' title="bbox 428 2226 1772 2278; baseline 0.003 -16"><span class='ocrx_word' id='word_1_270' title='bbox 428 2239 517 2276; x_wconf 89' lang='lat' dir='ltr'>pars</span> <span class='ocrx_word' id='word_1_271' title='bbox 537 2226 763 2265; x_wconf 83' lang='lat' dir='ltr'>affirmativa</span> <span class='ocrx_word' id='word_1_272' title='bbox 782 2228 886 2265; x_wconf 86' lang='lat' dir='ltr'>dubii</span> <span class='ocrx_word' id='word_1_273' title='bbox 914 2235 968 2264; x_wconf 90' lang='lat' dir='ltr'>est</span> <span class='ocrx_word' id='word_1_274' title='bbox 996 2228 1171 2265; x_wconf 86' lang='lat' dir='ltr'>tenenda.</span> <span class='ocrx_word' id='word_1_275' title='bbox 1231 2228 1306 2266; x_wconf 90' lang='lat' dir='ltr'>Pro</span> <span class='ocrx_word' id='word_1_276' title='bbox 1332 2241 1410 2277; x_wconf 90' lang='lat' dir='ltr'>quo</span> <span class='ocrx_word' id='word_1_277' title='bbox 1431 2230 1644 2266; x_wconf 84' lang='lat' dir='ltr'>notandum</span> <span class='ocrx_word' id='word_1_278' title='bbox 1666 2229 1772 2278; x_wconf 89' lang='lat' dir='ltr'>quod</span> 
     </span>
     <span class='ocr_line' id='line_1_38' title="bbox 429 2297 1771 2349; baseline 0.001 -14"><span class='ocrx_word' id='word_1_279' title='bbox 429 2297 595 2346; x_wconf 84' lang='lat' dir='ltr'>quelibet</span> <span class='ocrx_word' id='word_1_280' title='bbox 627 2304 756 2334; x_wconf 87' lang='lat' dir='ltr'>creata</span> <span class='ocrx_word' id='word_1_281' title='bbox 791 2299 1013 2335; x_wconf 75' lang='lat' dir='ltr'>substancia</span> <span class='ocrx_word' id='word_1_282' title='bbox 1047 2298 1251 2347; x_wconf 87' lang='lat' dir='ltr'>dupliciter</span> <span class='ocrx_word' id='word_1_283' title='bbox 1289 2299 1337 2336; x_wconf 86' lang='lat' dir='ltr'>ad</span> <span class='ocrx_word' id='word_1_284' title='bbox 1377 2300 1619 2349; x_wconf 85' lang='lat' dir='ltr'>propositum</span> <span class='ocrx_word' id='word_1_285' title='bbox 1659 2299 1771 2337; x_wconf 89' lang='lat' dir='ltr'>servit</span> 
     </span>
     <span class='ocr_line' id='line_1_39' title="bbox 429 2367 1826 2419; baseline 0.001 -15"><span class='ocrx_word' id='word_1_286' title='bbox 429 2367 526 2414; x_wconf 85' lang='lat' dir='ltr'>Deo,</span> <span class='ocrx_word' id='word_1_287' title='bbox 548 2368 701 2413; x_wconf 79' lang='lat' dir='ltr'>scilicet,</span> <span class='ocrx_word' id='word_1_288' title='bbox 718 2369 931 2406; x_wconf 86' lang='lat' dir='ltr'>secundum</span> <span class='ocrx_word' id='word_1_289' title='bbox 953 2370 1034 2406; x_wconf 88' lang='lat' dir='ltr'>eius</span> <span class='ocrx_word' id='word_1_290' title='bbox 1054 2370 1278 2407; x_wconf 82' lang='lat' dir='ltr'>essencialia</span> <span class='ocrx_word' id='word_1_291' title='bbox 1294 2370 1351 2407; x_wconf 90' lang='lat' dir='ltr'>vel</span> <span class='ocrx_word' id='word_1_292' title='bbox 1366 2383 1433 2419; x_wconf 92' lang='lat' dir='ltr'>per</span> <span class='ocrx_word' id='word_1_293' title='bbox 1449 2383 1489 2408; x_wconf 89' lang='lat' dir='ltr'>se</span> <span class='ocrx_word' id='word_1_294' title='bbox 1509 2371 1770 2415; x_wconf 73' lang='lat' dir='ltr'>inexistencia,</span> <span class='ocrx_word' id='word_1_295' title='bbox 1786 2385 1826 2415; x_wconf 79' lang='lat'>30</span> 
     </span>
     <span class='ocr_line' id='line_1_40' title="bbox 429 2440 1772 2491; baseline 0.001 -15"><span class='ocrx_word' id='word_1_296' title='bbox 429 2446 466 2476; x_wconf 85' lang='lat' dir='ltr'>et</span> <span class='ocrx_word' id='word_1_297' title='bbox 505 2440 718 2476; x_wconf 88' lang='lat' dir='ltr'>secundum</span> <span class='ocrx_word' id='word_1_298' title='bbox 758 2440 840 2477; x_wconf 88' lang='lat' dir='ltr'>eius</span> <span class='ocrx_word' id='word_1_299' title='bbox 878 2440 1125 2477; x_wconf 83' lang='lat' dir='ltr'>accidentalia</span> <span class='ocrx_word' id='word_1_300' title='bbox 1163 2441 1325 2489; x_wconf 84' lang='lat' dir='ltr'>positiva</span> <span class='ocrx_word' id='word_1_301' title='bbox 1362 2442 1420 2478; x_wconf 86' lang='lat' dir='ltr'>vel</span> <span class='ocrx_word' id='word_1_302' title='bbox 1468 2442 1650 2490; x_wconf 82' lang='lat' dir='ltr'>privativa</span> <span class='ocrx_word' id='word_1_303' title='bbox 1697 2454 1772 2491; x_wconf 92' lang='lat' dir='ltr'>que</span> 
     </span>
     <span class='ocr_line' id='line_1_41' title="bbox 429 2510 1772 2562; baseline 0.002 -16"><span class='ocrx_word' id='word_1_304' title='bbox 429 2516 632 2559; x_wconf 86' lang='lat' dir='ltr'>peccatum</span> <span class='ocrx_word' id='word_1_305' title='bbox 662 2522 741 2547; x_wconf 89' lang='lat' dir='ltr'>non</span> <span class='ocrx_word' id='word_1_306' title='bbox 771 2511 934 2559; x_wconf 82' lang='lat' dir='ltr'>sapiunt.</span> <span class='ocrx_word' id='word_1_307' title='bbox 993 2510 1041 2547; x_wconf 85' lang='lat' dir='ltr'>Et</span> <span class='ocrx_word' id='word_1_308' title='bbox 1070 2523 1158 2547; x_wconf 90' lang='lat' dir='ltr'>cum</span> <span class='ocrx_word' id='word_1_309' title='bbox 1192 2518 1270 2548; x_wconf 84' lang='lat' dir='ltr'>tam</span> <span class='ocrx_word' id='word_1_310' title='bbox 1301 2511 1516 2548; x_wconf 89' lang='lat' dir='ltr'>dominium</span> <span class='ocrx_word' id='word_1_311' title='bbox 1547 2524 1665 2562; x_wconf 84' lang='lat' dir='ltr'>quam</span> <span class='ocrx_word' id='word_1_312' title='bbox 1695 2525 1772 2550; x_wconf 90' lang='lat' dir='ltr'>ser-</span> 
     </span>
     <span class='ocr_line' id='line_1_42' title="bbox 430 2579 1772 2633; baseline 0.003 -17"><span class='ocrx_word' id='word_1_313' title='bbox 430 2581 569 2617; x_wconf 73' lang='lat' dir='ltr'>vtcium</span> <span class='ocrx_word' id='word_1_314' title='bbox 609 2579 672 2631; x_wconf 85' lang='lat' dir='ltr'>(ex</span> <span class='ocrx_word' id='word_1_315' title='bbox 713 2581 823 2618; x_wconf 85' lang='lat' dir='ltr'>dictis</span> <span class='ocrx_word' id='word_1_316' title='bbox 867 2579 1056 2633; x_wconf 81' lang='lat' dir='ltr'>superius)</span> <span class='ocrx_word' id='word_1_317' title='bbox 1098 2582 1338 2630; x_wconf 86' lang='lat' dir='ltr'>specificatur</span> <span class='ocrx_word' id='word_1_318' title='bbox 1377 2583 1426 2620; x_wconf 87' lang='lat' dir='ltr'>ab</span> <span class='ocrx_word' id='word_1_319' title='bbox 1468 2583 1533 2620; x_wconf 88' lang='lat' dir='ltr'>illo</span> <span class='ocrx_word' id='word_1_320' title='bbox 1578 2583 1626 2620; x_wconf 84' lang='lat' dir='ltr'>ad</span> <span class='ocrx_word' id='word_1_321' title='bbox 1667 2583 1772 2632; x_wconf 88' lang='lat' dir='ltr'>quod</span> 
     </span>
    </p>
   </div>
   <div class='ocr_carea' id='block_1_5' title="bbox 586 2677 1622 2712">
    <p class='ocr_par' dir='ltr' id='par_1_8' title="bbox 586 2677 1622 2712">
     <span class='ocr_line' id='line_1_43' title="bbox 586 2677 1622 2712; baseline 0.003 -10"><span class='ocrx_word' id='word_1_322' title='bbox 586 2687 622 2709; x_wconf 84' lang='lat'>19.</span> <span class='ocrx_word' id='word_1_323' title='bbox 643 2680 651 2706; x_wconf 84' lang='grc'>11</span> <span class='ocrx_word' id='word_1_324' title='bbox 666 2680 755 2709; x_wconf 69' lang='lat' dir='ltr'>etpcr</span> <span class='ocrx_word' id='word_1_325' title='bbox 769 2677 791 2702; x_wconf 86' lang='lat' dir='ltr'><strong>B</strong></span> <span class='ocrx_word' id='word_1_326' title='bbox 806 2678 822 2703; x_wconf 91' lang='lat' dir='ltr'>s.</span> <span class='ocrx_word' id='word_1_327' title='bbox 840 2687 887 2709; x_wconf 86' lang='lat'>215</span> <span class='ocrx_word' id='word_1_328' title='bbox 899 2687 923 2703; x_wconf 87' lang='lat' dir='ltr'>c.</span> <span class='ocrx_word' id='word_1_329' title='bbox 1051 2679 1090 2703; x_wconf 80' lang='lat'>26.</span> <span class='ocrx_word' id='word_1_330' title='bbox 1109 2681 1136 2704; x_wconf 78' lang='lat' dir='ltr'>ct</span> <span class='ocrx_word' id='word_1_331' title='bbox 1150 2687 1272 2710; x_wconf 74' lang='lat' dir='ltr'>nequam</span> <span class='ocrx_word' id='word_1_332' title='bbox 1286 2678 1310 2703; x_wconf 90' lang='lat' dir='ltr'><strong>A</strong></span> <span class='ocrx_word' id='word_1_333' title='bbox 1320 2678 1359 2704; x_wconf 84' lang='lat' dir='ltr'>C:</span> <span class='ocrx_word' id='word_1_334' title='bbox 1380 2680 1438 2704; x_wconf 76' lang='lat' dir='ltr'>sive</span> <span class='ocrx_word' id='word_1_335' title='bbox 1450 2688 1575 2712; x_wconf 77' lang='lat' dir='ltr'>nequam</span> <span class='ocrx_word' id='word_1_336' title='bbox 1590 2680 1622 2706; x_wconf 83' lang='lat' dir='ltr'>B.</span> 
     </span>
    </p>
   </div>
   <div class='ocr_carea' id='block_1_6' title="bbox 525 2760 1682 2853">
    <p class='ocr_par' dir='ltr' id='par_1_9' title="bbox 525 2760 1682 2853">
     <span class='ocr_line' id='line_1_44' title="bbox 525 2760 1682 2801; baseline 0.003 -11"><span class='ocrx_word' id='word_1_337' title='bbox 525 2761 573 2790; x_wconf 81' lang='grc'>18.</span> <span class='ocrx_word' id='word_1_338' title='bbox 605 2760 640 2790; x_wconf 71' lang='lat' dir='ltr'>V.</span> <span class='ocrx_word' id='word_1_339' title='bbox 660 2771 765 2801; x_wconf 58' lang='lat' dir='ltr'>supra,</span> <span class='ocrx_word' id='word_1_340' title='bbox 784 2771 813 2801; x_wconf 88' lang='lat' dir='ltr'>p.</span> <span class='ocrx_word' id='word_1_341' title='bbox 836 2769 884 2790; x_wconf 84' lang='lat'>22.</span> <span class='ocrx_word' id='word_1_342' title='bbox 1043 2770 1092 2800; x_wconf 80' lang='lat'>25.</span> <span class='ocrx_word' id='word_1_343' title='bbox 1119 2761 1244 2790; x_wconf 69' lang='lat' dir='ltr'>Servus</span> <span class='ocrx_word' id='word_1_344' title='bbox 1260 2761 1360 2791; x_wconf 69' lang='lat' dir='ltr'><em>(201an</em></span> <span class='ocrx_word' id='word_1_345' title='bbox 1370 2771 1379 2791; x_wconf 95' lang='grc'>.·</span> <span class='ocrx_word' id='word_1_346' title='bbox 1404 2761 1522 2793; x_wconf 79' lang='lat' dir='ltr'>Matth.</span> <span class='ocrx_word' id='word_1_347' title='bbox 1541 2772 1612 2792; x_wconf 85' lang='lat' dir='ltr'>xxv.</span> <span class='ocrx_word' id='word_1_348' title='bbox 1633 2771 1682 2801; x_wconf 80' lang='lat'>23.</span> 
     </span>
     <span class='ocr_line' id='line_1_45' title="bbox 873 2812 1334 2853; baseline 0.002 -11"><span class='ocrx_word' id='word_1_349' title='bbox 873 2822 923 2851; x_wconf 72' lang='lat'>33.</span> <span class='ocrx_word' id='word_1_350' title='bbox 952 2812 990 2842; x_wconf 80' lang='lat' dir='ltr'>V.</span> <span class='ocrx_word' id='word_1_351' title='bbox 1010 2823 1117 2852; x_wconf 63' lang='grc' dir='ltr'>ευριπ,</span> <span class='ocrx_word' id='word_1_352' title='bbox 1142 2823 1194 2853; x_wconf 80' lang='lat' dir='ltr'>pp.</span> <span class='ocrx_word' id='word_1_353' title='bbox 1217 2822 1254 2842; x_wconf 89' lang='lat'>10</span> <span class='ocrx_word' id='word_1_354' title='bbox 1272 2823 1334 2852; x_wconf 83' lang='lat' dir='ltr'>seq.</span> 
     </span>
    </p>
   </div>
  </div>
 </body>
</html>
