2008 3305
139 179 194 216 40
819 177 883 207 DE
916 177 1136 208 DOMINIO
1168 177 1344 210 mero
1567 164 1672 222 [CAP.
1691 179 1748 206 vr.

418 292 547 341 quitur
566 290 817 340 evangelium,
832 291 913 329 Ioh.
931 292 952 329 i.
973 294 1031 337 18,
1050 292 1166 328 Deum
1188 306 1288 329 nemo
1303 293 1398 329 vidit
1416 304 1591 340 unquam,
1606 290 1750 340 supple,
1771 293 1865 335 [1313

418 362 545 398 nullus
560 374 654 411 pure
671 362 790 399 viator
809 374 880 411 pro
896 362 1079 399 viacionis
1093 369 1278 412 tempore.
1325 363 1375 400 Et
1389 362 1436 400 de
1449 363 1572 411 prima
1585 361 1754 399 manerie

418 432 572 469 videndi
599 431 767 482 loquitur
793 432 1003 481 apostolus,
1029 446 1045 470 1
1078 432 1169 470 Cor.
1194 433 1270 470 xiii.
1299 445 1357 478 12,
1388 432 1556 470 Videmus
1576 445 1674 469 nunc
1683 439 1757 481 per

420 504 602 551 speculum
620 503 659 539 z‘n
674 503 878 551 enzjgmaloe
898 507 986 539 lunc
1001 504 1229 553 autemfacie
1241 503 1448 553 adfaciem.
1478 503 1529 540 Et
1541 509 1645 553 patet
1661 501 1756 552 quid

420 585 628 622 possumus
663 572 878 610 secundum
925 573 1162 622 sapienciam
1196 573 1519 623 methaphisicam
1557 573 1616 611 vel
1645 573 1755 610 theo·
1769 584 1787 616 5

420 643 587 691 logicam
607 655 676 692 pro
696 649 868 691 tempore
888 643 947 680 vie
973 655 1133 681 noscere
1155 643 1283 680 Deum
1308 650 1483 681 nostrum
1502 657 1509 681 ι
1540 650 1577 681 et
1598 644 1679 692 ipse
1700 650 1757 681 est

422 714 634 751 subiectum
660 720 788 750 nostre
820 713 995 759 sciencie,
1021 720 1063 750 ut
1095 720 1208 751 sonat
1242 714 1437 752 terminus.
1493 713 1603 751 Patet
1636 713 1757 751 eciam

419 783 536 833 quod,
559 784 654 821 sicut
683 795 800 821 nemo
828 790 954 832 potest
983 784 1121 821 sentire
1152 784 1332 822 accidens
1362 784 1580 822 substancie
1610 784 1683 821 nisi
1710 782 1758 820 de

420 861 527 892 tanto
542 854 690 892 noverit
707 854 938 891 substratam
956 855 1230 900 substanciam,
1244 855 1296 892 sic
1317 867 1434 892 nemo
1454 861 1581 904 potest
1601 866 1758 891 noscere

419 932 635 964 creaturam
658 925 731 962 nisi
752 925 805 962 sic
828 925 899 962 sub
920 925 1049 974 aliquo
1069 925 1190 974 gradu
1208 926 1355 964 noverit
1374 926 1503 963 Deum
1524 937 1648 972 suum,
1669 936 1758 962 cum
1774 938 1813 962 10

422 1009 539 1035 omne
559 1008 628 1033 ens
647 996 774 1045 ipsum
795 995 929 1045 signat,
951 1002 991 1032 ut
1012 996 1190 1033 accidens
1210 996 1519 1034 fundamentum.

141 1089 163 1111 3.
187 1078 408 1104 Doesthesame
474 1066 689 1104 Difficultas
713 1073 840 1103 autern
867 1066 926 1103 cui
953 1066 1180 1104 involvimur
1204 1068 1244 1104 in
1268 1067 1530 1116 disputacione
1560 1065 1761 1103 scolastica

139 1112 375 1172 ἶὲξὲἕίἱὲοεῖἶὲἒῖξε
422 1144 493 1175 stat
513 1138 552 1174 in
573 1137 646 1174 isto
664 1150 672 1174 z
703 1136 843 1174 Utrum
864 1137 966 1174 idem
988 1145 1199 1186 conceptus
1220 1138 1280 1175 vel
1300 1137 1436 1175 eadem
1455 1136 1626 1174 intencio
1648 1134 1760 1173 simul

139 1179 409 1239 {ffiffigssfessgffff
425 1209 547 1246 Deum
569 1208 693 1256 signat
712 1214 749 1244 et
769 1207 962 1244 effectum.
1009 1208 1060 1244 Et
1080 1215 1225 1245 certum
1245 1207 1421 1258 estquod
1437 1206 1549 1245 simul
1565 1213 1736 1255 tempore
1746 1207 1760 1252 ';

419 1280 510 1329 quia
529 1278 697 1315 intencio
718 1277 1025 1315 substanciarum
1054 1279 1311 1316 materialium
1335 1279 1411 1315 sive
1439 1277 1760 1322 immaterialium,
1777 1287 1814 1319 ¹5

420 1350 516 1387 sicut
543 1356 579 1387 et
608 1361 737 1386 rerum
763 1361 844 1386 non
866 1348 992 1397 primo
1021 1354 1059 1385 et
1084 1361 1153 1397 per
1182 1361 1223 1386 se
1253 1348 1500 1394 sensibilium,
1523 1354 1581 1385 est
1610 1347 1761 1384 habitus

418 1420 477 1457 vel
500 1419 708 1469 disposicio
734 1419 939 1468 quiescens
968 1418 1007 1455 in
1031 1418 1160 1456 anima
1186 1419 1374 1457 inclinans
1404 1418 1454 1456 ad
1481 1425 1611 1456 actum
1634 1418 1762 1467 signa-

418 1491 535 1528 bilem
556 1491 766 1539 cognitum,
788 1495 824 1526 et
844 1501 924 1527 non
944 1501 1002 1526 res
1022 1495 1163 1538 potens
1186 1490 1206 1513 ‘¹‘
1228 1502 1296 1539 per
1317 1502 1357 1527 se
1382 1490 1555 1536 existere,
1576 1489 1670 1526 sicut
1689 1500 1761 1525 nec
1775 1495 1804 1524 c

419 1573 563 1611 ymago
582 1559 786 1597 habitualis
806 1572 879 1597 nec
899 1559 1148 1597 simulacrum
1169 1567 1233 1597 aut
1254 1560 1402 1609 species
1425 1572 1494 1610 per
1514 1572 1553 1597 se
1574 1558 1763 1597 sensibilis

420 1633 459 1669 in
479 1631 737 1681 ymaginativa
757 1629 929 1673 fundata,
950 1636 993 1667 ut
1013 1630 1074 1668 hic
1104 1631 1333 1679 supponitur
1362 1643 1409 1668 ex
1440 1630 1528 1667 alibi
1548 1629 1761 1667 declaratis.
1777 1641 1817 1662 20

420 1703 470 1740 Et
489 1702 573 1739 talis
594 1701 764 1739 intencio
791 1700 969 1737 distincta
995 1701 1045 1737 ab
1071 1706 1159 1738 actu
1188 1707 1318 1738 movet
1346 1701 1520 1738 animum
1544 1700 1594 1737 ad
1622 1712 1761 1749 appre-

419 1772 668 1809 hendendum
689 1771 801 1808 simul
823 1770 1049 1808 Creatorem
1076 1777 1112 1808 et
1142 1778 1371 1817 creaturam,
1392 1772 1561 1820 primum
1587 1771 1760 1819 enigma-

420 1844 492 1880 tice
512 1849 550 1879 et
573 1841 744 1886 confuse,
767 1841 981 1878 secundum
1008 1847 1136 1878 autem
1158 1841 1357 1887 distincte;
1387 1847 1424 1878 et
1451 1841 1505 1878 sic
1532 1841 1621 1878 licet
1648 1839 1762 1877 simul

421 1921 607 1962 tempore,
628 1919 758 1949 tamen
779 1924 929 1948 summe
949 1912 1134 1960 equivoee
1156 1912 1237 1949 sine
1258 1911 1608 1961 correspondencia
1628 1917 1762 1948 nature

421 1983 640 2021 communis
664 1983 750 2019 Deo
780 1988 817 2019 et
847 1982 939 2025 aliis,
964 1994 1052 2019 cum
1075 1982 1182 2020 Deus
1212 1994 1293 2020 non
1322 1988 1449 2031 potest
1477 1980 1620 2018 habere
1649 1987 1760 2018 natu·
1775 1989 1814 2021 25

421 2055 540 2091 ralem
557 2060 593 2091 et
609 2053 808 2103 propriam
824 2059 992 2090 creatam
1006 2054 1185 2102 speciem.
1244 2052 1361 2090 Unde
1377 2052 1527 2102 signata
1538 2052 1760 2089 intencione

422 2124 722 2173 singularissima
750 2123 836 2160 talis
866 2124 1166 2172 conposicionis,
1198 2124 1289 2161 Hoc
1317 2130 1373 2161 est
1403 2122 1522 2169 Deus,
1553 2122 1761 2172 disposicio

419 2208 495 2245 que
516 2201 572 2233 est
592 2194 806 2231 subiectum
832 2194 958 2241 signat
984 2194 1143 2231 confuse
1164 2206 1281 2231 omne
1306 2194 1507 2243 signabile‚
1527 2193 1761 2242 respicitque

422 2265 471 2303 ad
492 2264 723 2315 pronomina
742 2263 798 2300 vel
823 2276 882 2301 res
912 2265 1080 2302 secunde
1104 2265 1367 2313 imposicionis
1399 2263 1681 2309 communiter3
1712 2269 1760 2308 et,

422 2337 453 2374 si
473 2337 601 2385 primo
621 2347 665 2372 ac
689 2335 948 2383 principaliter
969 2335 1022 2372 sic
1050 2335 1290 2384 intelligatur,
1311 2335 1485 2373 omnium
1510 2346 1636 2371 rerum
1655 2334 1760 2383 prin-
1775 2338 1817 2369 30

423 2406 656 2455 cipalissima
672 2411 729 2442 est
742 2406 981 2454 composicio
995 2406 1085 2443 satis
1101 2418 1200 2444 vera.
1258 2405 1434 2443 Intencio
1450 2411 1579 2442 tamen
1600 2404 1763 2442 subiecti

422 2484 479 2514 est
508 2476 725 2513 inclinativa
751 2476 800 2512 ad
830 2476 1125 2525 concipiendum
1155 2476 1356 2522 mundum,
1383 2475 1517 2521 solem,
1537 2475 1681 2521 lunam,
1703 2474 1762 2512 vel

421 2547 595 2596 quamvis
633 2546 747 2584 aliam
786 2552 933 2594 partem
962 2546 1108 2592 mundi,
1140 2558 1260 2596 quam
1289 2558 1420 2583 errans
1449 2551 1576 2594 potest
1605 2544 1762 2583 credere

421 2630 505 2656 esse
543 2617 682 2655 Deum.
740 2616 825 2655 Nos
866 2624 996 2654 autem
1034 2616 1167 2654 fideles
1204 2616 1476 2666 cognoscimus
1514 2615 1620 2666 quod
1658 2615 1763 2652 nulla

458 2755 480 2771 1.
502 2745 541 2771 z'..·
559 2744 639 2770 codd.
655 2749 692 2776 4⁰.
845 2746 867 2770 6.
890 2746 932 2770 est
943 2743 1011 2771 AC:
1032 2752 1086 2770 om.
1104 2744 1134 2769 B.
1292 2753 1329 2768 11.
1351 2744 1450 2775 signat
1465 2742 1537 2770 BC:
1557 2742 1709 2776 stgrnzficat
1725 2743 1760 2769 A.

426 2789 464 2805 12.
482 2779 645 2804 scolasticas
660 2779 682 2803 Β
695 2785 700 2803 :
721 2778 875 2810 sophistica
889 2780 913 2803 A
924 2778 956 2804 C.
1050 2787 1089 2810 31.
1106 2779 1114 2807 ΙΙ
1128 2777 1320 2810 -είβαῖίςςὶυια
1334 2777 1355 2803 Β
1369 2778 1386 2802 f.
1404 2778 1452 2802 218
1464 2785 1487 2802 Α.
