2008 3305
116 205 198 248 312

256 830 383 865 XXII.

118 885 292 912 Distinction
305 886 352 912 be-

116 925 208 958 tween
219 921 318 958 modes
331 921 364 947 of

117 960 295 986 acquisition.

131 2626 281 2662 XXIII.

132 2690 170 2714 As
186 2688 211 2713 in
226 2686 323 2719 giving
335 2686 399 2712 God

131 2722 276 2747 abdicates
290 2730 326 2746 no

132 2755 257 2787 lordship

776 203 980 235 RICARDI
1013 202 1315 235 ARMACHANI
1784 188 1884 247 [ΠΒ.
1909 199 1938 230 1.

392 314 494 342 extra
523 307 686 342 animam
720 307 814 342 inter
843 307 1005 352 speciem
1034 312 1070 341 et
1102 307 1333 341 individuum
1363 305 1478 351 ipsius
1508 304 1616 340 realis
1645 303 1813 349 dis-[913

392 365 539 408 tinccio,
564 365 648 400 licet
674 365 772 399 docti
799 372 950 400 econtra
975 366 1159 399 affirment
1184 365 1283 409 quod
1308 375 1437 399 omnes
1463 363 1605 408 species
1631 357 1842 407 ydeespsim
1857 366 1923 388 om.

394 430 479 458 sunt
497 430 621 458 eterne
642 423 679 457 in
703 429 826 457 mente
850 423 987 466 divina,
1006 435 1076 468 que
1093 429 1248 467 utraque
1266 422 1390 467 opinio
1408 428 1505 456 recte
1523 421 1724 465 intelligen-
1738 409 1769 433 B·

393 480 491 514 tibus
521 480 682 515 continet
709 480 901 515 veritatem
930 491 1042 525 quam
1069 491 1143 514 non
1171 479 1339 523 congruit
1370 478 1554 513 discutere
1582 478 1618 512 in
1645 489 1726 522 pre-

395 537 517 581 senti).
570 540 673 572 Deus
698 549 785 582 ergo
806 550 864 573 res
890 538 1020 572 mundi
1044 537 1237 581 inferioris,
1257 537 1432 572 donando
1456 543 1584 571 nostro
1609 535 1727 580 primo
1743 544 1760 576 5

394 595 537 640 parenti
556 596 757 639 individua,
776 596 846 630 sibi
870 595 1016 640 proprie
1039 607 1103 640 per
1124 607 1163 630 se
1185 602 1220 630 et
1245 595 1455 630 immediate
1478 593 1654 636 donavit3
1680 593 1730 627 ad

394 665 550 698 quorum
569 654 774 688 dominium
793 655 1016 698 sequebatur
1029 653 1234 688 dominium
1252 653 1455 697 specierum
1472 664 1480 687 :
1506 659 1542 687 et
1561 651 1611 686 ita
1626 653 1729 686 Deus

394 712 477 746 Ade
495 711 783 746 communicavit
802 723 868 746 suo
886 712 998 746 modo
1017 711 1220 746 dominium
1238 717 1489 755 utrorumque.

447 827 679 860 IOHANNES.
709 826 812 860 quta
830 836 893 859 cor
909 836 1033 859 meum
1051 825 1118 860 hec
1137 825 1277 869 profers
1294 837 1301 859 ε
1323 830 1378 859 set
1398 823 1434 858 in
1452 821 1733 858 abdicacionem
1747 827 1784 857 z'n
1798 834 1845 857 M:
1864 829 1900 857 τῇ
1918 833 1948 857 Β.

398 883 512 918 divini
531 883 685 918 dominii
704 883 741 917 in
759 883 782 904 ÷÷
796 882 971 917 donando
988 883 1071 917 Ade
1096 894 1166 927 que
1189 882 1303 925 dedit,
1322 883 1394 916 hoc
1415 882 1560 916 videtur
1582 891 1734 924 arguere
1746 889 1827 917 loA

398 941 498 986 quod
522 941 647 975 Adam
676 942 786 985 pleno
817 940 894 975 iure
921 947 999 975 erat
1028 940 1100 974 Dei
1126 947 1162 975 et
1192 952 1320 975 servus
1348 939 1487 984 ipsius;
1514 950 1590 972 non
1616 937 1733 982 potuit

399 999 508 1044 igitur
533 1000 657 1033 Adam
687 999 883 1043 quicquam
916 998 1106 1043 acquirere
1136 999 1236 1043 quod
1270 1009 1344 1032 non
1375 999 1458 1032 Deo
1487 996 1638 1031 domino
1669 1007 1735 1030 suo

399 1056 606 1101 acquisivit,
625 1056 733 1090 sicuti
751 1056 919 1101 superius
938 1056 1124 1090 videbaris
1142 1063 1318 1090 astruere⁰
1355 1055 1471 1100 Igitur
1489 1056 1592 1089 Deus
1611 1054 1736 1088 dando

400 1116 470 1149 hec
495 1115 594 1149 bona
617 1114 711 1157 Ade,
730 1114 783 1148 sic
805 1114 929 1148 dando
953 1114 1085 1148 eadem
1109 1114 1207 1148 bona
1230 1119 1267 1148 et
1290 1124 1416 1148 eorum
1440 1112 1646 1147 dominium
1671 1122 1737 1155 per
1749 1113 1803 1143 hec
1812 1112 1953 1143 bonaM:

400 1172 689 1217 acquisicionem
706 1172 789 1206 Ade
808 1171 904 1206 servi
922 1171 989 1214 sui,
1009 1171 1078 1206 sibi
1101 1171 1244 1205 noviter
1260 1170 1467 1215 acquisivit.
1517 1171 1599 1204 Nec
1617 1174 1735 1213 potest
1749 1156 1831 1187 bona
1843 1156 1897 1186 ἢκ
1912 1163 1944 1187 Β·

402 1231 598 1275 quisquam
617 1230 803 1274 ambigere
821 1229 910 1274 quin
932 1235 1132 1273 antequam
1151 1230 1255 1263 Deus
1273 1229 1355 1263 Ade
1376 1228 1440 1262 illa
1456 1228 1555 1261 bona
1573 1226 1737 1269 donavit,

403 1287 611 1323 dominium
638 1288 781 1322 illorum
807 1288 989 1322 bonorum
1018 1288 1120 1322 Deus
1146 1286 1296 1321 habuit:
1330 1286 1360 1321 si
1388 1286 1507 1330 igitur,
1527 1296 1611 1319 curn
1637 1284 1739 1318 dedit

403 1346 487 1381 Ade
513 1346 582 1380 hec
606 1345 717 1387 bona,
741 1345 831 1379 illud
857 1344 1064 1379 dominium
1091 1346 1196 1379 Deus
1222 1344 1292 1379 sibi
1318 1343 1477 1387 retinuit,
1504 1353 1740 1387 nequaquam

404 1404 491 1438 iilud
517 1403 723 1437 dominium
747 1402 817 1437 sibi
840 1414 907 1447 per
924 1414 1073 1437 servum
1096 1414 1204 1437 suum
1221 1402 1346 1436 Adam
1363 1401 1508 1436 noviter
1524 1399 1741 1445 acquisivit;

403 1469 440 1497 et
466 1473 532 1506 per
553 1472 787 1506 consequens
812 1466 965 1495 econtra
991 1460 1240 1505 consequitur,
1260 1459 1290 1495 si
1314 1461 1418 1494 Deus
1443 1470 1510 1503 per
1534 1459 1616 1493 Ade
1642 1457 1739 1492 servi
1755 1466 1795 1488 20

404 1520 462 1554 sui
480 1518 767 1564 acquisicionem
785 1529 907 1553 rerum
928 1518 1083 1562 illarum,
1102 1517 1172 1552 sibi
1190 1517 1397 1552 dominium
1418 1516 1623 1561 acquisivit,
1641 1515 1740 1560 quod

406 1578 511 1612 Deus
530 1577 566 1611 in
584 1577 761 1611 donando
778 1588 837 1611 res
857 1576 957 1621 ipsas
976 1576 1139 1620 ipsarum
1157 1587 1196 1611 se
1214 1575 1380 1610 dominio
1397 1574 1581 1609 vacuavit.

454 1637 684 1670 RICARDUS.
715 1636 768 1669 Ut
796 1634 992 1678 caliginem
1017 1640 1078 1668 tue
1104 1634 1240 1668 mentis
1267 1633 1302 1667 in
1330 1633 1401 1667 isto
1430 1632 1527 1666 facili
1555 1630 1743 1666 medicina

405 1694 582 1731 resolvas,
600 1691 748 1727 attende
767 1692 865 1737 quod
879 1692 1005 1736 regula
1022 1691 1080 1726 cui
1099 1691 1275 1735 inniteris,
1290 1691 1337 1725 de
1354 1689 1603 1735 acquisicione
1620 1699 1741 1723 rerum

407 1751 558 1786 domino
583 1762 649 1785 suo
675 1761 741 1795 per
763 1760 922 1793 servum,
947 1749 1140 1784 veritatem
1166 1760 1241 1783 non
1267 1748 1441 1789 continet,
1461 1747 1522 1782 ubi
1549 1758 1613 1791 per
1638 1757 1739 1781 com·
1756 1752 1794 1784 25

407 1808 701 1843 municacionem
726 1808 911 1841 bonorum
936 1808 1065 1850 solam,
1092 1807 1159 1841 sed
1185 1806 1247 1841 ubi
1272 1817 1337 1851 per
1361 1805 1648 1840 translacionem
1675 1803 1739 1838 ali·
1750 1807 1808 1838 sed
1820 1817 1874 1838 om
1891 1814 1922 1837 B.

407 1866 511 1901 cuius
537 1865 735 1900 adventicii
762 1864 916 1899 dominii
943 1875 1050 1899 servo
1076 1875 1134 1898 res
1160 1864 1281 1908 alique
1307 1863 1555 1908 acquiruntur.
1612 1863 1655 1896 In
1682 1861 1741 1895 illo

407 1924 507 1959 enim
534 1923 749 1968 acquirendi
776 1923 887 1957 modo
920 1933 1047 1957 servus
1080 1933 1139 1956 res
1173 1933 1265 1966 quas
1299 1921 1369 1956 sibi
1402 1920 1557 1965 acquirit
1591 1918 1743 1954 domino

408 1982 528 2017 eciam
546 1993 612 2015 suo
631 1980 786 2026 acquirit
801 1992 809 2015 ε
838 1980 875 2014 in
894 1980 1005 2014 modo
1023 1991 1110 2014 vero
1128 1978 1388 2024 acquisicionis
1410 1990 1476 2023 per
1494 1976 1744 2012 communica-

409 2040 554 2074 cionem
576 2040 705 2082 solam,
723 2045 759 2073 et
783 2038 955 2082 precipue
980 2037 1042 2072 ubi
1066 2037 1237 2072 dominus
1261 2048 1367 2071 servo
1393 2035 1642 2071 communicat
1666 2046 1744 2069 rem
1758 2040 1800 2071 30

409 2098 584 2142 aliquam,
613 2107 740 2131 servus
770 2096 920 2130 domino
951 2107 1018 2130 suo
1047 2095 1160 2129 nichil
1189 2094 1369 2139 acquirit;
1409 2094 1521 2127 immo
1547 2093 1608 2127 illo
1634 2093 1745 2126 modo

409 2155 608 2200 quicquam
631 2154 782 2189 domino
806 2165 872 2188 suo
897 2153 1086 2198 acquirere
1110 2152 1446 2187 contradiccionem
1473 2150 1634 2192 includit,
1654 2150 1746 2184 sicut

410 2214 447 2247 in
466 2212 646 2257 principio
665 2212 713 2246 ad
731 2212 965 2256 probandum
983 2211 1081 2256 quod
1102 2212 1206 2245 Deus
1228 2221 1303 2244 non
1326 2216 1448 2254 potest
1474 2209 1636 2244 alienare
1660 2219 1682 2241 a
1706 2219 1745 2242 se

410 2270 549 2315 aliquid
578 2281 650 2304 una
680 2270 779 2304 racio
806 2269 1018 2314 principalis
1046 2268 1221 2310 ostendit,
1247 2274 1283 2302 et
1316 2268 1363 2301 ob
1393 2268 1464 2301 hoc
1491 2266 1526 2300 in
1553 2264 1787 2310 principaliv.
1806 2275 1914 2348 sulpra,
1928 2275 1962 2306 p.

410 2329 559 2362 racione
588 2328 638 2362 ita
668 2329 713 2362 de
743 2327 897 2362 materia
927 2327 996 2361 ista
1021 2326 1152 2369 adieci,
1178 2337 1210 2359 sz
1236 2326 1410 2359 dommus
1438 2327 1560 2369 capax
1582 2324 1626 2357 de
1649 2308 1849 2357 n0v02911

410 2388 548 2420 exzslat
568 2387 729 2420 domzfflmz
751 2386 930 2429 acqztz'sztz'
943 2387 1018 2429 per
1032 2395 1194 2418 servum.
1251 2384 1338 2417 Non
1365 2382 1475 2426 igitur
1499 2387 1643 2426 oportet
1668 2392 1745 2414 arn-

411 2444 506 2489 plius
533 2443 709 2478 musitare
735 2443 821 2488 quin
850 2444 953 2477 Deus
980 2442 1058 2476 sine
1083 2441 1207 2486 aliqua
1236 2440 1477 2475 abdicacione
1507 2439 1562 2474 sui
1590 2437 1745 2473 dominii

411 2508 532 2546 potest
552 2513 619 2535 sua
636 2502 734 2535 bona
752 2500 903 2535 donare.

463 2622 693 2655 IOHANNES.
722 2621 799 2654 Ista
815 2619 935 2654 libens
953 2620 1162 2663 amplector.

462 2679 690 2713 RICARDUS.
720 2677 840 2711 Huius
860 2676 1186 2711 inabdicabilitatis
1201 2675 1311 2710 aliam
1329 2675 1456 2719 accipe
1474 2673 1683 2708 racionem:
1705 2672 1743 2707 Si
1757 2676 1800 2707 40

414 2738 517 2770 Deus
537 2736 572 2769 in
591 2736 766 2769 donando
785 2746 891 2769 suum
913 2734 1116 2769 dominium
1140 2733 1341 2775 abdicaret,
1361 2744 1435 2766 non
1459 2738 1555 2766 esset
1575 2731 1653 2766 eius
1678 2732 1744 2765 do-

411 2793 517 2828 nacio
546 2801 650 2828 actus
681 2793 735 2827 sui
762 2792 913 2827 dominii
943 2792 1062 2837 (sicuti
1090 2799 1127 2826 tu
1155 2790 1358 2836 supponis),
1387 2790 1559 2835 quoniam
1587 2788 1743 2824 donacio
