<?xml version="1.0" encoding="UTF-8"?>
<!DOCTYPE html PUBLIC "-//W3C//DTD XHTML 1.0 Transitional//EN"
    "http://www.w3.org/TR/xhtml1/DTD/xhtml1-transitional.dtd">
<html xmlns="http://www.w3.org/1999/xhtml" xml:lang="en" lang="en">
 <head>
  <title>
</title>
<meta http-equiv="Content-Type" content="text/html;charset=utf-8" />
  <meta name='ocr-system' content='tesseract 3.04.00' />
  <meta name='ocr-capabilities' content='ocr_page ocr_carea ocr_par ocr_line ocrx_word'/>
</head>
<body>
  <div class='ocr_page' id='page_1' title='image "./dedominiodivinol00wycl_0399.png"; bbox 0 0 2095 3278; ppageno 0'>
   <div class='ocr_carea' id='block_1_1' title="bbox 60 155 1273 215">
    <p class='ocr_par' dir='ltr' id='par_1_1' title="bbox 60 155 1273 215">
     <span class='ocr_line' id='line_1_1' title="bbox 60 155 1273 215; baseline -0.002 -16"><span class='ocrx_word' id='word_1_1' title='bbox 60 171 145 201; x_wconf 84' lang='lat' dir='ltr'>CAP.</span> <span class='ocrx_word' id='word_1_2' title='bbox 163 155 220 215; x_wconf 88' lang='lat' dir='ltr'>v.]</span> <span class='ocrx_word' id='word_1_3' title='bbox 589 167 654 199; x_wconf 89' lang='lat' dir='ltr'>DE</span> <span class='ocrx_word' id='word_1_4' title='bbox 687 166 931 201; x_wconf 84' lang='lat' dir='ltr'>PAUPERIE</span> <span class='ocrx_word' id='word_1_5' title='bbox 964 164 1273 199; x_wconf 74' lang='lat' dir='ltr'>SALVAToms.</span> 
     </span>
    </p>
   </div>
   <div class='ocr_carea' id='block_1_2' title="bbox 57 267 1605 661">
    <p class='ocr_par' dir='ltr' id='par_1_2' title="bbox 57 267 1605 488">
     <span class='ocr_line' id='line_1_2' title="bbox 169 267 1605 315; baseline -0.004 -11"><span class='ocrx_word' id='word_1_6' title='bbox 169 268 261 310; x_wconf 89' lang='lat' dir='ltr'><strong>17A]</strong></span> <span class='ocrx_word' id='word_1_7' title='bbox 272 270 436 315; x_wconf 72' lang='lat' dir='ltr'>piscibus</span> <span class='ocrx_word' id='word_1_8' title='bbox 461 271 579 304; x_wconf 85' lang='lat' dir='ltr'>maris</span> <span class='ocrx_word' id='word_1_9' title='bbox 603 273 639 303; x_wconf 86' lang='lat' dir='ltr'>et</span> <span class='ocrx_word' id='word_1_10' title='bbox 666 270 885 305; x_wconf 79' lang='lat' dir='ltr'><em>volatilibus</em></span> <span class='ocrx_word' id='word_1_11' title='bbox 913 271 990 313; x_wconf 86' lang='lat' dir='ltr'>celi,</span> <span class='ocrx_word' id='word_1_12' title='bbox 1017 273 1053 304; x_wconf 87' lang='lat' dir='ltr'>et</span> <span class='ocrx_word' id='word_1_13' title='bbox 1079 269 1204 303; x_wconf 82' lang='lat' dir='ltr'>bestiis</span> <span class='ocrx_word' id='word_1_14' title='bbox 1232 267 1407 302; x_wconf 79' lang='lat' dir='ltr'>universe</span> <span class='ocrx_word' id='word_1_15' title='bbox 1436 269 1541 308; x_wconf 76' lang='lat' dir='ltr'>terre,</span> <span class='ocrx_word' id='word_1_16' title='bbox 1570 267 1605 298; x_wconf 89' lang='lat' dir='ltr'>et</span> 
     </span>
     <span class='ocr_line' id='line_1_3' title="bbox 57 323 1603 372; baseline -0.004 -9"><span class='ocrx_word' id='word_1_17' title='bbox 57 330 152 363; x_wconf 81' lang='lat' dir='ltr'>licet:</span> <span class='ocrx_word' id='word_1_18' title='bbox 176 330 209 361; x_wconf 82' lang='lat' dir='ltr'>sz’</span> <span class='ocrx_word' id='word_1_19' title='bbox 223 338 260 361; x_wconf 90' lang='lat' dir='ltr'>M.</span> <span class='ocrx_word' id='word_1_20' title='bbox 274 329 379 362; x_wconf 87' lang='lat' dir='ltr'>omni</span> <span class='ocrx_word' id='word_1_21' title='bbox 401 328 533 372; x_wconf 68' lang='lat' dir='ltr'>reptili</span> <span class='ocrx_word' id='word_1_22' title='bbox 556 328 658 372; x_wconf 80' lang='lat' dir='ltr'>quod</span> <span class='ocrx_word' id='word_1_23' title='bbox 678 332 851 362; x_wconf 71' lang='lat' dir='ltr'>movetur</span> <span class='ocrx_word' id='word_1_24' title='bbox 872 329 914 362; x_wconf 88' lang='lat' dir='ltr'>in</span> <span class='ocrx_word' id='word_1_25' title='bbox 936 332 1039 362; x_wconf 77' lang='lat' dir='ltr'>terra</span> <span class='ocrx_word' id='word_1_26' title='bbox 1060 327 1166 370; x_wconf 88' lang='lat' dir='ltr'><strong>(Gen.</strong></span> <span class='ocrx_word' id='word_1_27' title='bbox 1186 325 1207 359; x_wconf 91' lang='lat' dir='ltr'>i.</span> <span class='ocrx_word' id='word_1_28' title='bbox 1226 325 1284 369; x_wconf 82' lang='lat'>26)</span> <span class='ocrx_word' id='word_1_29' title='bbox 1301 337 1309 369; x_wconf 79' lang='lat'><em>3</em></span> <span class='ocrx_word' id='word_1_30' title='bbox 1337 324 1398 359; x_wconf 91' lang='lat' dir='ltr'>ubi</span> <span class='ocrx_word' id='word_1_31' title='bbox 1422 323 1506 358; x_wconf 90' lang='lat' dir='ltr'>licet</span> <span class='ocrx_word' id='word_1_32' title='bbox 1525 334 1603 357; x_wconf 88' lang='lat' dir='ltr'>ver-</span> 
     </span>
     <span class='ocr_line' id='line_1_4' title="bbox 275 382 1603 430; baseline -0.005 -10"><span class='ocrx_word' id='word_1_33' title='bbox 275 386 364 420; x_wconf 91' lang='lat' dir='ltr'>bum</span> <span class='ocrx_word' id='word_1_34' title='bbox 383 386 507 430; x_wconf 67' lang='lat' dir='ltr'>presit</span> <span class='ocrx_word' id='word_1_35' title='bbox 531 385 712 430; x_wconf 87' lang='lat' dir='ltr'>significet</span> <span class='ocrx_word' id='word_1_36' title='bbox 739 385 964 428; x_wconf 79' lang='lat' dir='ltr'><strong>facultatem,</strong></span> <span class='ocrx_word' id='word_1_37' title='bbox 985 384 1135 427; x_wconf 86' lang='lat' dir='ltr'>scilicet,</span> <span class='ocrx_word' id='word_1_38' title='bbox 1162 383 1261 418; x_wconf 92' lang='lat' dir='ltr'>idem</span> <span class='ocrx_word' id='word_1_39' title='bbox 1291 382 1389 427; x_wconf 91' lang='lat' dir='ltr'>quod</span> <span class='ocrx_word' id='word_1_40' title='bbox 1418 382 1603 423; x_wconf 89' lang='lat' dir='ltr'>dominus,</span> 
     </span>
     <span class='ocr_line' id='line_1_5' title="bbox 275 438 1602 488; baseline -0.003 -12"><span class='ocrx_word' id='word_1_41' title='bbox 275 453 505 487; x_wconf 88' lang='lat' dir='ltr'>consequens</span> <span class='ocrx_word' id='word_1_42' title='bbox 531 450 586 478; x_wconf 87' lang='lat' dir='ltr'>est</span> <span class='ocrx_word' id='word_1_43' title='bbox 613 443 712 488; x_wconf 89' lang='lat' dir='ltr'>quod</span> <span class='ocrx_word' id='word_1_44' title='bbox 738 454 822 477; x_wconf 93' lang='lat' dir='ltr'>cum</span> <span class='ocrx_word' id='word_1_45' title='bbox 849 444 946 477; x_wconf 89' lang='lat' dir='ltr'>solus</span> <span class='ocrx_word' id='word_1_46' title='bbox 972 442 1085 484; x_wconf 88' lang='lat' dir='ltr'>fieret,</span> <span class='ocrx_word' id='word_1_47' title='bbox 1113 440 1284 476; x_wconf 89' lang='lat' dir='ltr'>dominus</span> <span class='ocrx_word' id='word_1_48' title='bbox 1311 451 1393 474; x_wconf 86' lang='lat' dir='ltr'>esse</span> <span class='ocrx_word' id='word_1_49' title='bbox 1418 438 1602 474; x_wconf 81' lang='lat' dir='ltr'>debebat:</span> 
     </span>
    </p>

    <p class='ocr_par' dir='ltr' id='par_1_3' title="bbox 244 496 1604 550">
     <span class='ocr_line' id='line_1_6' title="bbox 244 496 1604 550; baseline -0.004 -16"><span class='ocrx_word' id='word_1_50' title='bbox 244 518 262 550; x_wconf 83' lang='lat'>5</span> <span class='ocrx_word' id='word_1_51' title='bbox 277 500 307 534; x_wconf 91' lang='lat' dir='ltr'>si</span> <span class='ocrx_word' id='word_1_52' title='bbox 325 511 412 536; x_wconf 91' lang='lat' dir='ltr'>vero</span> <span class='ocrx_word' id='word_1_53' title='bbox 430 501 584 535; x_wconf 90' lang='lat' dir='ltr'>verbum</span> <span class='ocrx_word' id='word_1_54' title='bbox 612 500 699 535; x_wconf 90' lang='lat' dir='ltr'>illud</span> <span class='ocrx_word' id='word_1_55' title='bbox 716 502 842 545; x_wconf 69' lang='lat' dir='ltr'>presit</span> <span class='ocrx_word' id='word_1_56' title='bbox 865 507 990 535; x_wconf 86' lang='lat' dir='ltr'>actum</span> <span class='ocrx_word' id='word_1_57' title='bbox 1007 498 1233 534; x_wconf 78' lang='lat' dir='ltr'>auctoritatis</span> <span class='ocrx_word' id='word_1_58' title='bbox 1252 498 1435 542; x_wconf 78' lang='lat' dir='ltr'>importet,</span> <span class='ocrx_word' id='word_1_59' title='bbox 1454 496 1604 538; x_wconf 87' lang='lat' dir='ltr'>scilicet,</span> 
     </span>
    </p>

    <p class='ocr_par' dir='ltr' id='par_1_4' title="bbox 278 553 1605 602">
     <span class='ocr_line' id='line_1_7' title="bbox 278 553 1605 602; baseline -0.003 -11"><span class='ocrx_word' id='word_1_60' title='bbox 278 557 376 592; x_wconf 89' lang='lat' dir='ltr'>idem</span> <span class='ocrx_word' id='word_1_61' title='bbox 410 558 510 602; x_wconf 90' lang='lat' dir='ltr'>quod</span> <span class='ocrx_word' id='word_1_62' title='bbox 549 559 772 601; x_wconf 80' lang='lat' dir='ltr'><em>dominetur,</em></span> <span class='ocrx_word' id='word_1_63' title='bbox 807 570 890 592; x_wconf 92' lang='lat' dir='ltr'>cum</span> <span class='ocrx_word' id='word_1_64' title='bbox 923 565 1026 593; x_wconf 88' lang='lat' dir='ltr'>actus</span> <span class='ocrx_word' id='word_1_65' title='bbox 1061 556 1212 591; x_wconf 87' lang='lat' dir='ltr'>dominii</span> <span class='ocrx_word' id='word_1_66' title='bbox 1255 560 1506 600; x_wconf 85' lang='lat' dir='ltr'>presupponat</span> <span class='ocrx_word' id='word_1_67' title='bbox 1538 553 1605 588; x_wconf 91' lang='lat' dir='ltr'>do-</span> 
     </span>
    </p>

    <p class='ocr_par' dir='ltr' id='par_1_5' title="bbox 276 611 1605 661">
     <span class='ocr_line' id='line_1_8' title="bbox 276 611 1605 661; baseline -0.003 -12"><span class='ocrx_word' id='word_1_68' title='bbox 276 615 442 659; x_wconf 90' lang='lat' dir='ltr'>minium,</span> <span class='ocrx_word' id='word_1_69' title='bbox 461 627 535 650; x_wconf 94' lang='lat' dir='ltr'>non</span> <span class='ocrx_word' id='word_1_70' title='bbox 562 617 683 650; x_wconf 87' lang='lat' dir='ltr'>minus</span> <span class='ocrx_word' id='word_1_71' title='bbox 702 617 938 661; x_wconf 84' lang='lat' dir='ltr'>consequitur</span> <span class='ocrx_word' id='word_1_72' title='bbox 963 616 1061 661; x_wconf 92' lang='lat' dir='ltr'>quod</span> <span class='ocrx_word' id='word_1_73' title='bbox 1088 616 1187 649; x_wconf 89' lang='lat' dir='ltr'>solus</span> <span class='ocrx_word' id='word_1_74' title='bbox 1215 614 1374 648; x_wconf 85' lang='lat' dir='ltr'>debebat</span> <span class='ocrx_word' id='word_1_75' title='bbox 1399 611 1605 647; x_wconf 88' lang='lat' dir='ltr'>dominium</span> 
     </span>
    </p>
   </div>
   <div class='ocr_carea' id='block_1_3' title="bbox 275 671 1646 718">
    <p class='ocr_par' dir='ltr' id='par_1_6' title="bbox 275 671 1646 718">
     <span class='ocr_line' id='line_1_9' title="bbox 275 671 1646 718; baseline -0.003 -11"><span class='ocrx_word' id='word_1_76' title='bbox 275 680 311 708; x_wconf 92' lang='lat' dir='ltr'>et</span> <span class='ocrx_word' id='word_1_77' title='bbox 329 674 586 708; x_wconf 88' lang='lat' dir='ltr'>auctoritatem</span> <span class='ocrx_word' id='word_1_78' title='bbox 608 684 717 717; x_wconf 90' lang='lat' dir='ltr'>super</span> <span class='ocrx_word' id='word_1_79' title='bbox 733 680 856 708; x_wconf 90' lang='lat' dir='ltr'>actum</span> <span class='ocrx_word' id='word_1_80' title='bbox 876 673 1049 718; x_wconf 87' lang='lat' dir='ltr'>recipere.</span> <span class='ocrx_word' id='word_1_81' title='bbox 1102 674 1206 714; x_wconf 85' lang='lat' dir='ltr'>Item,</span> <span class='ocrx_word' id='word_1_82' title='bbox 1224 683 1268 706; x_wconf 87' lang='lat' dir='ltr'>ex</span> <span class='ocrx_word' id='word_1_83' title='bbox 1293 682 1365 716; x_wconf 94' lang='lat' dir='ltr'>quo</span> <span class='ocrx_word' id='word_1_84' title='bbox 1391 671 1468 705; x_wconf 87' lang='lat' dir='ltr'>solo</span> <span class='ocrx_word' id='word_1_85' title='bbox 1494 671 1646 704; x_wconf 89' lang='lat' dir='ltr'>bene-9-</span> 
     </span>
    </p>
   </div>
   <div class='ocr_carea' id='block_1_4' title="bbox 63 726 1612 1699">
    <p class='ocr_par' dir='ltr' id='par_1_7' title="bbox 63 726 1612 1699">
     <span class='ocr_line' id='line_1_10' title="bbox 278 726 1604 775; baseline -0.003 -11"><span class='ocrx_word' id='word_1_86' title='bbox 278 730 361 764; x_wconf 88' lang='lat' dir='ltr'>ficio</span> <span class='ocrx_word' id='word_1_87' title='bbox 389 730 589 765; x_wconf 82' lang='lat' dir='ltr'>creacionis</span> <span class='ocrx_word' id='word_1_88' title='bbox 607 731 770 765; x_wconf 91' lang='lat' dir='ltr'>volatilia</span> <span class='ocrx_word' id='word_1_89' title='bbox 795 737 831 765; x_wconf 92' lang='lat' dir='ltr'>et</span> <span class='ocrx_word' id='word_1_90' title='bbox 857 730 974 765; x_wconf 89' lang='lat' dir='ltr'>bestie</span> <span class='ocrx_word' id='word_1_91' title='bbox 1000 736 1221 775; x_wconf 86' lang='lat' dir='ltr'>potestatem</span> <span class='ocrx_word' id='word_1_92' title='bbox 1247 726 1604 773; x_wconf 79' lang='lat' dir='ltr'>irreprehensibilem</span> 
     </span>
     <span class='ocr_line' id='line_1_11' title="bbox 226 786 1604 830; baseline -0.002 -9"><span class='ocrx_word' id='word_1_93' title='bbox 226 804 266 826; x_wconf 79' lang='lat'>10</span> <span class='ocrx_word' id='word_1_94' title='bbox 278 799 300 821; x_wconf 90' lang='lat' dir='ltr'>a</span> <span class='ocrx_word' id='word_1_95' title='bbox 313 787 397 822; x_wconf 91' lang='lat' dir='ltr'>Deo</span> <span class='ocrx_word' id='word_1_96' title='bbox 414 788 602 823; x_wconf 82' lang='lat' dir='ltr'>habebant</span> <span class='ocrx_word' id='word_1_97' title='bbox 620 788 787 823; x_wconf 89' lang='lat' dir='ltr'>sumendi</span> <span class='ocrx_word' id='word_1_98' title='bbox 806 787 1015 823; x_wconf 87' lang='lat' dir='ltr'>necessaria</span> <span class='ocrx_word' id='word_1_99' title='bbox 1028 788 1102 822; x_wconf 89' lang='lat' dir='ltr'>vite</span> <span class='ocrx_word' id='word_1_100' title='bbox 1117 788 1162 822; x_wconf 92' lang='lat' dir='ltr'>de</span> <span class='ocrx_word' id='word_1_101' title='bbox 1180 788 1289 822; x_wconf 91' lang='lat' dir='ltr'>rebus</span> <span class='ocrx_word' id='word_1_102' title='bbox 1307 786 1451 829; x_wconf 87' lang='lat' dir='ltr'>creatis,</span> <span class='ocrx_word' id='word_1_103' title='bbox 1465 792 1604 830; x_wconf 90' lang='lat' dir='ltr'>quanto</span> 
     </span>
     <span class='ocr_line' id='line_1_12' title="bbox 277 842 1605 890; baseline -0.003 -10"><span class='ocrx_word' id='word_1_104' title='bbox 277 846 396 890; x_wconf 88' lang='lat' dir='ltr'>magis</span> <span class='ocrx_word' id='word_1_105' title='bbox 413 847 525 881; x_wconf 89' lang='lat' dir='ltr'>homo</span> <span class='ocrx_word' id='word_1_106' title='bbox 542 847 700 882; x_wconf 88' lang='lat' dir='ltr'>nobilior</span> <span class='ocrx_word' id='word_1_107' title='bbox 714 854 881 882; x_wconf 89' lang='lat' dir='ltr'>creatura</span> <span class='ocrx_word' id='word_1_108' title='bbox 894 846 1106 881; x_wconf 90' lang='lat' dir='ltr'>huiusmodi</span> <span class='ocrx_word' id='word_1_109' title='bbox 1125 851 1344 890; x_wconf 89' lang='lat' dir='ltr'>potestatem</span> <span class='ocrx_word' id='word_1_110' title='bbox 1359 855 1403 879; x_wconf 86' lang='lat' dir='ltr'>ex</span> <span class='ocrx_word' id='word_1_111' title='bbox 1416 842 1605 878; x_wconf 89' lang='lat' dir='ltr'>beneficiis</span> 
     </span>
     <span class='ocr_line' id='line_1_13' title="bbox 278 901 1608 949; baseline -0.002 -11"><span class='ocrx_word' id='word_1_112' title='bbox 278 904 481 939; x_wconf 89' lang='lat' dir='ltr'>creacionis</span> <span class='ocrx_word' id='word_1_113' title='bbox 507 904 672 949; x_wconf 84' lang='lat' dir='ltr'>accepit:</span> <span class='ocrx_word' id='word_1_114' title='bbox 709 905 870 949; x_wconf 92' lang='lat' dir='ltr'>alioquin</span> <span class='ocrx_word' id='word_1_115' title='bbox 896 904 1016 939; x_wconf 88' lang='lat' dir='ltr'>minus</span> <span class='ocrx_word' id='word_1_116' title='bbox 1044 903 1229 939; x_wconf 88' lang='lat' dir='ltr'>sufficiens</span> <span class='ocrx_word' id='word_1_117' title='bbox 1259 902 1297 937; x_wconf 90' lang='lat' dir='ltr'>in</span> <span class='ocrx_word' id='word_1_118' title='bbox 1323 901 1608 947; x_wconf 90' lang='lat' dir='ltr'>comparacione</span> 
     </span>
     <span class='ocr_line' id='line_1_14' title="bbox 279 958 1608 1006; baseline -0.003 -10"><span class='ocrx_word' id='word_1_119' title='bbox 279 973 344 996; x_wconf 88' lang='lat' dir='ltr'>sue</span> <span class='ocrx_word' id='word_1_120' title='bbox 369 968 499 997; x_wconf 91' lang='lat' dir='ltr'>nature</span> <span class='ocrx_word' id='word_1_121' title='bbox 524 963 571 997; x_wconf 89' lang='lat' dir='ltr'>ab</span> <span class='ocrx_word' id='word_1_122' title='bbox 597 962 738 1006; x_wconf 87' lang='lat' dir='ltr'>origine</span> <span class='ocrx_word' id='word_1_123' title='bbox 762 962 952 1004; x_wconf 77' lang='lat' dir='ltr'>extitisset,</span> <span class='ocrx_word' id='word_1_124' title='bbox 976 973 1088 1006; x_wconf 92' lang='lat' dir='ltr'>quam</span> <span class='ocrx_word' id='word_1_125' title='bbox 1113 962 1172 996; x_wconf 91' lang='lat' dir='ltr'>ille</span> <span class='ocrx_word' id='word_1_126' title='bbox 1198 961 1268 996; x_wconf 90' lang='lat' dir='ltr'>alie</span> <span class='ocrx_word' id='word_1_127' title='bbox 1294 967 1481 1003; x_wconf 87' lang='lat' dir='ltr'>creatu1·e;</span> <span class='ocrx_word' id='word_1_128' title='bbox 1508 958 1608 1004; x_wconf 90' lang='lat' dir='ltr'>quod</span> 
     </span>
     <span class='ocr_line' id='line_1_15' title="bbox 280 1018 1607 1064; baseline -0.002 -10"><span class='ocrx_word' id='word_1_129' title='bbox 280 1018 334 1064; x_wconf 91' lang='lat' dir='ltr'>(ut</span> <span class='ocrx_word' id='word_1_130' title='bbox 366 1018 524 1064; x_wconf 91' lang='lat' dir='ltr'>videtur)</span> <span class='ocrx_word' id='word_1_131' title='bbox 559 1020 713 1064; x_wconf 84' lang='lat' dir='ltr'>gloriam</span> <span class='ocrx_word' id='word_1_132' title='bbox 747 1019 881 1055; x_wconf 87' lang='lat' dir='ltr'>summi</span> <span class='ocrx_word' id='word_1_133' title='bbox 914 1019 1078 1054; x_wconf 88' lang='lat' dir='ltr'>Artificis</span> <span class='ocrx_word' id='word_1_134' title='bbox 1121 1018 1330 1064; x_wconf 85' lang='lat' dir='ltr'>aliqualiter</span> <span class='ocrx_word' id='word_1_135' title='bbox 1370 1018 1607 1052; x_wconf 86' lang='lat' dir='ltr'>maculasset.</span> 
     </span>
     <span class='ocr_line' id='line_1_16' title="bbox 226 1076 1607 1122; baseline -0.001 -12"><span class='ocrx_word' id='word_1_136' title='bbox 226 1087 264 1120; x_wconf 85' lang='lat'>15</span> <span class='ocrx_word' id='word_1_137' title='bbox 280 1078 463 1121; x_wconf 87' lang='lat' dir='ltr'>Ceterum,</span> <span class='ocrx_word' id='word_1_138' title='bbox 493 1088 577 1111; x_wconf 94' lang='lat' dir='ltr'>cum</span> <span class='ocrx_word' id='word_1_139' title='bbox 606 1089 717 1112; x_wconf 91' lang='lat' dir='ltr'>nemo</span> <span class='ocrx_word' id='word_1_140' title='bbox 744 1077 860 1122; x_wconf 85' lang='lat' dir='ltr'>possit</span> <span class='ocrx_word' id='word_1_141' title='bbox 888 1077 1075 1122; x_wconf 86' lang='lat' dir='ltr'>ambigere</span> <span class='ocrx_word' id='word_1_142' title='bbox 1101 1077 1189 1122; x_wconf 90' lang='lat' dir='ltr'>quin</span> <span class='ocrx_word' id='word_1_143' title='bbox 1218 1077 1330 1111; x_wconf 90' lang='lat' dir='ltr'>homo</span> <span class='ocrx_word' id='word_1_144' title='bbox 1357 1076 1394 1111; x_wconf 90' lang='lat' dir='ltr'>in</span> <span class='ocrx_word' id='word_1_145' title='bbox 1419 1082 1524 1110; x_wconf 88' lang='lat' dir='ltr'>tanta</span> <span class='ocrx_word' id='word_1_146' title='bbox 1549 1086 1607 1109; x_wconf 89' lang='lat' dir='ltr'>sa-</span> 
     </span>
     <span class='ocr_line' id='line_1_17' title="bbox 277 1132 1609 1180; baseline -0.002 -11"><span class='ocrx_word' id='word_1_147' title='bbox 277 1134 423 1179; x_wconf 87' lang='lat' dir='ltr'>piencia</span> <span class='ocrx_word' id='word_1_148' title='bbox 441 1147 463 1169; x_wconf 90' lang='lat' dir='ltr'>a</span> <span class='ocrx_word' id='word_1_149' title='bbox 489 1135 571 1170; x_wconf 91' lang='lat' dir='ltr'>Deo</span> <span class='ocrx_word' id='word_1_150' title='bbox 590 1142 736 1170; x_wconf 88' lang='lat' dir='ltr'>creatus</span> <span class='ocrx_word' id='word_1_151' title='bbox 755 1136 854 1180; x_wconf 92' lang='lat' dir='ltr'>quod</span> <span class='ocrx_word' id='word_1_152' title='bbox 872 1135 1012 1170; x_wconf 89' lang='lat' dir='ltr'>cunctis</span> <span class='ocrx_word' id='word_1_153' title='bbox 1030 1135 1157 1170; x_wconf 88' lang='lat' dir='ltr'>bestiis</span> <span class='ocrx_word' id='word_1_154' title='bbox 1175 1140 1211 1170; x_wconf 92' lang='lat' dir='ltr'>et</span> <span class='ocrx_word' id='word_1_155' title='bbox 1229 1133 1440 1169; x_wconf 88' lang='lat' dir='ltr'>volatilibus</span> <span class='ocrx_word' id='word_1_156' title='bbox 1457 1132 1609 1168; x_wconf 90' lang='lat' dir='ltr'>nomina</span> 
     </span>
     <span class='ocr_line' id='line_1_18' title="bbox 279 1192 1608 1238; baseline -0.002 -12"><span class='ocrx_word' id='word_1_157' title='bbox 279 1192 422 1227; x_wconf 86' lang='lat' dir='ltr'>sciebat</span> <span class='ocrx_word' id='word_1_158' title='bbox 441 1192 630 1237; x_wconf 88' lang='lat' dir='ltr'>imponere</span> <span class='ocrx_word' id='word_1_159' title='bbox 648 1199 684 1228; x_wconf 88' lang='lat' dir='ltr'>et</span> <span class='ocrx_word' id='word_1_160' title='bbox 703 1194 749 1228; x_wconf 94' lang='lat' dir='ltr'>de</span> <span class='ocrx_word' id='word_1_161' title='bbox 774 1194 873 1228; x_wconf 85' lang='lat' dir='ltr'>facto</span> <span class='ocrx_word' id='word_1_162' title='bbox 891 1193 1076 1238; x_wconf 90' lang='lat' dir='ltr'>imposuit,</span> <span class='ocrx_word' id='word_1_163' title='bbox 1096 1192 1157 1227; x_wconf 89' lang='lat' dir='ltr'>illa</span> <span class='ocrx_word' id='word_1_164' title='bbox 1175 1192 1301 1227; x_wconf 91' lang='lat' dir='ltr'>omnia</span> <span class='ocrx_word' id='word_1_165' title='bbox 1326 1198 1477 1236; x_wconf 90' lang='lat' dir='ltr'>propter</span> <span class='ocrx_word' id='word_1_166' title='bbox 1501 1202 1608 1225; x_wconf 89' lang='lat' dir='ltr'>usum</span> 
     </span>
     <span class='ocr_line' id='line_1_19' title="bbox 278 1249 1609 1295; baseline -0.002 -10"><span class='ocrx_word' id='word_1_167' title='bbox 278 1250 356 1285; x_wconf 90' lang='lat' dir='ltr'>eius</span> <span class='ocrx_word' id='word_1_168' title='bbox 373 1250 471 1285; x_wconf 87' lang='lat' dir='ltr'>facta</span> <span class='ocrx_word' id='word_1_169' title='bbox 488 1262 570 1285; x_wconf 87' lang='lat' dir='ltr'>esse</span> <span class='ocrx_word' id='word_1_170' title='bbox 589 1251 750 1295; x_wconf 89' lang='lat' dir='ltr'>sciebat;</span> <span class='ocrx_word' id='word_1_171' title='bbox 778 1251 828 1285; x_wconf 87' lang='lat' dir='ltr'>ita</span> <span class='ocrx_word' id='word_1_172' title='bbox 853 1257 891 1285; x_wconf 91' lang='lat' dir='ltr'>ut</span> <span class='ocrx_word' id='word_1_173' title='bbox 910 1257 1040 1285; x_wconf 89' lang='lat' dir='ltr'>nature</span> <span class='ocrx_word' id='word_1_174' title='bbox 1058 1250 1186 1285; x_wconf 89' lang='lat' dir='ltr'>ordine</span> <span class='ocrx_word' id='word_1_175' title='bbox 1203 1250 1255 1285; x_wconf 88' lang='lat' dir='ltr'>eis</span> <span class='ocrx_word' id='word_1_176' title='bbox 1281 1261 1429 1295; x_wconf 84' lang='lat' dir='ltr'>preesse</span> <span class='ocrx_word' id='word_1_177' title='bbox 1447 1249 1609 1283; x_wconf 88' lang='lat' dir='ltr'>deberet.</span> 
     </span>
     <span class='ocr_line' id='line_1_20' title="bbox 281 1307 1609 1353; baseline -0.001 -11"><span class='ocrx_word' id='word_1_178' title='bbox 281 1308 394 1343; x_wconf 86' lang='lat' dir='ltr'>Unde</span> <span class='ocrx_word' id='word_1_179' title='bbox 428 1309 529 1353; x_wconf 86' lang='lat' dir='ltr'>sequi</span> <span class='ocrx_word' id='word_1_180' title='bbox 564 1308 709 1344; x_wconf 90' lang='lat' dir='ltr'>videtur</span> <span class='ocrx_word' id='word_1_181' title='bbox 742 1309 852 1353; x_wconf 84' lang='lat' dir='ltr'>quod,</span> <span class='ocrx_word' id='word_1_182' title='bbox 887 1309 980 1343; x_wconf 87' lang='lat' dir='ltr'>sicut</span> <span class='ocrx_word' id='word_1_183' title='bbox 1015 1309 1076 1342; x_wconf 90' lang='lat' dir='ltr'>illa</span> <span class='ocrx_word' id='word_1_184' title='bbox 1105 1307 1279 1342; x_wconf 90' lang='lat' dir='ltr'>animalia</span> <span class='ocrx_word' id='word_1_185' title='bbox 1313 1314 1444 1342; x_wconf 88' lang='lat' dir='ltr'>nature</span> <span class='ocrx_word' id='word_1_186' title='bbox 1480 1307 1609 1341; x_wconf 89' lang='lat' dir='ltr'>ordine</span> 
     </span>
     <span class='ocr_line' id='line_1_21' title="bbox 227 1365 1608 1411; baseline -0.001 -11"><span class='ocrx_word' id='word_1_187' title='bbox 227 1378 267 1400; x_wconf 87' lang='lat'>20</span> <span class='ocrx_word' id='word_1_188' title='bbox 280 1366 448 1410; x_wconf 86' lang='lat' dir='ltr'>exigente</span> <span class='ocrx_word' id='word_1_189' title='bbox 481 1367 591 1401; x_wconf 87' lang='lat' dir='ltr'>rebus</span> <span class='ocrx_word' id='word_1_190' title='bbox 632 1373 782 1411; x_wconf 89' lang='lat' dir='ltr'>propter</span> <span class='ocrx_word' id='word_1_191' title='bbox 815 1378 923 1401; x_wconf 91' lang='lat' dir='ltr'>suum</span> <span class='ocrx_word' id='word_1_192' title='bbox 956 1366 1171 1401; x_wconf 87' lang='lat' dir='ltr'>alimentum</span> <span class='ocrx_word' id='word_1_193' title='bbox 1204 1366 1337 1401; x_wconf 86' lang='lat' dir='ltr'>creatis</span> <span class='ocrx_word' id='word_1_194' title='bbox 1379 1365 1608 1410; x_wconf 89' lang='lat' dir='ltr'>irreprehen-</span> 
     </span>
     <span class='ocr_line' id='line_1_22' title="bbox 280 1423 1610 1469; baseline -0.002 -10"><span class='ocrx_word' id='word_1_195' title='bbox 280 1423 433 1459; x_wconf 86' lang='lat' dir='ltr'>sibiliter</span> <span class='ocrx_word' id='word_1_196' title='bbox 458 1424 510 1458; x_wconf 89' lang='lat' dir='ltr'>uti</span> <span class='ocrx_word' id='word_1_197' title='bbox 534 1430 742 1469; x_wconf 86' lang='lat' dir='ltr'>potuerant,</span> <span class='ocrx_word' id='word_1_198' title='bbox 761 1424 860 1458; x_wconf 90' lang='lat' dir='ltr'>nulla</span> <span class='ocrx_word' id='word_1_199' title='bbox 884 1424 957 1458; x_wconf 87' lang='lat' dir='ltr'>alia</span> <span class='ocrx_word' id='word_1_200' title='bbox 983 1424 1199 1458; x_wconf 88' lang='lat' dir='ltr'>auctoritate</span> <span class='ocrx_word' id='word_1_201' title='bbox 1224 1430 1382 1468; x_wconf 89' lang='lat' dir='ltr'>recepta,</span> <span class='ocrx_word' id='word_1_202' title='bbox 1401 1423 1455 1458; x_wconf 90' lang='lat' dir='ltr'>sic</span> <span class='ocrx_word' id='word_1_203' title='bbox 1480 1429 1610 1457; x_wconf 88' lang='lat' dir='ltr'>nature</span> 
     </span>
     <span class='ocr_line' id='line_1_23' title="bbox 280 1480 1610 1526; baseline -0.002 -10"><span class='ocrx_word' id='word_1_204' title='bbox 280 1481 409 1516; x_wconf 90' lang='lat' dir='ltr'>ordine</span> <span class='ocrx_word' id='word_1_205' title='bbox 433 1481 600 1526; x_wconf 84' lang='lat' dir='ltr'>exigente</span> <span class='ocrx_word' id='word_1_206' title='bbox 626 1482 663 1516; x_wconf 91' lang='lat' dir='ltr'>id</span> <span class='ocrx_word' id='word_1_207' title='bbox 691 1482 788 1516; x_wconf 90' lang='lat' dir='ltr'>idem</span> <span class='ocrx_word' id='word_1_208' title='bbox 816 1482 862 1516; x_wconf 94' lang='lat' dir='ltr'>de</span> <span class='ocrx_word' id='word_1_209' title='bbox 889 1481 959 1516; x_wconf 89' lang='lat' dir='ltr'>illis</span> <span class='ocrx_word' id='word_1_210' title='bbox 985 1481 1208 1516; x_wconf 85' lang='lat' dir='ltr'>animalibus</span> <span class='ocrx_word' id='word_1_211' title='bbox 1233 1482 1354 1516; x_wconf 86' lang='lat' dir='ltr'>facere</span> <span class='ocrx_word' id='word_1_212' title='bbox 1380 1480 1610 1525; x_wconf 91' lang='lat' dir='ltr'>irreprehen-</span> 
     </span>
     <span class='ocr_line' id='line_1_24' title="bbox 281 1538 1611 1584; baseline -0.001 -11"><span class='ocrx_word' id='word_1_213' title='bbox 281 1539 436 1574; x_wconf 90' lang='lat' dir='ltr'>sibiliter</span> <span class='ocrx_word' id='word_1_214' title='bbox 471 1540 584 1574; x_wconf 90' lang='lat' dir='ltr'>homo</span> <span class='ocrx_word' id='word_1_215' title='bbox 618 1546 808 1584; x_wconf 83' lang='lat' dir='ltr'>potuerat3</span> <span class='ocrx_word' id='word_1_216' title='bbox 846 1540 946 1584; x_wconf 90' lang='lat' dir='ltr'>quod</span> <span class='ocrx_word' id='word_1_217' title='bbox 979 1540 1100 1574; x_wconf 84' lang='lat' dir='ltr'>facere</span> <span class='ocrx_word' id='word_1_218' title='bbox 1133 1551 1208 1573; x_wconf 91' lang='lat' dir='ltr'>non</span> <span class='ocrx_word' id='word_1_219' title='bbox 1242 1545 1386 1584; x_wconf 87' lang='lat' dir='ltr'>poterat</span> <span class='ocrx_word' id='word_1_220' title='bbox 1416 1538 1611 1573; x_wconf 88' lang='lat' dir='ltr'>racionalis</span> 
     </span>
     <span class='ocr_line' id='line_1_25' title="bbox 63 1596 1612 1642; baseline 0.001 -13"><span class='ocrx_word' id='word_1_221' title='bbox 63 1598 183 1639; x_wconf 75' lang='lat' dir='ltr'>legatia</span> <span class='ocrx_word' id='word_1_222' title='bbox 200 1606 229 1630; x_wconf 82' lang='grc' dir='ltr'>Β.</span> <span class='ocrx_word' id='word_1_223' title='bbox 281 1603 448 1631; x_wconf 87' lang='lat' dir='ltr'>creatura</span> <span class='ocrx_word' id='word_1_224' title='bbox 478 1596 557 1631; x_wconf 89' lang='lat' dir='ltr'>sine</span> <span class='ocrx_word' id='word_1_225' title='bbox 586 1597 803 1632; x_wconf 88' lang='lat' dir='ltr'>auctoritate</span> <span class='ocrx_word' id='word_1_226' title='bbox 830 1597 1004 1642; x_wconf 86' lang='lat' dir='ltr'>legitima.</span> <span class='ocrx_word' id='word_1_227' title='bbox 1057 1597 1171 1632; x_wconf 91' lang='lat' dir='ltr'>Unde</span> <span class='ocrx_word' id='word_1_228' title='bbox 1203 1596 1348 1631; x_wconf 90' lang='lat' dir='ltr'>videtur</span> <span class='ocrx_word' id='word_1_229' title='bbox 1377 1597 1476 1642; x_wconf 91' lang='lat' dir='ltr'>quod</span> <span class='ocrx_word' id='word_1_230' title='bbox 1509 1596 1612 1640; x_wconf 91' lang='lat' dir='ltr'>origo</span> 
     </span>
     <span class='ocr_line' id='line_1_26' title="bbox 229 1654 1610 1699; baseline -0.001 -10"><span class='ocrx_word' id='word_1_231' title='bbox 229 1666 266 1698; x_wconf 89' lang='lat'>25</span> <span class='ocrx_word' id='word_1_232' title='bbox 280 1654 443 1689; x_wconf 90' lang='lat' dir='ltr'>hominis</span> <span class='ocrx_word' id='word_1_233' title='bbox 469 1655 518 1689; x_wconf 88' lang='lat' dir='ltr'>ad</span> <span class='ocrx_word' id='word_1_234' title='bbox 546 1654 617 1689; x_wconf 89' lang='lat' dir='ltr'>Dei</span> <span class='ocrx_word' id='word_1_235' title='bbox 637 1655 850 1699; x_wconf 87' lang='lat' dir='ltr'>ymaginem</span> <span class='ocrx_word' id='word_1_236' title='bbox 876 1667 919 1689; x_wconf 90' lang='lat' dir='ltr'>ac</span> <span class='ocrx_word' id='word_1_237' title='bbox 938 1654 1219 1689; x_wconf 88' lang='lat' dir='ltr'>similitudinem</span> <span class='ocrx_word' id='word_1_238' title='bbox 1245 1655 1341 1689; x_wconf 88' lang='lat' dir='ltr'>hanc</span> <span class='ocrx_word' id='word_1_239' title='bbox 1358 1654 1501 1689; x_wconf 91' lang='lat' dir='ltr'>homini</span> <span class='ocrx_word' id='word_1_240' title='bbox 1526 1665 1610 1688; x_wconf 90' lang='lat' dir='ltr'>auc-</span> 
     </span>
    </p>
   </div>
   <div class='ocr_carea' id='block_1_5' title="bbox 281 1712 1675 1758">
    <p class='ocr_par' dir='ltr' id='par_1_8' title="bbox 281 1712 1675 1758">
     <span class='ocr_line' id='line_1_27' title="bbox 281 1712 1675 1758; baseline 0.001 -12"><span class='ocrx_word' id='word_1_241' title='bbox 281 1712 469 1747; x_wconf 87' lang='lat' dir='ltr'>toritatem</span> <span class='ocrx_word' id='word_1_242' title='bbox 498 1712 683 1757; x_wconf 75' lang='lat' dir='ltr'>inpressit,</span> <span class='ocrx_word' id='word_1_243' title='bbox 734 1713 844 1758; x_wconf 77' lang='lat' dir='ltr'>Quod</span> <span class='ocrx_word' id='word_1_244' title='bbox 870 1724 913 1748; x_wconf 88' lang='lat' dir='ltr'>ex</span> <span class='ocrx_word' id='word_1_245' title='bbox 943 1713 1013 1747; x_wconf 94' lang='lat' dir='ltr'>hoc</span> <span class='ocrx_word' id='word_1_246' title='bbox 1041 1712 1183 1747; x_wconf 91' lang='lat' dir='ltr'>videtur</span> <span class='ocrx_word' id='word_1_247' title='bbox 1211 1712 1313 1746; x_wconf 92' lang='lat' dir='ltr'>innui</span> <span class='ocrx_word' id='word_1_248' title='bbox 1345 1712 1382 1746; x_wconf 94' lang='lat' dir='ltr'>in</span> <span class='ocrx_word' id='word_1_249' title='bbox 1410 1712 1609 1758; x_wconf 88' lang='lat' dir='ltr'>Scriptura,</span> <span class='ocrx_word' id='word_1_250' title='bbox 1627 1726 1675 1748; x_wconf 87' lang='lat'>11.</span> 
     </span>
    </p>
   </div>
   <div class='ocr_carea' id='block_1_6' title="bbox 229 1770 1618 2801">
    <p class='ocr_par' dir='ltr' id='par_1_9' title="bbox 229 1770 1618 2801">
     <span class='ocr_line' id='line_1_28' title="bbox 281 1770 1613 1815; baseline 0.001 -11"><span class='ocrx_word' id='word_1_251' title='bbox 281 1771 381 1815; x_wconf 91' lang='lat' dir='ltr'>quod</span> <span class='ocrx_word' id='word_1_252' title='bbox 399 1781 583 1815; x_wconf 87' lang='lat' dir='ltr'>nusquam</span> <span class='ocrx_word' id='word_1_253' title='bbox 602 1771 648 1805; x_wconf 93' lang='lat' dir='ltr'>de</span> <span class='ocrx_word' id='word_1_254' title='bbox 668 1771 873 1805; x_wconf 90' lang='lat' dir='ltr'>donacione</span> <span class='ocrx_word' id='word_1_255' title='bbox 900 1770 1062 1815; x_wconf 90' lang='lat' dir='ltr'>presenti</span> <span class='ocrx_word' id='word_1_256' title='bbox 1089 1771 1129 1805; x_wconf 94' lang='lat' dir='ltr'>fit</span> <span class='ocrx_word' id='word_1_257' title='bbox 1155 1770 1311 1814; x_wconf 85' lang='lat' dir='ltr'>mencio,</span> <span class='ocrx_word' id='word_1_258' title='bbox 1330 1777 1385 1805; x_wconf 89' lang='lat' dir='ltr'>set</span> <span class='ocrx_word' id='word_1_259' title='bbox 1402 1776 1547 1805; x_wconf 84' lang='lat' dir='ltr'>tantum</span> <span class='ocrx_word' id='word_1_260' title='bbox 1566 1771 1613 1805; x_wconf 94' lang='lat' dir='ltr'>de</span> 
     </span>
     <span class='ocr_line' id='line_1_29' title="bbox 280 1827 1614 1873; baseline 0.001 -11"><span class='ocrx_word' id='word_1_261' title='bbox 280 1827 360 1863; x_wconf 89' lang='lat' dir='ltr'>eius</span> <span class='ocrx_word' id='word_1_262' title='bbox 377 1828 522 1862; x_wconf 89' lang='lat' dir='ltr'>actibus</span> <span class='ocrx_word' id='word_1_263' title='bbox 539 1835 602 1863; x_wconf 91' lang='lat' dir='ltr'>aut</span> <span class='ocrx_word' id='word_1_264' title='bbox 620 1828 698 1863; x_wconf 90' lang='lat' dir='ltr'>eius</span> <span class='ocrx_word' id='word_1_265' title='bbox 717 1828 923 1863; x_wconf 90' lang='lat' dir='ltr'>donacione</span> <span class='ocrx_word' id='word_1_266' title='bbox 949 1828 1124 1873; x_wconf 88' lang='lat' dir='ltr'>preterita</span> <span class='ocrx_word' id='word_1_267' title='bbox 1141 1840 1147 1863; x_wconf 92' lang='lat'>:</span> <span class='ocrx_word' id='word_1_268' title='bbox 1175 1829 1274 1863; x_wconf 91' lang='lat' dir='ltr'>unde</span> <span class='ocrx_word' id='word_1_269' title='bbox 1301 1829 1338 1863; x_wconf 90' lang='lat' dir='ltr'>in</span> <span class='ocrx_word' id='word_1_270' title='bbox 1364 1828 1483 1873; x_wconf 86' lang='lat' dir='ltr'>primo</span> <span class='ocrx_word' id='word_1_271' title='bbox 1500 1829 1614 1863; x_wconf 88' lang='lat' dir='ltr'>verbo</span> 
     </span>
     <span class='ocr_line' id='line_1_30' title="bbox 281 1886 1615 1932; baseline 0.001 -12"><span class='ocrx_word' id='word_1_272' title='bbox 281 1892 365 1931; x_wconf 88' lang='lat' dir='ltr'>post</span> <span class='ocrx_word' id='word_1_273' title='bbox 384 1886 614 1921; x_wconf 88' lang='lat' dir='ltr'>creacionem</span> <span class='ocrx_word' id='word_1_274' title='bbox 641 1886 692 1921; x_wconf 90' lang='lat' dir='ltr'>sic</span> <span class='ocrx_word' id='word_1_275' title='bbox 715 1886 860 1930; x_wconf 90' lang='lat' dir='ltr'>dicitur,</span> <span class='ocrx_word' id='word_1_276' title='bbox 879 1887 1098 1921; x_wconf 85' lang='lat' dir='ltr'>Masculum</span> <span class='ocrx_word' id='word_1_277' title='bbox 1123 1890 1159 1921; x_wconf 87' lang='lat' dir='ltr'>et</span> <span class='ocrx_word' id='word_1_278' title='bbox 1170 1888 1362 1932; x_wconf 86' lang='lat' dir='ltr'>feminam</span> <span class='ocrx_word' id='word_1_279' title='bbox 1389 1889 1534 1922; x_wconf 80' lang='lat' dir='ltr'>creavit</span> <span class='ocrx_word' id='word_1_280' title='bbox 1556 1899 1615 1922; x_wconf 82' lang='lat' dir='ltr'>eos</span> 
     </span>
     <span class='ocr_line' id='line_1_31' title="bbox 229 1943 1618 1989; baseline 0.002 -12"><span class='ocrx_word' id='word_1_281' title='bbox 229 1953 269 1984; x_wconf 79' lang='lat'>30</span> <span class='ocrx_word' id='word_1_282' title='bbox 285 1943 394 1988; x_wconf 82' lang='lat' dir='ltr'>(Gen.</span> <span class='ocrx_word' id='word_1_283' title='bbox 425 1943 446 1978; x_wconf 87' lang='lat' dir='ltr'>i.</span> <span class='ocrx_word' id='word_1_284' title='bbox 477 1943 621 1988; x_wconf 86' lang='lat'><strong>27-29)‚</strong></span> <span class='ocrx_word' id='word_1_285' title='bbox 658 1948 694 1978; x_wconf 89' lang='lat' dir='ltr'>et</span> <span class='ocrx_word' id='word_1_286' title='bbox 730 1944 917 1978; x_wconf 77' lang='lat' dir='ltr'>benedixit</span> <span class='ocrx_word' id='word_1_287' title='bbox 947 1944 1027 1978; x_wconf 87' lang='lat' dir='ltr'>illis</span> <span class='ocrx_word' id='word_1_288' title='bbox 1060 1945 1175 1988; x_wconf 87' lang='lat' dir='ltr'>Deus,</span> <span class='ocrx_word' id='word_1_289' title='bbox 1210 1949 1247 1979; x_wconf 90' lang='lat' dir='ltr'>et</span> <span class='ocrx_word' id='word_1_290' title='bbox 1277 1946 1344 1989; x_wconf 88' lang='lat' dir='ltr'>ait,</span> <span class='ocrx_word' id='word_1_291' title='bbox 1385 1946 1540 1980; x_wconf 76' lang='lat' dir='ltr'>Crescite</span> <span class='ocrx_word' id='word_1_292' title='bbox 1580 1949 1618 1980; x_wconf 83' lang='lat' dir='ltr'>et</span> 
     </span>
     <span class='ocr_line' id='line_1_32' title="bbox 283 2002 1615 2048; baseline 0.002 -12"><span class='ocrx_word' id='word_1_293' title='bbox 283 2003 603 2047; x_wconf 56' lang='lat' dir='ltr'>multiplicamini,</span> <span class='ocrx_word' id='word_1_294' title='bbox 630 2006 667 2037; x_wconf 86' lang='lat' dir='ltr'>et</span> <span class='ocrx_word' id='word_1_295' title='bbox 697 2003 832 2047; x_wconf 71' lang='lat' dir='ltr'>replete</span> <span class='ocrx_word' id='word_1_296' title='bbox 861 2006 1001 2038; x_wconf 80' lang='lat' dir='ltr'>terram</span> <span class='ocrx_word' id='word_1_297' title='bbox 1028 2007 1064 2037; x_wconf 90' lang='lat' dir='ltr'>et</span> <span class='ocrx_word' id='word_1_298' title='bbox 1088 2003 1240 2037; x_wconf 80' lang='lat' dir='ltr'>subicite</span> <span class='ocrx_word' id='word_1_299' title='bbox 1268 2015 1350 2037; x_wconf 80' lang='lat' dir='ltr'>eam</span> <span class='ocrx_word' id='word_1_300' title='bbox 1378 2002 1465 2048; x_wconf 91' lang='lat' dir='ltr'>(alia</span> <span class='ocrx_word' id='word_1_301' title='bbox 1494 2003 1615 2038; x_wconf 86' lang='lat' dir='ltr'>littera</span> 
     </span>
     <span class='ocr_line' id='line_1_33' title="bbox 283 2060 1617 2106; baseline 0 -11"><span class='ocrx_word' id='word_1_302' title='bbox 283 2061 406 2104; x_wconf 88' lang='lat' dir='ltr'>habet,</span> <span class='ocrx_word' id='word_1_303' title='bbox 432 2061 490 2094; x_wconf 83' lang='lat' dir='ltr'>Et</span> <span class='ocrx_word' id='word_1_304' title='bbox 511 2061 764 2095; x_wconf 79' lang='lat' dir='ltr'>dominamini</span> <span class='ocrx_word' id='word_1_305' title='bbox 783 2060 891 2104; x_wconf 85' lang='lat' dir='ltr'>eius),</span> <span class='ocrx_word' id='word_1_306' title='bbox 917 2065 953 2095; x_wconf 91' lang='lat' dir='ltr'>et</span> <span class='ocrx_word' id='word_1_307' title='bbox 973 2061 1227 2096; x_wconf 79' lang='lat' dir='ltr'>dominamini</span> <span class='ocrx_word' id='word_1_308' title='bbox 1243 2061 1412 2106; x_wconf 72' lang='lat' dir='ltr'>piscibus</span> <span class='ocrx_word' id='word_1_309' title='bbox 1435 2062 1555 2096; x_wconf 74' lang='lat' dir='ltr'>maris</span> <span class='ocrx_word' id='word_1_310' title='bbox 1580 2064 1617 2095; x_wconf 83' lang='lat' dir='ltr'>et</span> 
     </span>
     <span class='ocr_line' id='line_1_34' title="bbox 282 2118 1614 2164; baseline 0 -11"><span class='ocrx_word' id='word_1_311' title='bbox 282 2118 502 2153; x_wconf 76' lang='lat' dir='ltr'>volatilibus</span> <span class='ocrx_word' id='word_1_312' title='bbox 518 2118 586 2152; x_wconf 86' lang='lat' dir='ltr'>celi</span> <span class='ocrx_word' id='word_1_313' title='bbox 601 2122 637 2152; x_wconf 88' lang='lat' dir='ltr'>et</span> <span class='ocrx_word' id='word_1_314' title='bbox 659 2119 850 2152; x_wconf 76' lang='lat' dir='ltr'>universis</span> <span class='ocrx_word' id='word_1_315' title='bbox 873 2130 943 2163; x_wconf 79' lang='lat' dir='ltr'>que</span> <span class='ocrx_word' id='word_1_316' title='bbox 967 2123 1168 2153; x_wconf 80' lang='lat' dir='ltr'>moventur</span> <span class='ocrx_word' id='word_1_317' title='bbox 1180 2122 1296 2164; x_wconf 71' lang='lat' dir='ltr'>super</span> <span class='ocrx_word' id='word_1_318' title='bbox 1310 2123 1461 2154; x_wconf 72' lang='lat' dir='ltr'>terram.</span> <span class='ocrx_word' id='word_1_319' title='bbox 1509 2120 1614 2162; x_wconf 86' lang='lat' dir='ltr'>Ecce,</span> 
     </span>
     <span class='ocr_line' id='line_1_35' title="bbox 282 2176 1615 2222; baseline 0 -12"><span class='ocrx_word' id='word_1_320' title='bbox 282 2177 369 2211; x_wconf 87' lang='lat' dir='ltr'>dedi</span> <span class='ocrx_word' id='word_1_321' title='bbox 391 2176 494 2210; x_wconf 80' lang='lat' dir='ltr'>vobis</span> <span class='ocrx_word' id='word_1_322' title='bbox 519 2186 661 2210; x_wconf 87' lang='lat' dir='ltr'>omnem</span> <span class='ocrx_word' id='word_1_323' title='bbox 684 2176 833 2210; x_wconf 75' lang='lat' dir='ltr'>lzerbam</span> <span class='ocrx_word' id='word_1_324' title='bbox 860 2177 1071 2221; x_wconf 74' lang='lat' dir='ltr'>afferentem</span> <span class='ocrx_word' id='word_1_325' title='bbox 1088 2188 1209 2211; x_wconf 84' lang='lat' dir='ltr'>semen</span> <span class='ocrx_word' id='word_1_326' title='bbox 1226 2179 1340 2222; x_wconf 69' lang='lat' dir='ltr'>super</span> <span class='ocrx_word' id='word_1_327' title='bbox 1354 2181 1506 2220; x_wconf 76' lang='lat' dir='ltr'>terram,</span> <span class='ocrx_word' id='word_1_328' title='bbox 1525 2183 1615 2211; x_wconf 88' lang='lat' dir='ltr'>etc.:</span> 
     </span>
     <span class='ocr_line' id='line_1_36' title="bbox 230 2233 1614 2280; baseline 0 -11"><span class='ocrx_word' id='word_1_329' title='bbox 230 2241 269 2274; x_wconf 82' lang='lat'>35</span> <span class='ocrx_word' id='word_1_330' title='bbox 284 2233 345 2269; x_wconf 89' lang='lat' dir='ltr'>ubi</span> <span class='ocrx_word' id='word_1_331' title='bbox 363 2234 476 2269; x_wconf 87' lang='lat' dir='ltr'>verba</span> <span class='ocrx_word' id='word_1_332' title='bbox 501 2233 563 2268; x_wconf 91' lang='lat' dir='ltr'>illa</span> <span class='ocrx_word' id='word_1_333' title='bbox 587 2234 742 2267; x_wconf 78' lang='lat' dir='ltr'>subicite</span> <span class='ocrx_word' id='word_1_334' title='bbox 762 2240 798 2268; x_wconf 87' lang='lat' dir='ltr'>et</span> <span class='ocrx_word' id='word_1_335' title='bbox 815 2234 1068 2269; x_wconf 78' lang='lat' dir='ltr'>dominamini</span> <span class='ocrx_word' id='word_1_336' title='bbox 1091 2241 1216 2270; x_wconf 86' lang='lat' dir='ltr'>actum</span> <span class='ocrx_word' id='word_1_337' title='bbox 1235 2235 1430 2280; x_wconf 87' lang='lat' dir='ltr'>designant</span> <span class='ocrx_word' id='word_1_338' title='bbox 1448 2235 1614 2279; x_wconf 90' lang='lat' dir='ltr'>dominii,</span> 
     </span>
     <span class='ocr_line' id='line_1_37' title="bbox 283 2291 1617 2338; baseline 0 -11"><span class='ocrx_word' id='word_1_339' title='bbox 283 2298 319 2327; x_wconf 85' lang='lat' dir='ltr'>et</span> <span class='ocrx_word' id='word_1_340' title='bbox 337 2293 490 2327; x_wconf 89' lang='lat' dir='ltr'>verbum</span> <span class='ocrx_word' id='word_1_341' title='bbox 506 2292 593 2325; x_wconf 86' lang='lat' dir='ltr'>dedi</span> <span class='ocrx_word' id='word_1_342' title='bbox 608 2291 853 2326; x_wconf 88' lang='lat' dir='ltr'>collacionem</span> <span class='ocrx_word' id='word_1_343' title='bbox 870 2291 949 2327; x_wconf 88' lang='lat' dir='ltr'>eius</span> <span class='ocrx_word' id='word_1_344' title='bbox 970 2293 1196 2337; x_wconf 86' lang='lat' dir='ltr'>preteritam.</span> <span class='ocrx_word' id='word_1_345' title='bbox 1247 2294 1341 2328; x_wconf 91' lang='lat' dir='ltr'>Cum</span> <span class='ocrx_word' id='word_1_346' title='bbox 1368 2293 1478 2338; x_wconf 85' lang='lat' dir='ltr'>igitur</span> <span class='ocrx_word' id='word_1_347' title='bbox 1502 2293 1617 2328; x_wconf 90' lang='lat' dir='ltr'>nichil</span> 
     </span>
     <span class='ocr_line' id='line_1_38' title="bbox 285 2348 1615 2394; baseline 0.001 -10"><span class='ocrx_word' id='word_1_348' title='bbox 285 2349 335 2384; x_wconf 91' lang='lat' dir='ltr'>ibi</span> <span class='ocrx_word' id='word_1_349' title='bbox 364 2350 539 2394; x_wconf 87' lang='lat' dir='ltr'>precedat</span> <span class='ocrx_word' id='word_1_350' title='bbox 569 2350 616 2384; x_wconf 88' lang='lat' dir='ltr'>de</span> <span class='ocrx_word' id='word_1_351' title='bbox 649 2348 721 2383; x_wconf 90' lang='lat' dir='ltr'>illis</span> <span class='ocrx_word' id='word_1_352' title='bbox 750 2355 874 2394; x_wconf 83' lang='lat' dir='ltr'>preter</span> <span class='ocrx_word' id='word_1_353' title='bbox 903 2350 1105 2385; x_wconf 85' lang='lat' dir='ltr'>creacionis</span> <span class='ocrx_word' id='word_1_354' title='bbox 1135 2351 1366 2394; x_wconf 88' lang='lat' dir='ltr'>beneficium,</span> <span class='ocrx_word' id='word_1_355' title='bbox 1395 2351 1496 2385; x_wconf 90' lang='lat' dir='ltr'>innui</span> <span class='ocrx_word' id='word_1_356' title='bbox 1526 2351 1615 2386; x_wconf 87' lang='lat' dir='ltr'>satis</span> 
     </span>
     <span class='ocr_line' id='line_1_39' title="bbox 283 2406 1616 2453; baseline 0.002 -13"><span class='ocrx_word' id='word_1_357' title='bbox 283 2408 461 2452; x_wconf 90' lang='lat' dir='ltr'>probatur</span> <span class='ocrx_word' id='word_1_358' title='bbox 484 2412 570 2441; x_wconf 86' lang='lat' dir='ltr'>ante</span> <span class='ocrx_word' id='word_1_359' title='bbox 600 2406 709 2441; x_wconf 86' lang='lat' dir='ltr'>istam</span> <span class='ocrx_word' id='word_1_360' title='bbox 739 2407 1054 2452; x_wconf 88' lang='lat' dir='ltr'>benediccionem,</span> <span class='ocrx_word' id='word_1_361' title='bbox 1081 2420 1147 2453; x_wconf 95' lang='lat' dir='ltr'>per</span> <span class='ocrx_word' id='word_1_362' title='bbox 1180 2408 1271 2443; x_wconf 88' lang='lat' dir='ltr'>illud</span> <span class='ocrx_word' id='word_1_363' title='bbox 1300 2409 1520 2444; x_wconf 87' lang='lat' dir='ltr'>beneficium</span> <span class='ocrx_word' id='word_1_364' title='bbox 1550 2420 1616 2443; x_wconf 88' lang='lat' dir='ltr'>sue</span> 
     </span>
     <span class='ocr_line' id='line_1_40' title="bbox 285 2464 1615 2511; baseline 0.002 -13"><span class='ocrx_word' id='word_1_365' title='bbox 285 2464 447 2509; x_wconf 90' lang='lat' dir='ltr'>originis,</span> <span class='ocrx_word' id='word_1_366' title='bbox 483 2464 582 2509; x_wconf 89' lang='lat' dir='ltr'>ipsos</span> <span class='ocrx_word' id='word_1_367' title='bbox 626 2464 724 2499; x_wconf 88' lang='lat' dir='ltr'>istud</span> <span class='ocrx_word' id='word_1_368' title='bbox 764 2465 968 2499; x_wconf 88' lang='lat' dir='ltr'>dominium</span> <span class='ocrx_word' id='word_1_369' title='bbox 1010 2466 1307 2511; x_wconf 88' lang='lat' dir='ltr'>presuppositum</span> <span class='ocrx_word' id='word_1_370' title='bbox 1348 2466 1418 2500; x_wconf 87' lang='lat' dir='ltr'>illis</span> <span class='ocrx_word' id='word_1_371' title='bbox 1462 2466 1615 2501; x_wconf 89' lang='lat' dir='ltr'>dominii</span> 
     </span>
     <span class='ocr_line' id='line_1_41' title="bbox 229 2522 1615 2569; baseline 0.003 -14"><span class='ocrx_word' id='word_1_372' title='bbox 229 2535 272 2566; x_wconf 92' lang='lat'>40</span> <span class='ocrx_word' id='word_1_373' title='bbox 285 2523 427 2558; x_wconf 90' lang='lat' dir='ltr'>actibus</span> <span class='ocrx_word' id='word_1_374' title='bbox 453 2522 650 2567; x_wconf 89' lang='lat' dir='ltr'>accepisse.</span> <span class='ocrx_word' id='word_1_375' title='bbox 701 2523 763 2559; x_wconf 85' lang='lat' dir='ltr'>Sic</span> <span class='ocrx_word' id='word_1_376' title='bbox 780 2523 880 2558; x_wconf 90' lang='lat' dir='ltr'>enim</span> <span class='ocrx_word' id='word_1_377' title='bbox 907 2524 952 2558; x_wconf 90' lang='lat' dir='ltr'>de</span> <span class='ocrx_word' id='word_1_378' title='bbox 970 2526 1053 2559; x_wconf 87' lang='lat' dir='ltr'>Noe</span> <span class='ocrx_word' id='word_1_379' title='bbox 1080 2530 1116 2559; x_wconf 90' lang='lat' dir='ltr'>et</span> <span class='ocrx_word' id='word_1_380' title='bbox 1143 2525 1221 2559; x_wconf 89' lang='lat' dir='ltr'>eius</span> <span class='ocrx_word' id='word_1_381' title='bbox 1248 2525 1331 2559; x_wconf 83' lang='lat' dir='ltr'>filiis</span> <span class='ocrx_word' id='word_1_382' title='bbox 1359 2525 1500 2569; x_wconf 89' lang='lat' dir='ltr'>legitur,</span> <span class='ocrx_word' id='word_1_383' title='bbox 1522 2526 1615 2560; x_wconf 87' lang='lat' dir='ltr'>Gen.</span> 
     </span>
     <span class='ocr_line' id='line_1_42' title="bbox 242 2581 1615 2627; baseline 0.001 -12"><span class='ocrx_word' id='word_1_384' title='bbox 242 2588 271 2616; x_wconf 89' lang='lat' dir='ltr'>B</span> <span class='ocrx_word' id='word_1_385' title='bbox 286 2581 330 2615; x_wconf 82' lang='lat' dir='ltr'>ix.</span> <span class='ocrx_word' id='word_1_386' title='bbox 353 2591 428 2624; x_wconf 87' lang='lat'>1—3‚</span> <span class='ocrx_word' id='word_1_387' title='bbox 446 2581 545 2626; x_wconf 88' lang='lat' dir='ltr'>quod</span> <span class='ocrx_word' id='word_1_388' title='bbox 562 2581 749 2615; x_wconf 77' lang='lat' dir='ltr'>benedixit</span> <span class='ocrx_word' id='word_1_389' title='bbox 762 2582 866 2615; x_wconf 88' lang='lat' dir='ltr'>Deus</span> <span class='ocrx_word' id='word_1_390' title='bbox 882 2582 964 2616; x_wconf 85' lang='lat' dir='ltr'>Noe</span> <span class='ocrx_word' id='word_1_391' title='bbox 980 2584 1003 2606; x_wconf 52' lang='lat'>³*</span> <span class='ocrx_word' id='word_1_392' title='bbox 1013 2586 1049 2617; x_wconf 86' lang='lat' dir='ltr'>et</span> <span class='ocrx_word' id='word_1_393' title='bbox 1061 2583 1165 2627; x_wconf 88' lang='lat' dir='ltr'>filiis</span> <span class='ocrx_word' id='word_1_394' title='bbox 1181 2584 1270 2626; x_wconf 87' lang='lat' dir='ltr'>eius,</span> <span class='ocrx_word' id='word_1_395' title='bbox 1290 2587 1325 2617; x_wconf 86' lang='lat' dir='ltr'>et</span> <span class='ocrx_word' id='word_1_396' title='bbox 1347 2584 1450 2617; x_wconf 75' lang='lat' dir='ltr'>dixit</span> <span class='ocrx_word' id='word_1_397' title='bbox 1473 2583 1526 2618; x_wconf 90' lang='lat' dir='ltr'>ad</span> <span class='ocrx_word' id='word_1_398' title='bbox 1546 2595 1615 2626; x_wconf 89' lang='lat' dir='ltr'>eos,</span> 
     </span>
     <span class='ocr_line' id='line_1_43' title="bbox 289 2639 1617 2684; baseline 0.001 -11"><span class='ocrx_word' id='word_1_399' title='bbox 289 2640 444 2674; x_wconf 75' lang='lat' dir='ltr'>Crescite</span> <span class='ocrx_word' id='word_1_400' title='bbox 470 2643 507 2673; x_wconf 87' lang='lat' dir='ltr'>et</span> <span class='ocrx_word' id='word_1_401' title='bbox 530 2639 843 2683; x_wconf 68' lang='lat' dir='ltr'>multiplicamini</span> <span class='ocrx_word' id='word_1_402' title='bbox 867 2644 903 2673; x_wconf 86' lang='lat' dir='ltr'>et</span> <span class='ocrx_word' id='word_1_403' title='bbox 924 2640 1057 2684; x_wconf 67' lang='lat' dir='ltr'>replete</span> <span class='ocrx_word' id='word_1_404' title='bbox 1082 2645 1249 2675; x_wconf 83' lang='lat' dir='ltr'>terram:</span> <span class='ocrx_word' id='word_1_405' title='bbox 1282 2644 1404 2674; x_wconf 77' lang='lat' dir='ltr'>terror</span> <span class='ocrx_word' id='word_1_406' title='bbox 1429 2645 1552 2674; x_wconf 80' lang='lat' dir='ltr'>vester</span> <span class='ocrx_word' id='word_1_407' title='bbox 1574 2652 1617 2675; x_wconf 88' lang='lat' dir='ltr'>ac</span> 
     </span>
     <span class='ocr_line' id='line_1_44' title="bbox 285 2698 1616 2744; baseline 0.002 -14"><span class='ocrx_word' id='word_1_408' title='bbox 285 2701 425 2731; x_wconf 77' lang='lat' dir='ltr'>tremor</span> <span class='ocrx_word' id='word_1_409' title='bbox 438 2698 489 2731; x_wconf 90' lang='lat' dir='ltr'>sit</span> <span class='ocrx_word' id='word_1_410' title='bbox 512 2700 626 2742; x_wconf 70' lang='lat' dir='ltr'>super</span> <span class='ocrx_word' id='word_1_411' title='bbox 641 2701 771 2732; x_wconf 86' lang='lat' dir='ltr'>cuncta</span> <span class='ocrx_word' id='word_1_412' title='bbox 788 2699 974 2733; x_wconf 82' lang='lat' dir='ltr'>animalia</span> <span class='ocrx_word' id='word_1_413' title='bbox 991 2702 1089 2733; x_wconf 77' lang='lat' dir='ltr'>terre</span> <span class='ocrx_word' id='word_1_414' title='bbox 1112 2703 1149 2733; x_wconf 88' lang='lat' dir='ltr'>et</span> <span class='ocrx_word' id='word_1_415' title='bbox 1171 2701 1286 2744; x_wconf 69' lang='lat' dir='ltr'>super</span> <span class='ocrx_word' id='word_1_416' title='bbox 1300 2710 1425 2733; x_wconf 89' lang='lat' dir='ltr'>omnes</span> <span class='ocrx_word' id='word_1_417' title='bbox 1447 2699 1616 2734; x_wconf 83' lang='lat' dir='ltr'>volucres</span> 
     </span>
     <span class='ocr_line' id='line_1_45' title="bbox 286 2754 1614 2801; baseline 0.003 -14"><span class='ocrx_word' id='word_1_418' title='bbox 286 2754 362 2796; x_wconf 87' lang='lat' dir='ltr'>celi,</span> <span class='ocrx_word' id='word_1_419' title='bbox 381 2765 463 2788; x_wconf 84' lang='lat' dir='ltr'>cum</span> <span class='ocrx_word' id='word_1_420' title='bbox 483 2756 672 2790; x_wconf 75' lang='lat' dir='ltr'>universis</span> <span class='ocrx_word' id='word_1_421' title='bbox 693 2767 764 2800; x_wconf 82' lang='lat' dir='ltr'>que</span> <span class='ocrx_word' id='word_1_422' title='bbox 780 2760 980 2791; x_wconf 73' lang='lat' dir='ltr'>moventur</span> <span class='ocrx_word' id='word_1_423' title='bbox 995 2757 1037 2790; x_wconf 85' lang='lat' dir='ltr'>in</span> <span class='ocrx_word' id='word_1_424' title='bbox 1055 2760 1183 2798; x_wconf 68' lang='lat' dir='ltr'>term,-</span> <span class='ocrx_word' id='word_1_425' title='bbox 1208 2767 1331 2790; x_wconf 89' lang='lat' dir='ltr'>omnes</span> <span class='ocrx_word' id='word_1_426' title='bbox 1348 2757 1469 2801; x_wconf 69' lang='lat' dir='ltr'>pisces</span> <span class='ocrx_word' id='word_1_427' title='bbox 1494 2759 1614 2792; x_wconf 84' lang='lat' dir='ltr'>maris</span> 
     </span>
    </p>
   </div>
   <div class='ocr_carea' id='block_1_7' title="bbox 1627 1081 1674 1105">
    <p class='ocr_par' dir='ltr' id='par_1_10' title="bbox 1627 1081 1674 1105">
     <span class='ocr_line' id='line_1_46' title="bbox 1627 1081 1674 1105; baseline 0.043 -2"><span class='ocrx_word' id='word_1_428' title='bbox 1627 1081 1674 1105; x_wconf 69' lang='lat'>10.</span> 
     </span>
    </p>
   </div>
   <div class='ocr_carea' id='block_1_8' title="bbox 1797 163 1880 206">
    <p class='ocr_par' dir='ltr' id='par_1_11' title="bbox 1797 163 1880 206">
     <span class='ocr_line' id='line_1_47' title="bbox 1797 163 1880 206; baseline -0.012 -1"><span class='ocrx_word' id='word_1_429' title='bbox 1797 163 1880 206; x_wconf 83' lang='lat'>343</span> 
     </span>
    </p>
   </div>
  </div>
 </body>
</html>
