2008 3305
231 207 317 236 CAP.
339 193 428 252 xv.]
709 206 854 237 L1BER
885 206 1083 239 PRIMUS.
1756 208 1835 251 133

115 322 214 364 4413]
228 319 342 357 talem
370 319 564 358 defectum
587 320 625 357 in
648 321 820 370 posteris.
878 321 929 359 Et
955 327 1060 370 patet
1088 319 1194 370 quod
1225 321 1256 358 si
1280 320 1387 358 Deus
1415 321 1556 359 sineret

226 395 440 427 creaturam
469 390 703 428 racionalem
736 403 889 428 movere
924 404 964 429 se
995 391 1110 428 libere
1141 391 1222 428 sine
1257 391 1470 440 coagencia
1498 391 1555 428 vel

225 459 499 497 necessitancia
528 460 577 497 ad
606 460 812 509 agendum,
838 468 929 499 ωηο
959 461 1073 498 simul
1100 468 1201 499 esset
1230 461 1381 499 liberior
1410 468 1447 498 et
1476 473 1556 499 non

223 529 388 576 liberior,
436 530 621 580 Deusque
660 531 877 569 stultissime
919 532 1171 570 commutabit
1219 531 1348 569 dando
1394 531 1556 580 gloriam

193 610 211 642 5
227 611 335 636 suam
355 599 498 637 fabrice
517 601 705 650 incapaci.

278 669 328 707 Et
357 677 545 720 quantum
576 671 625 708 ad
656 671 963 720 inculpacionem
993 671 1079 718 Dei,
1106 678 1212 721 patet
1243 671 1350 721 quod
1382 683 1463 708 non
1496 677 1554 709 est
1565 677 1816 739 ξΪ-ηξὲεὲὴᾱθοεεῖίῗοε

224 740 343 787 color,
380 740 411 777 si
444 740 552 778 Deus
585 740 675 779 facit
708 748 837 779 actum
870 742 1028 787 malum,
1064 742 1103 779 id
1136 747 1206 787 est,
1241 748 1372 779 actum
1406 741 1471 790 qui
1506 751 1622 778 exact,

224 810 375 848 defectu
407 811 621 859 peccatoris
655 824 746 849 cum
780 824 859 861 quo
895 812 1002 850 Deus
1036 812 1212 861 graciose
1247 811 1376 860 coagit
1409 817 1466 848 est
1501 811 1554 848 sic
1568 810 1680 836 butthe
1692 816 1739 837 act

1567 844 1689 870 whichb
1724 844 1771 870 the

223 881 357 927 malus,
388 881 495 930 quod
528 882 575 918 sit
603 882 692 920 inde
727 882 950 931 culpabilis;
986 883 1077 932 quia
1106 894 1187 919 non
1216 881 1305 919 facit
1335 881 1441 918 illum
1471 853 1806 919 esse2‘51111‘21'*‘⁵³‘7¹efault

1568 910 1696 938 becomes
1709 911 1772 937 evil.

172 963 211 987 10
223 951 381 997 malum,
414 963 503 989 cum
537 964 617 990 non
650 951 740 990 facit
774 965 844 990 nec
879 954 1084 991 auctorisat
1118 952 1305 990 moralem
1345 952 1551 999 maliciam,

222 1021 309 1059 licet
338 1021 450 1059 faciat
478 1022 686 1060 iustissime
715 1023 861 1060 malum
891 1035 1001 1072 pene.
1059 1023 1161 1061 Cum
1192 1035 1286 1072 ergo
1315 1034 1397 1059 non
1427 1028 1554 1072 potest

222 1092 362 1130 habere
379 1093 556 1142 superius
576 1094 647 1131 sibi
662 1093 882 1131 mercedem
905 1100 946 1131 ut
964 1093 1138 1131 servitori
1154 1094 1338 1138 tribuens,
1354 1093 1555 1142 quomodo

221 1163 359 1201 mereri
392 1164 532 1213 poterit
560 1164 618 1202 vel
657 1165 831 1213 culpari?
890 1163 928 1201 Si
968 1176 1061 1213 ergo
1099 1163 1220 1201 homo
1258 1169 1386 1213 potest
1428 1163 1554 1200 facere

221 1233 367 1270 malum
395 1235 505 1280 bene,
529 1241 676 1284 quanto
705 1235 828 1284 magis
857 1234 930 1272 hoc
958 1235 1173 1273 invenietur
1200 1234 1239 1271 in
1259 1234 1410 1271 iusticia
1436 1246 1554 1271 coex-

170 1317 207 1349 15
223 1304 427 1353 emplante,
457 1317 532 1354 que
564 1317 645 1342 non
675 1311 801 1354 potest
832 1304 958 1343 facere
991 1306 1139 1342 bonum
1169 1304 1281 1342 male.
1338 1303 1431 1341 Non
1460 1317 1555 1354 ergo

222 1380 322 1411 esset
343 1374 450 1412 Deus
477 1375 733 1424 increpandus
760 1382 918 1425 propter
938 1382 1067 1413 actum
1086 1375 1231 1412 malum
1251 1375 1459 1420 moraliter,
1480 1375 1554 1412 nisi

221 1444 362 1482 faceret
382 1445 488 1482 illum
503 1445 722 1490 formaliter,
741 1452 777 1482 et
798 1458 877 1483 non
902 1445 1026 1483 solum
1046 1452 1086 1482 ut
1107 1445 1274 1482 efficiens
1294 1446 1554 1483 extrinsecum

221 1515 300 1553 sive
333 1522 484 1562 motor,·
529 1522 620 1553 tunc
658 1516 762 1553 enim
800 1515 976 1553 faciendo
1016 1522 1145 1553 actum
1183 1515 1456 1553 fornicacionis
1489 1523 1554 1553 aut

220 1586 378 1635 peccati,
415 1586 603 1624 subiceret
635 1598 674 1623 se
710 1586 920 1623 formaliter
954 1586 1006 1623 illi
1045 1587 1146 1623 actui
1186 1586 1442 1624 fornicando:
1485 1586 1552 1624 sed
1568 1590 1614 1616 He
1627 1594 1788 1622 c06perates

1566 1623 1634 1650 with
1647 1624 1694 1649 the
1708 1624 1802 1650 sinner

168 1670 209 1692 20
221 1657 396 1706 graciose
425 1663 625 1694 conservat
654 1657 785 1694 omnia
814 1657 998 1694 naturalia
1028 1657 1082 1694 sic
1112 1657 1272 1706 agentis,
1303 1663 1340 1694 et
1369 1657 1415 1694 de
1444 1663 1551 1695 tanto
1565 1666 1596 1683 ⁵0
1609 1658 1650 1682 far
1663 1657 1725 1683 that
1737 1658 1774 1683 he

1565 1700 1597 1716 su
1638 1696 1694 1716 orts
1708 1690 1751 1716 his

177 1727 352 1766 cdicitur
381 1727 581 1764 causaliter
609 1739 772 1775 coagere
803 1738 893 1764 cum
922 1727 1072 1765 eodem.
1129 1727 1180 1764 Et
1205 1728 1257 1764 sic
1285 1727 1401 1765 credo
1424 1726 1442 1746 *
1459 1728 1551 1766 doc·
1564 1700 1833 1757 naffifalexsstenoer

218 1803 342 1835 torem
397 1797 607 1846 intelligere
655 1797 772 1847 quod,
822 1797 852 1834 si
900 1797 1008 1835 Deus
1055 1798 1269 1846 impelleret
1317 1798 1553 1836 voluntatem

219 1867 452 1917 apponendo
472 1868 547 1904 vim
567 1867 625 1904 vel
646 1867 881 1916 applicando
911 1880 1019 1905 suam
1041 1869 1217 1905 virtutem
1240 1868 1288 1906 ad
1308 1869 1553 1918 coagendum

218 1939 379 1976 univoce
415 1945 544 1976 actum
577 1938 734 1984 malum,
770 1945 859 1976 ωηο
899 1946 1030 1988 ageret
1061 1939 1212 1977 viciose.
1273 1939 1389 1978 Nunc
1425 1947 1553 1977 autern

166 2023 204 2054 25
219 2008 384 2046 illabitur
413 2009 618 2057 peccatori,
642 2020 875 2046 conservans
896 2021 985 2046 eum
1006 2014 1042 2046 et
1063 2021 1221 2047 omnem
1248 2016 1376 2047 actum
1407 2011 1551 2047 malum

218 2090 334 2128 quem
355 2079 553 2127 approbat,
577 2078 673 2116 sicut
694 2085 730 2116 et
759 2079 927 2116 animam
948 2091 1065 2128 quam
1093 2086 1205 2126 creat,
1231 2086 1269 2117 et
1295 2092 1439 2127 semen,
1462 2092 1551 2117 cum

217 2150 391 2198 parcium
422 2149 583 2197 agencia
614 2149 776 2186 naturali
793 2162 802 2196 ;
844 2156 882 2187 et
914 2156 1045 2187 tamen
1077 2150 1361 2187 deformitatem
1394 2151 1433 2188 in
1468 2151 1550 2188 istis
1563 2155 1829 2194 ‚butthedesormity

1562 2198 1570 2214 l
1625 2199 1632 2214 l

217 2219 367 2256 entibus
401 2219 572 2268 positivis
610 2231 683 2257 nec
717 2219 807 2256 facit
841 2231 911 2257 nec
943 2221 1146 2269 approbat,
1179 2221 1269 2270 quia
1299 2227 1388 2258 tunc
1422 2227 1550 2258 essent
1562 2190 1829 2250 AEarssgffgrnexther

218 2295 404 2336 creature,
446 2301 608 2339 quarum
647 2301 730 2327 esse
772 2289 942 2338 primum
981 2289 1080 2327 foret
1118 2291 1269 2328 bonum
1307 2290 1356 2328 de
1398 2265 1706 2340 generffiapproves.

164 2374 205 2405 30
219 2358 376 2397 Movere
398 2372 492 2408 ergo
512 2359 586 2396 Dei
607 2359 665 2396 vel
694 2359 819 2397 facere
840 2359 935 2397 tales
955 2366 1062 2398 actus
1089 2372 1169 2398 non
1193 2367 1250 2398 est
1277 2361 1349 2398 nisi
1377 2361 1549 2410 graciose

217 2442 442 2468 conservare
464 2430 724 2468 substanciam
741 2430 794 2467 sic
810 2437 1000 2480 agentem,
1017 2431 1273 2480 approbando
1290 2432 1549 2469 substanciam

217 2507 335 2547 actus,
365 2501 461 2537 sicut
490 2500 668 2549 producit
698 2500 869 2537 animam
902 2500 942 2536 in
977 2501 1124 2538 semine
1155 2501 1412 2547 adulterantis,
1443 2503 1549 2552 quod

217 2582 350 2607 semen
384 2570 501 2608 lineat
531 2582 579 2608 eo
610 2571 694 2619 ipso
725 2570 831 2619 quod
863 2577 999 2608 natura
1030 2578 1157 2608 creata
1195 2572 1418 2609 naturaliter
1455 2573 1549 2610 illud

216 2639 317 2677 facit.
372 2639 411 2676 Si
432 2640 525 2689 ergo
546 2653 625 2678 non
646 2646 890 2678 concurreret
911 2653 999 2678 cum
1021 2648 1109 2678 actu
1130 2641 1259 2690 aliquo
1280 2649 1451 2680 creature
1472 2643 1546 2681 hoc

250 2746 272 2767 3·
294 2738 363 2761 esset
377 2736 399 2761 B
411 2735 449 2761 C:
470 2739 511 2761 est
524 2736 556 2761 A.
703 2746 725 2768 4.
745 2737 869 2769 deusque
884 2736 905 2762 B
918 2744 922 2763 :
944 2737 1013 2762 deus
1026 2736 1102 2769 quod
1113 2737 1137 2762 A
1147 2737 1179 2763 C.
1326 2739 1348 2763 8.
1370 2747 1425 2770 quo
1439 2747 1492 2764 om.
1510 2739 1541 2764 Β.

217 2779 254 2800 14.
276 2769 443 2794 invenietur
460 2769 533 2795 AC:
560 2770 743 2796 inveniretur
763 2770 792 2796 B.
975 2780 1014 2803 23.
1037 2771 1212 2803 coagendmn
1232 2771 1254 2796 B
1266 2770 1306 2798 C:
1331 2772 1488 2805 cogendmn
1507 2773 1540 2798 A.

216 2811 256 2834 25.
277 2804 441 2834 llpeccatorz'
453 2803 475 2828 Β
490 2803 507 2828 f.
524 2812 571 2836 232
586 2811 609 2829 B.
