2095 3278
208 205 292 260 362

401 1076 478 1109 XX.

214 1133 277 1160 The
290 1132 409 1166 original

213 1167 339 1199 lordship
350 1167 381 1192 of
387 1165 480 1191 Adam

214 1209 271 1227 was
284 1198 472 1227 inabdicable.

855 214 1060 248 RICARm
1093 214 1395 247 ARMACHANI
1863 201 1965 260 [Lm.
1983 216 2032 245 11.

489 318 680 364 ambigere
698 318 785 364 quin
801 318 1007 354 dominium
1020 319 1118 355 istud
1136 331 1210 355 non
1227 319 1408 354 diminute
1427 323 1482 353 set
1501 317 1641 363 integre
1654 316 1721 353 fuit
1738 323 1816 352 tam
1831 322 1922 365 [2113

489 377 618 423 primis
636 377 772 413 nostris
790 378 1003 422 parentibus
1028 389 1140 423 quam
1166 378 1338 412 omnibus
1359 376 1517 422 posteris
1544 376 1650 411 iustis
1674 376 1816 420 integre

488 435 719 479 restitutum;
748 435 929 481 quamvis,
949 435 1071 480 quoad
1089 435 1241 470 modum
1259 435 1380 480 ipsum
1398 434 1605 469 dominium
1623 433 1815 469 exercendi

489 493 567 528 sive
583 494 735 528 modum
753 494 862 528 rebus
880 494 1019 536 utendi,
1033 495 1150 529 fuerat
1169 493 1404 528 imminutum
1421 499 1483 527 aut
1498 492 1619 527 verius
1637 502 1816 536 aggrava-

488 556 568 585 tum
587 562 595 594 ;
621 551 746 594 immo,
764 558 803 587 ut
820 551 947 596 apcius
965 552 1126 597 eloquar,
1145 551 1315 597 quamvis
1333 550 1465 585 modus
1482 550 1676 585 exercendi
1696 550 1817 594 ipsum
1832 557 1849 589 5

488 608 696 644 dominium
710 621 777 654 pro
794 621 891 655 pena
909 609 1051 655 peccati
1078 610 1197 645 fuerat
1221 615 1453 653 aggravatus,
1472 608 1571 643 iuxta
1595 608 1683 642 illud
1701 607 1817 642 Eccli.

488 667 534 701 xl.
564 676 594 711 1,
613 676 658 702 2:
697 668 899 713 Occupacw
925 679 1066 714 magna
1094 671 1150 702 est
1177 668 1346 702 omnibus
1370 666 1593 708 hominibus,
1624 670 1660 700 et
1683 666 1816 711 iugum

483 735 609 770 grave
624 728 738 770 super
747 726 856 770 filios
872 726 1012 768 Adam,
1030 725 1050 746 ’¹‘
1069 738 1093 760 a
1110 726 1169 760 die
1185 726 1309 759 exitus
1325 725 1369 759 de
1385 728 1515 759 ventre
1531 725 1666 758 matris
1690 734 1817 758 eorum
1833 726 1861 755 G

490 793 606 826 usque
636 783 678 816 in
718 784 815 817 diem
848 784 1038 828 sepulture
1070 784 1112 817 in
1146 786 1304 817 matrem
1338 783 1507 817 omnium
1522 794 1535 816 .·
1576 783 1820 827 cogz'tacz'ones

489 851 629 883 eorum,
655 841 806 875 timores
831 842 960 885 cordis,
980 842 1275 883 adinvencz'ones‚
1296 841 1576 885 expectaczbnes,
1601 843 1637 873 et
1659 839 1737 873 dies
1760 839 1818 873 de·
1831 842 1973 868 tumores
1989 845 2022 869 B.

479 897 722 943 funccioniae
746 904 781 933 et
800 899 894 934 infra
912 899 1049 942 statim,
1067 900 1197 933 Furor
1212 903 1248 933 et
1263 899 1376 941 zelus,
1395 898 1591 940 tumultus,
1598 897 1818 942 fluctuacz'o,
1830 908 1894 929 ver.
1909 908 1939 938 4.

490 961 527 991 et
541 958 658 991 timor
671 958 812 1000 mortis,
827 958 1028 992 iracundia
1038 960 1297 1002 perseverans,
1314 960 1351 991 et
1365 957 1558 990 contencio.

540 1067 770 1102 IOHANNES.
806 1067 879 1102 Dic
896 1078 944 1101 an
964 1066 1062 1102 istud
1080 1066 1256 1111 originale
1274 1065 1491 1109 dominium,
1510 1066 1609 1111 quod
1627 1065 1820 1101 ostendisti

492 1123 529 1158 in
555 1124 679 1158 Adam
705 1124 902 1160 iustificato
927 1131 963 1160 et
991 1125 1028 1159 in
1056 1125 1210 1169 singulis
1236 1124 1314 1160 eius
1341 1123 1425 1158 filiis
1447 1122 1533 1160 oriri
1552 1135 1618 1168 per
1642 1123 1819 1168 graciam,

491 1181 608 1227 possit
626 1182 675 1217 ab
693 1182 816 1227 aliquo
834 1183 1011 1217 abdicari.
1836 1183 1873 1215 I5

540 1241 769 1275 RICARDUS.
798 1240 914 1275 Michi
933 1240 1077 1276 videtur
1090 1240 1188 1286 quod
1200 1240 1299 1275 istud
1314 1239 1531 1282 dominium,
1544 1238 1629 1284 quia
1642 1246 1698 1274 est
1712 1239 1821 1284 origi-

493 1295 587 1339 nale,
599 1306 673 1330 non
686 1302 807 1341 potest
822 1297 869 1331 ab
883 1296 1018 1341 aliquo,
1031 1302 1177 1331 servata
1189 1295 1343 1338 iusticia,
1354 1294 1537 1339 abdicari3
1557 1294 1650 1330 sicut
1664 1300 1819 1340 possunt

493 1353 659 1388 dominia
681 1353 847 1398 positivis
869 1354 1010 1398 legibus
1033 1353 1223 1399 acquisita.
1274 1354 1398 1388 Nemo
1419 1352 1519 1388 enim
1543 1352 1659 1387 iustus
1682 1359 1738 1387 est
1756 1352 1817 1397 qui

494 1411 589 1446 iuste
614 1411 730 1456 possit
749 1411 868 1447 facere
887 1412 986 1457 quod
1005 1423 1063 1447 res
1081 1411 1142 1446 hic
1161 1417 1283 1446 create
1301 1410 1451 1445 inferius
1474 1421 1549 1444 non
1568 1416 1652 1445 sunt
1670 1417 1820 1455 propter

492 1480 580 1504 eum
603 1476 749 1513 create3
776 1481 845 1505 nec
870 1476 990 1515 potest
1017 1469 1112 1505 iuste
1137 1470 1260 1504 facere
1287 1468 1375 1514 quin
1400 1480 1467 1513 per
1490 1474 1663 1503 naturam
1687 1469 1820 1503 iustam
1837 1479 1878 1501 20

495 1527 631 1561 habeat
655 1527 914 1562 auctoritatem
939 1527 993 1562 eis
1020 1527 1160 1570 utendi,
1180 1527 1264 1562 licet
1290 1538 1356 1571 pro
1374 1533 1461 1561 voto
1483 1538 1549 1561 suo
1575 1526 1629 1561 eis
1646 1526 1746 1561 varie
1771 1526 1823 1561 uti

495 1585 612 1629 possit
633 1584 686 1629 (ut
705 1585 798 1619 infra
816 1585 972 1630 patebit)
995 1591 1031 1620 et
1056 1584 1178 1630 ipsum
1199 1584 1405 1619 dominium
1426 1585 1580 1629 perdere
1603 1595 1670 1629 per
1692 1596 1824 1629 pecca-

495 1648 586 1677 tum.
637 1643 750 1678 Unde
776 1642 875 1677 istud
898 1643 1105 1678 dominium
1127 1655 1196 1678 nec
1212 1643 1323 1678 vendi
1349 1649 1469 1687 potest
1490 1654 1560 1678 nec
1580 1642 1721 1686 donari,
1739 1654 1825 1677 cum

495 1711 570 1735 non
588 1700 705 1745 possit
725 1700 762 1734 in
779 1712 1006 1746 quemquam
1031 1701 1243 1737 transferri:
1272 1701 1425 1747 quilibet
1448 1701 1548 1736 enim
1569 1700 1686 1736 iustus
1704 1700 1824 1735 domi-

496 1757 600 1792 nium
628 1757 727 1792 istud
753 1758 876 1802 habet,
895 1765 932 1793 et
958 1759 1042 1794 ideo
1072 1758 1190 1794 iustus
1220 1760 1268 1794 ab
1294 1759 1366 1794 alio
1392 1770 1468 1793 non
1493 1765 1615 1804 potest
1641 1759 1730 1793 illud
1755 1769 1823 1794 nec
1839 1767 1877 1799 25

496 1815 690 1860 empcione
716 1827 784 1851 nec
810 1816 1016 1851 donacione
1041 1817 1227 1861 recipere3
1258 1829 1327 1852 nec
1353 1817 1498 1862 impius,
1524 1816 1611 1862 quia
1636 1817 1724 1851 illud
1750 1828 1823 1852 non

494 1873 619 1917 habet,
639 1885 713 1908 non
731 1880 853 1918 potest
872 1874 960 1909 illud
974 1875 1134 1909 vendere
1152 1881 1215 1909 aut
1233 1875 1392 1910 emendo
1410 1874 1586 1920 recipere,
1605 1886 1691 1910 cum
1711 1874 1825 1919 (iuxta

497 1931 698 1976 premissa)
717 1931 796 1966 sine
814 1931 961 1967 iusticia
979 1944 1053 1966 non
1073 1933 1119 1967 sit
1138 1944 1255 1977 capax
1273 1932 1398 1978 ipsius.

545 1990 635 2024 IOH.
664 1991 742 2024 Ista
759 1989 918 2025 breviter
935 1990 1101 2035 accipio:
1131 1997 1185 2025 set
1205 1990 1292 2036 quid
1314 1991 1343 2025 si
1363 1991 1561 2036 quisquam
1579 1992 1637 2026 vel
1655 2003 1699 2026 ex
1723 2002 1823 2026 com-

494 2047 665 2092 plexione
691 2053 862 2092 corrupta
878 2049 936 2082 vel
953 2060 997 2083 ex
1023 2048 1163 2083 lesione
1189 2048 1225 2082 in
1251 2055 1419 2083 materno
1437 2055 1541 2083 utero
1566 2056 1629 2084 aut
1655 2061 1699 2084 ex
1725 2060 1822 2083 com-
1836 2062 1878 2093 30

495 2104 676 2149 plexionis
699 2117 763 2140 sue
786 2112 918 2140 natura
936 2106 1057 2140 fatuus
1081 2107 1321 2141 nasceretur?
1369 2106 1472 2141 Talis
1496 2108 1607 2141 homo
1633 2118 1767 2151 rerum,
1785 2114 1824 2142 ut

495 2163 651 2206 videtur,
671 2162 876 2197 dominium
894 2175 968 2198 non
988 2164 1152 2208 haberet,
1172 2175 1256 2198 cum
1274 2165 1383 2199 rebus
1402 2164 1452 2199 uti
1473 2175 1548 2198 non
1567 2171 1703 2209 posset.

542 2222 631 2256 ch.
659 2221 756 2265 Quia
788 2220 826 2254 in
861 2220 937 2264 tali,
965 2228 1166 2266 postquam
1199 2221 1363 2266 graciam
1397 2222 1572 2267 baptismi
1607 2222 1821 2267 susciperet,

495 2284 595 2313 esset
620 2277 746 2313 anima
768 2278 965 2313 racionalis
992 2279 1099 2321 iusta,
1119 2279 1323 2313 secundum
1340 2291 1452 2324 quam
1476 2281 1588 2314 homo
1609 2280 1657 2314 ad
1679 2280 1822 2325 ymagi-

495 2347 581 2371 nem
599 2342 635 2371 et
654 2335 932 2371 similitudinem
952 2336 1022 2372 Dei
1041 2344 1119 2372 erat
1136 2337 1266 2381 factus,
1280 2345 1315 2372 et
1334 2337 1452 2372 eciam
1470 2344 1621 2382 propter
1633 2339 1747 2373 talem
1765 2350 1822 2373 res
1837 2349 1876 2380 35

495 2394 592 2428 facte
618 2394 787 2437 fuerunt3
819 2393 855 2427 in
883 2393 964 2438 ipso
993 2400 1090 2429 esset
1119 2395 1192 2429 tale
1222 2395 1398 2439 originale
1424 2395 1641 2439 dominium,
1666 2396 1751 2430 licet
1776 2395 1824 2430 de

495 2452 594 2486 facto
613 2463 719 2486 usum
738 2451 893 2486 dominii
912 2452 1050 2486 habere
1070 2463 1142 2486 non
1160 2459 1285 2496 posset
1302 2465 1309 2487 :
1337 2453 1388 2488 ita
1405 2453 1504 2488 enim
1528 2465 1586 2488 res
1608 2460 1823 2497 assumeret,

496 2510 596 2544 velut
614 2510 761 2544 brutum
777 2521 785 2553 ;
815 2509 851 2544 in
870 2521 913 2544 eo
932 2516 1056 2544 tamen
1076 2509 1264 2554 originalis
1283 2511 1410 2545 utendi
1429 2511 1630 2546 auctoritas
1654 2523 1822 2546 remane-

496 2573 562 2602 ret.
614 2568 724 2611 Quod
741 2579 785 2602 ex
803 2568 875 2602 hoc
892 2567 1030 2612 liquide
1048 2575 1168 2612 potest
1192 2580 1380 2613 apparere,
1399 2570 1510 2614 quod,
1530 2569 1559 2604 si
1584 2581 1650 2614 per
1672 2569 1822 2603 medici-

497 2636 587 2665 nam
611 2625 687 2659 sive
709 2636 775 2669 per
799 2625 1016 2659 miraculum
1043 2625 1306 2661 discrecionem
1331 2627 1528 2672 acciperet,
1547 2627 1822 2672 impedimentis
1835 2641 1878 2671 40

498 2682 732 2717 discernendi
766 2684 1016 2727 corporalibus
1044 2684 1276 2729 propulsatis,
1307 2686 1417 2719 rebus
1445 2685 1539 2720 iuste
1574 2697 1638 2720 seu
1666 2685 1821 2720 auctori-

499 2741 661 2776 zabiliter
679 2741 729 2775 uti
749 2748 894 2786 posset3
922 2748 957 2776 et
977 2748 1100 2776 tamen
1124 2743 1223 2776 nulla
1241 2753 1306 2787 per
1329 2743 1560 2778 amocionem
1582 2743 1822 2788 impedimen-

499 2806 619 2834 torum
638 2799 744 2835 huius
763 2800 810 2835 ad
829 2811 935 2834 usum
953 2799 1152 2835 auctoritas
1170 2801 1392 2846 preberetur,
1406 2801 1487 2836 licet
1507 2812 1619 2836 causa
1637 2814 1658 2836 a
1677 2801 1820 2836 medico
