2008 3305
217 235 303 264 CAP.
326 221 412 279 111.]
676 233 820 265 LIBER
852 233 1076 265 TERTIUS.
1737 236 1787 266 22
1793 237 1817 278 3

98 350 195 393 77B]
212 353 341 384 tamen
365 358 466 384 nunc
486 352 523 384 et
544 358 693 396 semper
711 353 767 384 est
794 347 1000 385 dominans
1019 347 1254 394 Antichristi,
1278 348 1367 397 quia
1389 360 1539 397 semper

211 422 267 454 est
282 416 342 453 ille
359 416 539 453 dominus
551 416 616 466 qui
632 428 702 454 suo
717 423 892 466 ternpore
912 423 989 454 tarn
1006 416 1243 455 Antichristo
1259 429 1375 466 quam
1388 418 1541 455 cuilibet

210 486 317 523 alteri
338 485 566 523 dominatur.
608 486 715 532 Ideo,
733 492 772 523 ut
792 494 980 524 noverunt
1000 487 1179 535 sophiste‚
1201 487 1304 524 aliud
1324 493 1381 524 est
1403 487 1540 533 dicere,

210 555 318 593 Deus
344 568 414 605 pro
440 555 515 593 hoc
535 555 689 593 instanti
716 556 933 593 dominatur
951 556 1199 602 Antichristo,
1221 562 1258 594 et
1285 557 1360 594 Pro
1386 557 1462 594 hoc
1483 557 1539 593 in-

179 639 196 671 5
212 626 324 663 stanti
340 633 397 663 est
412 625 617 663 dominans
637 625 890 664 Antichristo:
913 638 1004 663 nam
1024 627 1063 663 in
1085 627 1254 664 secunda
1265 628 1539 676 proposicione

208 702 335 746 potest
355 696 404 733 ad
423 698 581 733 verbum
602 696 855 734 determinare
882 697 1142 735 indifferenter
1154 699 1313 734 verbum
1337 698 1396 735 vel
1427 709 1540 734 suurn

208 766 448 815 principium,
469 772 506 803 et
520 766 608 803 hinc
629 772 757 815 potest
773 767 990 815 proposicio
1010 767 1094 816 capi
1111 767 1159 804 ad
1175 767 1366 816 duplicem
1383 780 1539 805 sensum

207 837 454 885 equivocum;
487 837 555 874 sed
575 837 613 873 in
633 837 758 885 prima
773 837 1044 886 proposicione
1064 843 1120 874 est
1141 836 1189 874 ad
1209 838 1367 875 unicum
1383 850 1539 876 sensum

207 907 496 945 determinabile
516 906 739 944 limitatum:
771 907 837 944 sed
857 919 994 955 parum
1014 907 1127 945 nobis
1148 908 1219 945 ista
1240 908 1436 946 subtilitas.

156 988 195 1010 10
262 977 404 1015 Tercio
435 977 564 1026 colligi
594 983 720 1025 potest
748 989 797 1014 ex
831 976 902 1014 hiis
932 977 1042 1014 dictis
1071 984 1108 1014 et
1139 978 1312 1015 dicendis
1347 979 1536 1027 posterius
1549 986 1679 1019 c.Every
1692 986 1801 1046 btffsed

206 1047 313 1096 quod
345 1047 472 1085 omnis
505 1052 679 1084 creatura
712 1047 824 1084 beata
857 1059 926 1096 per
959 1059 1096 1085 manus
1128 1047 1355 1086 Mediatoris
1388 1048 1462 1086 Dei
1501 1055 1537 1087 et
1549 1026 1818 1113 ἓὲῗέἓῗάῑὲἷοῖἧῖζῖ

206 1117 408 1155 hominum
428 1116 583 1154 habebit
603 1117 733 1154 omnia
749 1129 759 1163 3
788 1117 917 1155 Deum
940 1129 1056 1167 supra
1076 1130 1117 1156 se
1137 1126 1178 1156 ut
1202 1119 1417 1165 dominum,
1440 1132 1536 1157 con·
1552 1109 1817 1147 Mediat0t0fG0d·

206 1187 306 1225 cives
332 1194 373 1224 ut
396 1187 533 1232 socios,
555 1193 592 1224 et
622 1187 753 1224 omnia
778 1187 851 1224 alia
874 1187 1090 1237 possidebit
1120 1195 1319 1238 tamquam
1346 1190 1535 1226 subservi-

205 1263 308 1294 tores
334 1257 513 1295 cedentes
537 1257 591 1294 eis
618 1257 667 1294 ad
690 1257 852 1305 gloriam
865 1270 874 1303 ;
905 1264 942 1295 et
971 1258 1024 1295 sic
1048 1270 1184 1296 omnes
1205 1265 1242 1296 et
1267 1259 1406 1308 singuli
1427 1266 1537 1297 erunt

155 1334 191 1366 15
206 1339 329 1376 reges,
358 1328 501 1364 heredes
533 1327 613 1364 Dei
638 1332 671 1364 el
700 1328 884 1364 coheredes
922 1326 1080 1375 Christi,
1113 1328 1298 1366 habentes
1333 1330 1464 1367 omnia
1497 1330 1535 1366 in

205 1399 414 1436 communi.
481 1397 585 1435 Nam
620 1398 725 1435 iuxta
759 1398 860 1436 dicta
891 1399 1070 1447 proximo
1103 1399 1283 1448 capitulo,
1318 1399 1427 1437 Deus
1457 1413 1537 1438 non

204 1475 331 1518 potest
352 1468 496 1506 donare
517 1468 659 1518 aliquid
680 1474 853 1505 creature
874 1469 943 1505 nisi
961 1469 1221 1518 principaliter
1241 1470 1304 1506 det
1325 1482 1364 1507 se
1386 1471 1535 1519 ipsum:

205 1538 373 1588 quelibet
407 1550 501 1587 ergo
533 1545 705 1575 creatura
739 1539 853 1575 beata
885 1539 1034 1587 optimo
1067 1540 1186 1576 modo
1217 1540 1389 1588 possibili
1422 1540 1539 1577 habet

204 1607 343 1645 Deum.
411 1608 461 1645 Et
491 1608 521 1645 si
559 1608 645 1645 iusti
684 1608 820 1646 viantis
852 1609 926 1646 sint
957 1610 1100 1654 omnia,
1134 1610 1255 1647 multo
1289 1611 1413 1659 magis
1451 1611 1538 1648 iusti

152 1689 192 1711 20
204 1678 367 1715 membri
398 1677 550 1724 Christi,
580 1690 669 1715 cum
699 1679 825 1727 capite
855 1680 1139 1728 conregnantis.
1197 1679 1312 1717 Unde
1342 1680 1539 1718 habebunt

203 1749 353 1785 titulum
382 1748 500 1785 dandi
524 1748 594 1786 sibi
621 1749 818 1797 reciproce
849 1749 1124 1786 beatitudinem
1154 1751 1413 1797 subiectivam,
1434 1752 1539 1789 iuxta

163 1818 294 1856 cillud
325 1817 420 1856 Luc.
449 1819 494 1855 vi.
527 1820 588 1866 38,
612 1817 630 1838 *
652 1818 877 1856 Mensuram
908 1819 1046 1865 bonam,
1077 1826 1159 1865 etc.,
1182 1820 1324 1857 dabunt
1349 1822 1387 1857 z'n
1416 1823 1539 1859 sinum

203 1893 374 1926 vestrum.
432 1888 482 1925 Et
502 1894 605 1938 patet
626 1889 731 1938 quod
755 1889 914 1926 affluens
935 1896 970 1926 et
990 1890 1314 1928 communicativa
1334 1898 1389 1928 est
1410 1891 1538 1929 divina

203 1959 364 2004 bonitas,
386 1970 475 1996 cum
495 1970 566 2008 pro
587 1959 803 1997 donacione
835 1960 1054 1998 munusculi
1081 1962 1347 1998 momentanei
1368 1962 1535 2008 viatoris,

151 2045 188 2076 25
203 2029 308 2078 quod
335 2035 530 2078 gratanter
558 2028 605 2066 de
633 2029 798 2078 propriis
826 2030 964 2078 accipit
991 2038 1028 2067 et
1048 2031 1189 2068 excitat
1218 2031 1267 2068 ad
1296 2032 1534 2078 donandum,

203 2099 366 2136 redonat
398 2098 545 2136 donum
582 2100 795 2137 maximum
834 2100 1017 2149 possibile
1053 2101 1297 2149 sempiterne,
1333 2103 1423 2151 quia
1456 2109 1535 2140 tam

201 2169 483 2206 universitatem
512 2175 679 2206 creatam
709 2181 826 2219 quam
847 2170 970 2207 eciam
1001 2177 1122 2208 semet
1145 2171 1284 2220 ipsum.
1341 2172 1391 2209 Et
1419 2179 1533 2222 patet,
1548 2186 1591 2224 fro
1602 2185 1664 2212 God
1678 2186 1816 2212 therefore

203 2238 402 2276 intellectis
435 2239 607 2276 terminis
641 2245 678 2276 et
707 2239 996 2287 significacione
1026 2252 1094 2277 sua
1123 2243 1398 2290 propriissima,
1429 2243 1534 2291 quod
1548 2221 1800 2286 {Ssgr'iiffetdpiffffgialff

206 2307 399 2357 Scriptura
429 2308 624 2357 signanter
654 2309 831 2357 exprimit
858 2309 1127 2347 liberalitatem
1162 2311 1236 2349 Dei
1271 2313 1343 2349 sub
1375 2314 1534 2350 nomine
1546 2286 1652 2312 ficenoe

151 2389 192 2419 30
204 2378 485 2427 magnzficencz'e,
506 2385 547 2416 ut
576 2378 691 2415 Deut.
713 2379 828 2415 xxxii.
851 2392 886 2427 3,
909 2392 944 2425 4,
966 2379 1065 2416 Date
1084 2382 1403 2431 magnificenciam
1422 2382 1501 2420 Deo
1514 2397 1533 2427 ,-

204 2447 285 2484 Dez'
290 2449 458 2498 perfecta
477 2452 565 2485 sunt
582 2455 704 2497 opera.
762 2449 866 2487 Nam
886 2462 933 2487 ex
955 2456 1090 2500 quarto
1111 2451 1346 2499 Ethieorum,
1366 2453 1533 2502 capitulo
1547 2462 1586 2494 by
1597 2462 1688 2488 virtue
1701 2463 1789 2489 ofthe

1546 2496 1701 2527 perfection
1714 2497 1746 2523 of
1755 2497 1798 2523 his

472 2548 491 2564 a
1112 2550 1132 2567 a
1262 2551 1282 2568 a
1547 2529 1625 2561 gifts.

240 2573 282 2598 16.
302 2572 392 2597 iuxta
414 2571 482 2604 (iux
493 2572 512 2604 ),
536 2571 576 2598 ita
594 2572 623 2599 in
647 2573 675 2599 D
700 2578 871 2600 correctum:
896 2574 1018 2606 inquam
1042 2574 1147 2606 (inqm)
1164 2575 1199 2606 A,
1219 2575 1303 2608 (inq)
1323 2576 1353 2615 Bu,
1371 2575 1485 2615 (z'pqud)
1503 2577 1534 2604 C.

205 2606 360 2665 ffeSz'nt·A
369 2605 391 2631 C
405 2611 413 2643 ξ
429 2609 499 2664 sunl}
514 2605 545 2631 B.
795 2609 834 2633 28.
857 2609 865 2637 ΙΙ
876 2610 904 2634 et
915 2608 1081 2640 szgnacz'one
1094 2608 1116 2633 B
1130 2608 1147 2634 f.
1163 2610 1212 2641 246
1223 2617 1249 2634 D.
1321 2611 1535 2642 szgnficacz‘one

275 2645 282 2665 ε
299 2646 462 2670 segnacmne
501 2658 507 2665 .

252 2715 302 2737 10.
326 2706 376 2738 Cf.
394 2706 434 2738 de
452 2706 512 2738 eiV.
529 2707 629 2738 Dom.
646 2708 667 2738 i.
687 2714 703 2748 7
721 2708 854 2749 passim.

254 2766 302 2797 15.
328 2757 424 2788 Rom.
442 2758 510 2789 viii.
531 2765 579 2799 17.
1059 2759 1108 2793 16.
1134 2761 1174 2793 V.
1193 2771 1300 2803 supra,
1319 2773 1351 2804 p.
1371 2769 1443 2804 207.

251 2817 302 2847 31.
328 2808 427 2840 Arist.
446 2808 522 2840 Eth.
541 2809 673 2842 Nicom.
691 2810 733 2841 iv.
750 2819 771 2850 4
787 2821 819 2851 p.
842 2819 934 2842 1122.
