2008 3305
156 208 237 248 188

152 1187 190 1215 iii.
213 1189 251 1222 by
264 1188 342 1216 saith.

153 1901 174 1920 c.
196 1892 221 1919 Α
222 1892 384 1926 pplz'cation

153 1931 181 1953 to
196 1928 242 1952 llze
257 1925 340 1953 main

151 1963 315 1993 argument.

827 216 892 249 DE
922 217 1142 250 DOMINIO
1172 217 1348 250 D1v1No
1560 197 1672 264 [CAP.
1695 218 1758 249 111.

430 329 481 369 Et
502 344 569 381 per
584 331 695 369 istam
716 332 1006 370 distinccionem
1027 340 1187 382 possunt
1208 334 1302 371 solvi
1321 333 1525 382 Scripture,
1542 334 1614 371 Ex.
1627 333 1758 371 xxxiii.
1774 334 1875 376 [6413

434 415 494 447 20,
515 403 608 440 Non
637 403 773 440 videbit
800 416 852 440 me
881 404 983 440 lzomo
1011 408 1045 439 el
1070 405 1195 446 vz'vet‚·
1226 410 1263 440 et
1284 403 1367 440 Ioh.
1388 404 1410 440 i.
1436 406 1494 450 18,
1514 403 1637 440 Deum
1661 416 1761 441 nemo

431 474 529 510 vidit
542 484 733 521 unquam;
755 479 792 510 et
812 474 936 522 prima
953 473 1002 510 ad
1016 473 1306 519 Thimotheum,
1320 474 1367 510 vi.
1389 475 1447 520 16,
1467 474 1603 512 Lucem
1619 474 1765 511 habitat

431 543 724 589 inaccessibilem,
758 556 862 592 quem
902 556 1002 580 nemo
1039 544 1228 581 hominum
1267 545 1371 590 vidit,
1406 546 1504 582 sicut
1538 558 1600 582 nec
1639 546 1763 582 videre

421 617 563 662 potest;
594 619 632 650 et
653 613 707 650 sic
728 613 775 650 de
796 613 925 651 multis
947 613 1134 651 similibus
1154 614 1194 650 in
1218 613 1425 663 Scriptura,
1447 627 1613 664 quorum
1633 615 1761 664 aliqua
1775 624 1793 656 5

431 683 647 732 intelligunt
667 683 714 721 de
735 684 943 721 intuicione
964 684 1178 721 secundum
1199 685 1315 721 vitam
1336 685 1555 730 animalem,
1577 691 1613 722 et
1633 685 1761 734 aliqua

430 753 645 802 intelligunt
660 753 766 803 quod
786 765 865 790 non
886 760 944 791 est
959 754 1142 791 intuibilis
1162 767 1184 791 a
1200 761 1374 792 creatura
1391 755 1604 792 secundum
1618 755 1761 805 gradus

429 823 677 872 plenitudinis
705 836 781 873 qua
809 824 970 873 ipsemet
999 824 1179 861 intuetur.
1255 824 1305 861 Et
1335 824 1382 862 de
1416 825 1586 862 secunda
1615 825 1762 862 visione

429 894 598 944 loquitur
614 894 745 940 Iacob,
766 894 935 940 Gen.—‚
955 894 1043 931 Vidi
1054 894 1261 931 Dominum
1263 895 1374 945 facie
1386 896 1595 945 adfaciem,
1610 900 1643 932 et
1653 897 1760 932 salva

412 964 531 1013 sacta
560 968 613 1001 est
633 965 760 1001 anima
790 976 868 1001 mea
881 978 901 1008 ,·
931 970 968 1002 et
997 965 1072 1001 Isa.
1094 972 1203 1002 sexto
1232 965 1411 1014 capitulo,
1442 965 1529 1002 Vidi
1551 966 1759 1002 Dominum
1776 979 1816 1002 10

427 1035 599 1071 sedentem
634 1041 742 1083 super
774 1035 905 1071 solium
941 1036 1154 1078 excelsum,·
1184 1041 1221 1072 et
1254 1035 1464 1083 apostolus,
1497 1035 1612 1072 Rom.
1642 1035 1664 1072 i.
1698 1048 1760 1080 20,

429 1104 646 1142 Invisibilia
668 1106 762 1141 enim
788 1104 869 1142 Dei
892 1118 915 1142 a
944 1110 1119 1142 creatura
1149 1106 1283 1142 mundi
1298 1112 1370 1154 per
1389 1118 1430 1142 ea
1456 1118 1523 1154 que
1533 1106 1650 1155 facta
1676 1109 1766 1142 sunl

430 1176 610 1212 intellecta
643 1176 929 1224 conspiciuntur.
996 1175 1113 1213 Unde
1143 1175 1373 1224 generaliter
1406 1175 1605 1225 loquendo
1635 1175 1762 1212 omnis

429 1246 573 1282 noticia
592 1245 716 1284 eciam
746 1245 1021 1283 obscurissima
1042 1258 1109 1294 per
1129 1245 1246 1283 fidem
1266 1252 1322 1283 est
1343 1245 1449 1282 visio.
1507 1245 1629 1282 Aliter
1657 1246 1761 1283 enim

430 1327 511 1353 non
546 1315 688 1353 diceret
727 1316 936 1364 apostolus,
974 1329 988 1352 1
1029 1315 1119 1353 Cor.
1154 1316 1230 1353 xiii.
1271 1328 1329 1361 12,
1375 1316 1544 1353 Videmus
1572 1329 1670 1352 nunc
1688 1323 1761 1365 per
1776 1329 1815 1361 15

428 1387 610 1434 speculum
631 1387 670 1422 in
690 1387 896 1434 enigmata·
927 1393 963 1423 et
983 1386 1147 1432 Veritas,
1170 1386 1253 1423 Ioh.
1274 1386 1347 1423 viii.
1366 1388 1428 1433 56,
1443 1386 1640 1423 Abraham
1655 1391 1763 1434 pater

429 1460 545 1493 vester
573 1457 761 1493 exultavit
788 1460 831 1493 ut
861 1457 998 1493 videret
1025 1457 1118 1493 diem
1149 1469 1263 1493 meum
1271 1469 1291 1500 ,·
1321 1457 1426 1501 vidit,
1455 1460 1489 1493 et
1509 1458 1668 1505 gavisus
1701 1461 1760 1494 est.

434 1525 451 1544 *
476 1525 591 1564 Unde
620 1526 691 1563 ista
720 1526 839 1564 tercia
859 1527 954 1564 visio
983 1539 1052 1575 per
1078 1526 1196 1563 fidem
1216 1533 1374 1564 vocatur
1396 1526 1445 1563 ad
1473 1526 1758 1564 similitudinem
1774 1533 1802 1562 G

429 1597 546 1635 tercie
574 1597 729 1634 visionis
758 1597 970 1645 corporalis
999 1597 1094 1634 visio
1124 1609 1191 1646 per
1220 1596 1484 1643 reflexionem,
1506 1597 1595 1646 quia
1623 1597 1759 1633 virtute

429 1667 669 1705 insufficienti
688 1667 737 1704 ad
766 1667 993 1704 intuendum
1014 1667 1072 1705 vel
1102 1667 1259 1704 racione
1288 1667 1498 1704 discursiva
1518 1666 1760 1704 insufficienti
1776 1679 1816 1701 20

431 1738 479 1776 ad
500 1737 868 1787 apprehendendum
884 1737 1080 1787 cognitum
1100 1737 1308 1775 reflectitur
1328 1737 1553 1775 adherendo
1573 1749 1669 1786 pura
1686 1737 1761 1775 fide

430 1809 536 1858 prius
557 1808 727 1857 cognito.

487 1879 525 1916 Si
563 1885 691 1916 autem
730 1878 770 1914 in
808 1878 916 1915 omni
951 1878 1093 1915 noticia
1126 1878 1297 1915 humana
1331 1878 1580 1927 cognoscitur
1614 1889 1683 1914 ens
1720 1877 1761 1914 in

429 1961 500 1988 sua
535 1949 705 1986 maxima
737 1948 1027 1995 communitate,
1059 1955 1097 1986 et
1131 1948 1223 1985 illud
1254 1960 1322 1985 ens
1357 1949 1405 1985 sit
1436 1960 1644 1985 commune
1675 1947 1761 1985 Deo

429 2026 466 2057 et
499 2026 679 2066 creature,
716 2031 761 2057 ac
795 2019 834 2055 in
870 2019 931 2056 illa
965 2019 1109 2056 noticia
1142 2018 1311 2066 analoga
1344 2018 1503 2067 quidam
1541 2017 1669 2055 radius
1702 2018 1758 2054 in·
1775 2036 1813 2068 25

430 2089 644 2138 telligencie
678 2088 848 2126 humane
880 2089 925 2126 sit
951 2089 1000 2126 ad
1035 2088 1163 2125 Deum
1194 2088 1348 2137 proprie
1384 2088 1628 2133 terminatus;
1670 2096 1760 2124 tunc

431 2160 529 2196 sicut
563 2159 602 2195 in
636 2159 780 2197 visione
813 2171 1000 2208 corporea
1035 2159 1162 2195 radius
1197 2158 1522 2207 perpendicularis
1556 2158 1761 2206 utrobique

429 2236 602 2279 penetrat
616 2229 816 2274 irrefracte‚
831 2236 871 2266 ut
886 2235 991 2278 patet
1005 2229 1122 2266 tercio
1136 2229 1342 2274 Vitulonis‚
1359 2228 1608 2266 conclusione
1630 2250 1692 2274 —,
1707 2228 1760 2265 sic

430 2299 470 2336 in
490 2300 634 2337 visione
656 2299 900 2336 intellectuali
929 2298 1057 2336 radius
1077 2299 1126 2336 ad
1156 2298 1285 2336 Deum
1306 2298 1540 2344 terminatus,
1563 2299 1628 2347 qui
1655 2298 1760 2335 solus

430 2370 570 2407 directe
591 2382 706 2419 supra
724 2376 896 2406 mentem
916 2370 1071 2419 erigitur
1091 2370 1129 2406 in
1151 2369 1318 2418 qualibet
1338 2368 1580 2405 intellectuali
1602 2368 1756 2413 visione,
1773 2379 1815 2410 30

430 2452 551 2489 usque
572 2440 621 2476 ad
650 2439 777 2476 Deum
799 2446 972 2488 penetrat
993 2439 1196 2477 irrefracte‚
1256 2439 1332 2476 Sed
1361 2444 1603 2487 assumptum
1631 2438 1759 2476 deficit

431 2511 469 2547 in
489 2511 606 2548 tercio
634 2510 758 2558 signo,
780 2521 868 2547 cum
889 2509 1017 2547 omnis
1047 2517 1155 2547 actus
1176 2509 1395 2547 universalis
1423 2520 1502 2545 non
1529 2508 1760 2557 dispargitur

464 2620 486 2641 7.
504 2609 618 2641 gradus
637 2609 712 2635 AC:
737 2609 869 2641 gradum
891 2608 923 2634 B.
1000 2618 1040 2634 12.
1059 2603 1137 2634 enz‘m
1157 2608 1230 2634 AC:
1258 2616 1312 2633 om.
1339 2607 1371 2633 B.
1448 2610 1505 2640 per
1521 2616 1556 2633 ea
1575 2608 1600 2633 A
1621 2606 1649 2632 in
1672 2615 1758 2639 marg.

428 2643 557 2668 additum
570 2643 658 2668 altera
671 2649 770 2667 manu:
792 2642 819 2667 in
836 2642 856 2667 B
869 2642 891 2668 C
905 2642 991 2667 deest.
1083 2643 1122 2667 18.
1143 2642 1236 2668 tercia
1250 2641 1272 2666 B
1284 2641 1322 2668 C:
1343 2650 1397 2667 om.
1411 2641 1446 2668 A.
1540 2643 1579 2667 28.
1601 2641 1759 2673 irrefracte

429 2676 460 2702 C.
477 2683 483 2701 ;
501 2676 658 2708 irrefracto
671 2675 735 2701 A2B
748 2683 753 2701 :
774 2675 937 2708 irregfracta
950 2676 995 2701 Al.

539 2758 569 2788 9.
594 2748 675 2780 Gen.
694 2748 791 2779 xxxii.
810 2756 862 2787 30.
1249 2755 1298 2779 10.
1323 2747 1386 2778 Isa.
1406 2746 1448 2778 vi.
1469 2755 1496 2778 Ι.

519 2803 568 2833 28.
595 2801 771 2833 Vitellonis
789 2801 898 2843 Optic.
915 2802 960 2833 iii.
978 2809 1014 2842 17
1032 2812 1063 2842 p.
1083 2811 1134 2842 92,
1154 2801 1205 2832 ed.
1225 2801 1260 2832 F.
1280 2801 1405 2839 Risner,
1424 2800 1519 2831 Basle
1539 2806 1632 2840 1572.
