2008 3305
156 224 211 268 90
834 221 899 252 DE
931 220 1153 254 DOMINIO
1185 220 1363 252 D1V1No
1563 208 1665 267 [CAP.
1689 221 1761 251 xn.

846 451 864 472 ‘¹‘
881 451 1208 490 CAPITULUM
1250 452 1340 489 XII.
1779 457 1879 499 [3οΑ

156 562 272 622 {ffi'im
286 562 391 596 OssJssc·
489 557 671 596 SECUNDO
691 556 852 595 instatur
870 569 940 606 per
959 557 1033 595 hoc
1051 557 1156 607 quod
1179 561 1297 607 ‘eque
1318 557 1357 594 in
1373 556 1460 594 Deo
1479 562 1536 594 est
1553 568 1638 594 esse
1658 555 1766 594 intel·

156 635 269 663 ‘Godis
282 636 413 663 created!
434 628 597 678 ‘ligibile
617 628 839 666 distinctum
860 629 908 665 ab
928 640 1012 666 esse
1039 629 1213 675 existere,
1235 628 1332 665 sicut
1352 628 1391 665 in
1417 627 1547 677 aliqua
1567 633 1763 672 creatura;

434 702 561 748 ‘ergo,
583 711 671 737 cum
702 698 811 736 Deus
838 698 988 736 adintra
1017 699 1251 747 producitur,
1275 699 1445 748 sequitur
1476 698 1582 748 quod
1606 699 1656 735 ab
1679 710 1765 736 esse

433 770 680 819 ‘intelligibili
694 782 703 816 3
725 776 761 806 et
782 782 852 818 per
865 781 1109 819 consequens
1126 775 1285 806 creatur.
1343 769 1598 818 Assumptum
1617 768 1765 805 videtur
1779 777 1796 809 5

379 840 673 890 (1)‘tripliciter:
705 840 830 889 primo
851 851 919 889 per
939 839 1012 877 hoc
1034 839 1139 888 quod
1160 839 1335 876 sustineri
1361 845 1489 888 potest
1519 839 1600 876 sine
1626 850 1764 888 repug-

382 914 443 955 (2)‘
458 911 596 948 nancia
619 911 726 960 quod
750 910 875 948 nullus
900 910 1006 948 Deus
1031 910 1090 955 sit,
1110 910 1198 948 licet
1227 910 1349 959 possit
1377 909 1560 958 intelligi;
1594 910 1766 947 secundo

433 985 443 1001 ‘
456 994 523 1031 per
544 981 618 1019 hoc
638 981 743 1031 quod
762 993 860 1030 eque
881 981 1029 1018 videtur
1048 980 1189 1026 Deum,
1211 981 1306 1018 sicut
1327 980 1469 1030 aliquid
1489 979 1602 1025 aliud,
1624 979 1767 1016 habere

381 1061 421 1095 (3)
436 1055 542 1090 ‘esse
565 1052 799 1100 intelligibile
826 1052 864 1089 in
890 1051 1147 1100 intelligencia
1167 1057 1339 1088 creature
1352 1063 1362 1097 ;
1393 1057 1429 1088 et
1455 1051 1574 1088 tercio
1598 1062 1666 1099 per
1690 1050 1765 1087 hoc

432 1127 440 1142 ‘
455 1123 560 1173 quod
576 1123 753 1172 potencia
768 1122 862 1167 Filii,
880 1128 917 1159 et
936 1134 1003 1172 per
1016 1134 1261 1171 consequens
1274 1122 1356 1160 eius
1376 1120 1663 1170 intelligibilitas
1679 1132 1763 1170 pre·
1782 1134 1823 1156 10

432 1194 554 1231 {cedit
573 1194 612 1230 in
633 1193 747 1231 Patre
768 1205 878 1231 suam
901 1190 1176 1230 existenciarn.'

255 1271 389 1298 Answer.
486 1265 549 1301 Ad
569 1264 669 1301 istud
689 1264 826 1301 dicitur
846 1263 950 1313 quod
963 1270 1206 1312 assumptum
1227 1269 1284 1300 est
1299 1261 1521 1311 inpossibile
1538 1260 1587 1299 ad
1608 1272 1767 1299 sensum

431 1347 550 1384 quem
583 1334 722 1372 faceret
752 1335 995 1384 pertinenter,
1028 1333 1182 1380 scilieet,
1214 1333 1320 1383 quod
1353 1332 1478 1370 differt
1512 1331 1643 1370 Deum
1681 1343 1766 1369 esse

432 1405 629 1443 actualiter
653 1412 691 1442 et
720 1405 846 1454 ipsum
876 1417 989 1454 posse
1021 1416 1115 1442 esse.
1176 1403 1294 1441 Tunc
1324 1403 1427 1440 enim
1454 1408 1646 1452 oporteret
1676 1402 1766 1439 dare

433 1488 592 1513 causam
612 1476 791 1525 priorem,
813 1476 852 1512 in
872 1487 948 1525 qua
967 1475 1147 1513 fundetur
1166 1474 1241 1511 Dei
1267 1473 1500 1523 possibilitas
1521 1472 1626 1522 prior
1655 1478 1764 1518 actu,
1782 1484 1820 1516 15

432 1554 469 1585 et
503 1554 595 1584 tunc
626 1547 781 1584 indubie
814 1558 882 1584 ens
917 1552 1015 1584 esset
1054 1545 1284 1583 contractius
1313 1543 1494 1593 potencia
1521 1543 1765 1592 precedente.

433 1618 606 1656 Primum
638 1630 730 1667 ergo
761 1629 844 1655 esse
874 1624 930 1654 est
957 1616 1075 1661 Deus,
1097 1628 1119 1653 a
1148 1627 1227 1665 quo
1257 1614 1450 1664 dependet
1479 1625 1564 1652 esse
1593 1620 1767 1651 creatum

434 1688 654 1737 analogum,
674 1688 852 1737 potencie
872 1699 970 1737 eque
991 1686 1186 1736 amplum:
1217 1691 1254 1723 et
1273 1685 1334 1731 ita,
1352 1686 1383 1722 si
1400 1684 1507 1722 Deus
1526 1690 1764 1734 potestesse,

434 1760 516 1808 ipse
540 1765 622 1805 est3
661 1759 767 1809 quod
794 1758 840 1796 de
867 1770 936 1796 sua
960 1757 1132 1796 essencia
1161 1756 1285 1794 solum
1314 1762 1439 1793 tenet:
1470 1761 1506 1792 et
1535 1767 1604 1804 per
1633 1766 1766 1792 conse-

434 1842 569 1880 quens,
601 1842 690 1868 cum
719 1829 892 1867 absolute
926 1828 1145 1867 necessario
1178 1833 1305 1877 potest
1335 1839 1430 1873 esse,
1462 1825 1633 1876 sequitur
1661 1824 1766 1876 quod
1782 1840 1822 1861 20

435 1901 609 1938 absolute
631 1901 848 1938 necessario
869 1900 917 1937 sit
936 1900 974 1936 in
996 1905 1095 1936 actu.

157 1988 177 2005 1.
202 1979 228 2017 rt
241 1983 343 2017 cannot
356 1978 391 2005 be
491 1971 562 2008 Per
581 1971 654 2008 hoc
675 1970 724 2008 ad
749 1971 916 2020 primum
937 1970 1073 2007 dicitur
1093 1968 1197 2019 quod
1218 1968 1345 2005 nullus
1366 1972 1563 2017 protervus
1579 1966 1766 2004 sustinere

155 2013 407 2073 ἷῗῑῖιτῐὲῗὲῃτῗέἑζῗ-
435 2048 560 2093 potest
580 2041 685 2092 quod
705 2041 831 2078 nullus
852 2041 960 2078 Deus
987 2040 1045 2087 sit,
1070 2040 1164 2077 sicut
1193 2051 1265 2076 nec
1292 2038 1513 2087 intelligere,
1534 2049 1606 2075 nec
1635 2037 1767 2074 animo

434 2113 624 2162 cogitare:
673 2112 743 2149 sed
782 2112 892 2161 signa
930 2112 1084 2161 cogitat,
1124 2122 1289 2159 quorum
1328 2109 1480 2158 signata
1516 2107 1690 2157 intelligit
1729 2113 1766 2144 et

433 2184 554 2221 modo
584 2195 655 2221 suo
683 2184 770 2221 ficte
792 2182 976 2232 conponit
988 2194 998 2228 ;
1028 2181 1181 2219 racione
1204 2192 1380 2232 quorum,
1403 2179 1554 2216 mixtim
1574 2178 1764 2228 significa·
1781 2190 1819 2222 25

434 2255 509 2292 tive
538 2262 575 2292 et
604 2254 848 2292 materialiter
875 2252 1093 2302 cogitando,
1114 2252 1251 2289 dicitur
1274 2250 1322 2288 ad
1350 2261 1507 2288 sensum
1533 2250 1765 2299 equivocum

435 2325 540 2375 quod
561 2332 729 2364 creatura
750 2325 895 2373 cogitat
915 2324 1045 2361 Deum
1065 2335 1144 2361 non
1164 2335 1261 2369 esse,
1282 2322 1340 2359 vel
1361 2321 1585 2371 aliqualiter,
1606 2320 1766 2370 qualiter

435 2396 551 2434 nichil
573 2396 725 2445 penitus
741 2394 758 2414 '¹‘
774 2401 900 2444 potest
924 2407 1020 2432 esse.
1076 2394 1128 2431 Et
1148 2393 1196 2431 ad
1217 2392 1515 2442 exprimendum
1534 2391 1638 2428 illam
1658 2402 1763 2428 eom-
1779 2399 1810 2428 Β

435 2467 596 2504 mixtam
623 2466 928 2503 materialitatem
955 2465 1153 2514 signorum
1174 2470 1261 2501 utor
1288 2475 1363 2512 ego
1390 2463 1464 2501 hoc
1494 2461 1675 2499 adverbio
1700 2462 1766 2506 sic,

435 2544 477 2575 ut
501 2537 671 2586 intelligo
695 2536 780 2574 ‘Sic
807 2536 914 2573 Deus
943 2548 1023 2573 non
1053 2533 1132 2581 est,'
1155 2534 1244 2583 quia
1273 2533 1446 2583 intelligo
1474 2532 1602 2570 Deum
1631 2538 1668 2570 et
1697 2543 1765 2569 ens
1780 2544 1822 2576 30

437 2608 647 2656 analogum
685 2608 871 2657 negative,
904 2611 1263 2655 consequenterque
1296 2616 1492 2653 compono
1530 2602 1649 2641 modo
1688 2613 1766 2651 quo

438 2678 545 2715 Deus
576 2689 655 2714 non
682 2684 807 2726 potest
834 2687 1081 2726 componere.
1141 2674 1217 2712 Sed
1244 2674 1440 2724 loquendo
1465 2685 1558 2722 pure
1587 2673 1634 2710 de
1659 2671 1766 2709 intel-

438 2748 535 2786 lecto
551 2748 608 2786 vel
630 2749 786 2797 cognito
807 2747 973 2791 adextra,
991 2746 1114 2783 solum
1131 2745 1234 2794 quod
1248 2752 1304 2782 est
1320 2750 1444 2794 potest
1461 2743 1618 2793 intelligi
1631 2755 1640 2789 ;
1662 2742 1767 2781 etsie

885 2844 923 2865 3¹-
943 2835 1143 2865 consequenter
1154 2832 1179 2858 A
1190 2832 1212 2858 C
1225 2838 1229 2857 :
1251 2823 1304 2864 φῖἧ
1314 2831 1344 2856 B.
