2095 3278
17 218 102 248 CAP.
125 204 215 263 xxm]
573 216 639 247 DE
672 215 915 249 PAUPERIE
941 215 1255 248 SALVATORrs.
1750 205 1828 255 461

120 327 218 369 44B]
234 329 307 364 sint
332 329 441 373 bona,
468 328 652 374 prohiberi
683 336 837 374 possunt
866 341 932 374 per
961 330 1078 374 legem
1104 342 1148 364 ex
1173 341 1294 364 causa.
1346 330 1405 364 De
1434 328 1554 374 primo
1566 333 1617 372 but
1630 333 1699 360 such
1711 342 1742 360 as
1755 342 1802 360 are

232 399 366 432 genere
387 394 443 422 est
465 394 567 422 actus
593 387 640 422 de
666 398 739 432 quo
765 386 871 421 nobis
895 393 950 422 est
974 399 1107 431 sermo,
1127 387 1301 432 quoniam
1327 399 1475 432 semper
1499 393 1554 422 est
1567 368 1687 400 &fiper
1698 376 1737 394 κ’

232 446 372 484 malum
390 445 531 480 homini
549 445 754 490 cuicunque
771 452 881 489 atque
898 451 1092 489 peccatum
1110 457 1187 479 rem
1205 451 1330 480 tenere
1356 445 1457 480 cuius
1481 457 1555 480 non

231 509 287 538 est
318 503 515 544 dominus;
550 509 587 537 et
612 503 682 537 hoc
708 503 829 537 colore
856 502 1010 537 dominii
1036 502 1152 537 eciam
1181 503 1281 547 quod
1306 503 1478 538 dominus
1502 503 1554 538 rei

200 561 309 600 5sine
336 572 403 595 suo
427 561 525 595 facto
550 560 815 605 preiudicativo
844 572 866 594 a
893 560 943 594 rei
974 560 1208 604 possessione
1236 567 1412 605 perpetuo
1437 567 1475 596 et
1499 561 1554 596 in-

230 618 434 653 voluntarie
455 618 692 653 excludatur:
721 624 757 652 et
784 618 867 652 ideo
894 618 1034 652 homini
1060 618 1161 652 nulla
1185 619 1242 653 lex
1267 618 1363 653 iusta
1387 619 1470 661 tale,
1492 625 1555 654 aut

232 676 370 721 aliquid
388 677 487 714 unde
511 675 721 711 necessario
749 675 925 720 sequitur,
943 682 1065 720 potest
1084 675 1178 709 iuste
1205 682 1376 711 statuere.
1426 676 1555 711 Altera

231 746 317 768 vero
336 733 591 769 distinccionis
608 745 631 768 a
647 740 683 769 te
707 734 879 768 concluse
902 733 1094 777 particula,
1114 733 1266 777 scilicet,
1284 738 1354 768 aut
1371 734 1504 768 saltem
1521 735 1559 769 εἰ

219 792 328 837 fiant
344 792 442 837 quod
460 792 569 825 irriti
583 792 799 834 habeantur,
813 791 859 825 de
879 791 979 825 irrito
999 791 1166 825 absolute
1185 802 1259 825 non
1278 791 1451 836 sequitur,
1468 803 1553 826 cum

178 861 217 883 10
231 849 294 892 taJi
313 849 425 884 modo
448 849 647 884 decernere
666 849 713 883 ad
737 849 931 882 hominum
957 849 1076 892 legem
1100 860 1334 894 nequaquam
1359 849 1553 894 pertineat,

191 914 219 943 O
234 907 251 926 '¹‘
264 907 349 941 licet
367 907 413 941 de
432 907 532 941 irrito
551 907 672 951 quoad
690 907 811 951 legem
828 906 1040 941 huiusmodi
1053 906 1221 941 fortassis
1240 913 1364 951 posset
1381 907 1552 942 constitui

231 965 331 1010 quod
359 976 433 999 non
460 965 566 999 aliter
592 965 719 999 fierent
744 971 848 999 actus
875 964 1098 999 huiusmodi.
1148 966 1217 999 Est
1243 965 1304 999 hic
1329 964 1429 1000 aliud
1455 965 1554 1010 quod

230 1022 384 1057 forsitan
415 1034 489 1057 non
516 1022 690 1065 advertis,
716 1022 901 1065 videlicet,
928 1022 1028 1067 quod
1056 1034 1130 1057 non
1159 1022 1240 1068 pari
1271 1024 1396 1067 regula
1421 1030 1459 1058 ut
1485 1023 1551 1058 tibi

229 1078 376 1112 videtur
389 1084 509 1122 potest
525 1088 669 1112 currere
683 1077 887 1121 prohibicio
901 1078 1082 1112 bonorum
1097 1084 1131 1112 et
1144 1078 1327 1112 malorum
1341 1079 1551 1123 precepcio;

178 1147 214 1179 15
229 1135 401 1180 quoniam
420 1135 506 1170 mali
531 1135 725 1180 precepcio
748 1135 796 1170 ad
819 1136 959 1169 malurn
983 1135 1170 1180 agendum
1193 1142 1229 1170 et
1252 1136 1300 1170 ad
1323 1137 1552 1180 peccandum

229 1196 369 1225 coartat
384 1202 392 1225 :
412 1191 594 1225 bonorum
607 1201 693 1225 vero
711 1197 861 1225 actuum
878 1190 1084 1235 aliquorum
1098 1190 1302 1235 prohibicio
1316 1202 1551 1237 nequaquam

229 1252 324 1280 artat
342 1245 531 1280 hominem
550 1246 598 1280 ad
614 1245 857 1290 peccandum,
877 1244 1053 1289 quoniam
1070 1257 1144 1279 non
1161 1252 1217 1280 est
1235 1246 1348 1280 homo
1366 1247 1414 1281 ad
1433 1247 1551 1292 quod-

232 1314 377 1348 cunque
403 1303 543 1337 bonum
573 1303 770 1347 agendum,
797 1303 902 1337 sicud
927 1310 983 1338 est
1009 1303 1057 1337 acl
1082 1304 1329 1348 quodcunque
1358 1311 1551 1349 peccatum

228 1361 433 1402 vitandum,
453 1367 606 1395 artatus.
651 1361 763 1396 Unde
780 1362 918 1395 bonum
938 1366 1077 1396 certum
1097 1361 1267 1396 omittere
1283 1373 1327 1396 ex
1343 1373 1456 1397 causa
1473 1362 1551 1398 utili

175 1436 215 1458 20
230 1418 368 1464 precipi
386 1425 510 1463 potest
527 1418 632 1461 iuste,
652 1424 707 1453 set
726 1419 865 1454 malum
893 1424 1034 1453 certum
1058 1429 1167 1462 agere
1193 1419 1332 1464 precipi
1358 1419 1452 1455 iuste
1475 1432 1551 1455 non

228 1480 361 1518 potest,
385 1485 451 1518 pro
475 1474 574 1508 bono
599 1473 717 1508 eciam
743 1473 968 1518 acquirendo
988 1487 996 1515 3
1024 1473 1074 1508 ait
1101 1474 1201 1508 enim
1227 1476 1427 1519 apostolus,
1452 1477 1551 1520 Non,

227 1532 335 1566 sicud
349 1531 652 1576 blasphemamur
663 1535 698 1565 et
713 1532 821 1565 sicud
835 1533 947 1566 az'zmt
962 1531 1117 1576 quidam
1135 1544 1201 1566 nos
1217 1533 1346 1575 dicere,
1357 1534 1553 1578 faciamus

227 1590 330 1623 mala
349 1593 393 1623 ut
408 1591 564 1623 veniant
576 1590 693 1631 bona;
715 1600 874 1634 querum
889 1590 1110 1634 dampnacio
1122 1591 1223 1624 iusta
1234 1595 1289 1624 est
1301 1589 1363 1634 (ad
1379 1592 1485 1626 Rom.
1501 1591 1549 1627 iii.

227 1646 288 1690 8):
318 1647 380 1681 ubi
406 1658 480 1681 non
510 1653 653 1681 tantum
679 1647 989 1692 dampnacionem
1011 1647 1211 1683 asserentis
1238 1654 1293 1683 set
1319 1649 1552 1684 blasfemiam

173 1719 212 1751 25
228 1711 373 1749 reputat
392 1705 576 1739 affirmare
598 1705 697 1749 quod
718 1706 815 1739 mala
841 1705 967 1740 fierent
994 1712 1033 1740 ut
1057 1706 1157 1740 bona
1174 1706 1348 1741 venirent.
1400 1708 1436 1741 N
1440 1718 1483 1742 ec
1507 1719 1552 1742 ea

226 1773 297 1807 que
320 1762 366 1797 de
389 1761 540 1807 antiqua
564 1763 644 1806 lege
668 1769 729 1797 aut
755 1762 829 1797 alia
854 1774 926 1808 que
952 1763 1105 1798 adducis
1132 1765 1288 1808 probant
1314 1765 1551 1808 contrarium,

225 1820 375 1862 scilicet,
402 1820 500 1864 quod
529 1831 573 1854 ea
600 1831 670 1864 que
700 1826 784 1854 sunt
814 1831 959 1865 semper
986 1821 1083 1855 mala
1110 1820 1274 1865 (scilicet,
1300 1822 1347 1857 de
1373 1834 1412 1857 se
1437 1822 1550 1867 mala)

226 1877 366 1922 precipi
397 1884 578 1922 possunt3
613 1883 669 1912 set
695 1878 795 1922 quod
824 1889 868 1913 ea
898 1889 969 1923 que
992 1879 1092 1913 mala
1119 1886 1215 1922 sunt,
1242 1879 1327 1924 quia
1355 1880 1551 1925 prohibita,

227 1935 304 1970 fieri
323 1942 478 1980 possunt
496 1935 592 1970 iusta
610 1935 640 1969 si
658 1935 826 1970 venerint
852 1936 919 1970 sub
942 1943 1127 1981 precepto,
1147 1937 1219 1971 hoc
1238 1937 1327 1972 satis
1353 1938 1550 1973 affirmant.

171 2006 212 2037 30
226 1993 339 2028 Unde
357 1993 523 2028 clarescit
548 1993 647 2038 quod
671 1993 828 2028 donator
853 2000 937 2038 post
963 1994 1209 2029 donacionem
1236 2006 1310 2040 qua
1334 1996 1552 2031 transfertur

224 2051 443 2094 dominium,
471 2062 536 2085 seu
562 2057 778 2095 permutans
804 2063 842 2086 re
868 2058 1079 2096 permutata
1104 2064 1179 2087 non
1205 2053 1351 2096 tradita,
1380 2053 1409 2088 si
1436 2054 1551 2089 invito

224 2108 421 2143 donatario
440 2120 504 2143 seu
523 2109 786 2153 permutatario
811 2121 888 2144 rem
915 2109 966 2144 ita
987 2121 1204 2144 concessam
1231 2112 1279 2145 ab
1305 2122 1348 2145 eo
1375 2111 1550 2156 detineat,

223 2166 311 2201 facit
329 2166 378 2200 illi
397 2166 568 2200 iniuriam
586 2172 621 2201 et
640 2166 819 2211 delinquit
839 2179 917 2202 rem
935 2168 1093 2202 alienam
1113 2167 1226 2212 impie
1244 2168 1456 2203 detinendo.

274 2225 365 2259 IOH.
409 2224 599 2269 Scriptura
619 2230 682 2259 aut
705 2225 916 2260 racionibus
941 2225 1024 2269 fige,
1044 2226 1073 2260 si
1092 2227 1224 2271 placet,
1243 2227 1429 2261 robustius
1451 2227 1551 2262 istud
1565 2234 1650 2260 Ifthe
1663 2234 1796 2267 lawgiver

172 2293 211 2325 35
227 2281 388 2325 dictum;
417 2282 604 2327 quoniam,
623 2294 667 2316 ex
691 2293 764 2327 quo
790 2283 955 2317 dominia
973 2283 1096 2318 civilia
1116 2284 1280 2328 pendent
1303 2297 1325 2319 a
1348 2285 1428 2329 lege
1453 2285 1551 2329 posi·
1564 2268 1614 2333 {¹2³3}
1624 2274 1823 2328 ἓξᾷξοζᾜω

225 2340 302 2374 tiva
335 2340 412 2374 sive
447 2339 553 2382 civili,
587 2339 678 2384 legis
713 2340 807 2375 lator
840 2352 904 2375 seu
938 2341 1088 2386 positor,
1120 2341 1225 2376 sicud
1255 2348 1377 2387 potest
1411 2334 1727 2379 variare³¹ter¹aws’

226 2398 324 2442 leges
348 2409 438 2442 quas
464 2398 577 2442 ponit,
605 2398 656 2432 ita
681 2405 802 2442 potest
828 2398 971 2433 variare
998 2398 1076 2433 iura
1105 2399 1354 2434 dominiorum
1380 2400 1553 2435 civilium.

227 2456 302 2489 Cur
319 2455 428 2499 igitur
445 2467 561 2500 reges,
576 2467 598 2489 a
616 2456 698 2490 Deo
716 2462 779 2490 aut
795 2457 843 2490 ab
860 2456 1016 2491 ecclesia
1032 2456 1288 2492 auctoritatem
1305 2458 1485 2493 habentes
1503 2459 1553 2493 ad

225 2513 539 2557 gubernacionem
564 2514 809 2558 temporalem
835 2514 959 2558 populi
987 2514 1058 2548 illis
1085 2514 1250 2558 subiecti,
1268 2515 1369 2558 leges
1392 2526 1459 2560 pro
1485 2527 1552 2550 suo
1564 2521 1628 2580 51?ss
1631 2521 1831 2582 ggsssgfrigasnthe

170 2585 213 2615 40
226 2578 311 2605 voto
339 2577 499 2605 statuere
525 2582 569 2605 ac
595 2578 738 2606 mutare
763 2583 837 2606 non
863 2578 1030 2616 possunt,
1049 2583 1094 2606 ac
1119 2571 1216 2606 circa
1241 2571 1406 2607 dominia
1430 2584 1551 2608 rerum
1563 2597 1688 2620 veyanoe
1700 2589 1732 2615 of

226 2628 348 2663 civilia
373 2628 515 2673 legibus
541 2628 616 2663 suis
642 2640 709 2674 pro
735 2630 924 2664 voluntate
951 2640 1019 2664 sua
1045 2629 1209 2664 subiecta
1234 2630 1355 2665 taliter
1380 2631 1551 2667 ordinare
1564 2621 1696 2656 lO‘dShsp’

273 2728 322 2759 34.
347 2719 418 2750 Iolz.
436 2719 507 2750 The
523 2719 739 2760 manuscripts
756 2719 831 2751 here
848 2719 940 2750 mark
958 2719 1013 2750 the
1029 2720 1208 2761 beginning
1224 2720 1263 2751 of
1274 2720 1326 2752 ch.
1342 2721 1421 2755 xvi.;
1446 2722 1503 2753 but
1520 2729 1549 2753 M

227 2766 355 2803 repeats
369 2762 424 2793 the
440 2763 585 2793 numeral
602 2762 683 2794 later
695 2773 735 2793 on
750 2763 858 2802 (infra,
872 2773 902 2803 p.
913 2762 1005 2802 466),
1019 2763 1083 2793 and
1100 2763 1165 2793 this
1180 2764 1332 2802 division,
1347 2775 1382 2795 as
1398 2765 1550 2806 agreeing

228 2805 308 2837 with
324 2805 379 2837 the
397 2805 487 2837 table
503 2806 541 2836 of
552 2810 700 2837 contents
718 2811 840 2846 (supra,
854 2816 884 2847 p.
900 2808 989 2846 435),
1006 2816 1144 2848 appears
1159 2811 1195 2838 to
1213 2807 1252 2838 be
1268 2807 1323 2838 the
1339 2813 1460 2839 correct
1477 2818 1548 2840 one.
