2095 3278
235 208 319 250 430
902 208 1107 240 RICARDI
1140 209 1443 241 ARMACHANI
1870 201 1972 261 [Lm.
1996 216 2060 245 111.

336 307 501 340 XXXIV·
566 311 797 347 IOHANNES.
817 312 974 348 Gaudeo
988 324 1048 348 me
1062 319 1171 349 antea
1185 313 1225 348 id
1240 314 1470 359 percepisse;
1494 320 1548 350 set
1568 314 1627 350 dic
1645 325 1709 350 cur
1726 315 1843 351 adicis
1858 315 1957 357 [371³

235 372 427 404 Explanation
441 372 474 398 of
506 368 620 412 plene
636 370 776 403 utendi.
1854 385 1963 417 supra,

235 406 484 477 fflZzffirisssffiffne
562 427 791 462 RICARDUS.
818 428 872 462 Ut
890 427 1140 472 intelligamus
1159 429 1259 473 quod
1278 428 1484 463 dominium
1510 428 1608 464 istud
1626 429 1675 464 ad
1693 441 1842 465 omnem
1855 429 1886 459 P·
1907 426 1981 459 335·

234 472 501 539 ξξξέἰᾜξῗῇἳὲξῇἰμ
515 489 640 518 actum
659 496 724 519 seu
742 496 850 519 usum
869 497 990 520 rerum
1009 486 1055 520 sit
1073 486 1260 530 originalis
1278 486 1478 521 auctoritas
1497 499 1505 522 :
1531 487 1654 522 nullus
1671 487 1769 523 enim
1786 494 1843 523 est

515 553 602 576 usus
627 553 739 586 quem
767 542 861 577 inter
878 550 981 577 actus
1001 544 1153 578 humani
1173 543 1324 578 dominii
1349 544 1515 588 superius
1533 545 1736 580 numerasti
1754 546 1842 591 quin
1857 552 1875 584 5

235 604 451 643 originallorgi-
514 599 562 633 ad
591 599 751 644 primum
778 612 886 635 usum
916 601 953 635 in
983 602 1133 636 racione
1161 601 1314 636 dominii
1336 602 1400 646 (ut,
1419 602 1569 645 scilicet,
1594 614 1681 637 usus
1712 602 1772 638 ille
1796 604 1843 638 sit

235 638 491 703 {gffikxlsesczfsscgffi
514 656 646 701 iustus)
666 658 823 693 sufficiat
850 659 948 694 istud
974 660 1269 704 predescriptum
1295 659 1473 704 originale
1498 660 1716 705 dominium,
1735 661 1841 697 sicuti

234 705 357 732 exercise
370 706 469 737 Ofuse’
514 715 657 750 suffecit
681 715 718 750 in
735 722 862 751 nostro
881 716 1000 761 primo
1024 723 1177 761 parente
1203 716 1240 751 in
1269 723 1366 751 statu
1396 717 1610 753 innocencie
1637 730 1702 753 sue
1724 718 1842 763 prime

513 773 673 817 originis,
692 780 727 808 et
755 773 850 809 sicut
875 774 924 808 ad
945 786 1074 809 omnes
1101 774 1182 808 illos
1209 782 1314 809 actus
1341 776 1564 810 exercendos
1590 776 1684 811 adeo
1710 776 1844 811 sufficit

513 831 583 866 sibi
614 831 651 866 in
680 831 830 867 racione
857 832 1010 867 dominii
1040 844 1146 867 suum
1174 832 1381 867 dominium
1410 833 1488 868 sive
1515 833 1692 878 originale
1721 834 1838 869 domi—
1858 843 1898 865 10

512 889 628 925 nium.

563 949 656 984 IOH.
682 949 769 982 Non
793 948 843 983 ita
859 947 971 983 michi
990 955 1046 983 est
1064 948 1184 983 visum
1203 960 1212 992 ;
1238 948 1424 994 quoniam,
1443 948 1473 983 si
1491 960 1585 984 unus
1603 949 1740 985 habeat
1757 962 1842 996 pos-

512 1005 717 1040 sessionem
740 1006 792 1041 rei
817 1006 1033 1051 cuiusquam
1056 1013 1091 1041 et
1114 1006 1192 1041 eius
1211 1006 1418 1041 dominium
1442 1006 1618 1051 originale
1637 1008 1841 1052 dumtaxat,

512 1070 549 1098 et
567 1064 659 1098 alius
678 1064 847 1099 habuerit
864 1064 1031 1099 eiusdem
1049 1064 1099 1099 rei
1119 1064 1223 1099 civile
1242 1064 1459 1108 dominium,
1478 1065 1665 1100 secundus
1683 1077 1704 1100 a
1722 1066 1842 1111 primo

513 1121 608 1156 iuste
627 1121 844 1156 iudicialiter
861 1134 938 1157 rem
956 1122 1057 1157 illam
1076 1122 1209 1167 poterit
1226 1122 1405 1167 optinere,
1424 1122 1599 1167 quoniam
1626 1122 1684 1158 ille
1709 1135 1840 1159 secun·
1857 1137 1895 1170 15

513 1180 582 1214 dus
602 1180 675 1214 duo
693 1180 745 1214 rei
773 1180 870 1215 illius
888 1181 999 1215 habet
1018 1179 1194 1224 dominia,
1214 1187 1250 1215 et
1278 1180 1329 1216 ita
1354 1181 1467 1215 habet
1483 1180 1678 1215 forciorem
1696 1181 1841 1217 titulum

512 1248 626 1283 quam
644 1238 758 1273 habet
773 1238 832 1273 ille
850 1238 1001 1283 primus,
1015 1245 1051 1273 et
1069 1251 1134 1284 per
1151 1250 1381 1284 consequens
1401 1239 1450 1273 ad
1468 1239 1744 1274 defendendum
1761 1252 1841 1276 rem

512 1296 613 1330 illam
631 1307 705 1331 non
724 1296 857 1331 sufficit
876 1297 996 1341 primo
1015 1302 1123 1331 suum
1141 1296 1320 1341 originale
1338 1297 1557 1332 dominium.
1595 1297 1659 1333 Sic
1676 1304 1840 1343 econtra,

510 1365 596 1388 cum
623 1354 807 1389 secundus
835 1365 902 1399 per
927 1354 1103 1389 iudicium
1136 1365 1159 1389 a
1194 1354 1313 1400 primo
1343 1366 1421 1390 rem
1455 1355 1554 1389 illam
1584 1362 1840 1400 recuperatam

510 1412 691 1454 habuerit,
709 1423 784 1447 non
811 1413 967 1447 sufficiet
995 1412 1114 1457 primo
1139 1413 1218 1448 eius
1249 1413 1426 1458 originale
1456 1413 1662 1448 dominium
1689 1414 1738 1448 ad
1761 1426 1839 1449 rem
1855 1426 1896 1449 20

510 1470 610 1504 illam
629 1470 761 1505 iterum
780 1470 1033 1515 repetendam.
1085 1471 1198 1506 Unde
1216 1483 1284 1506 nec
1308 1472 1357 1505 ad
1374 1477 1498 1506 actum
1522 1471 1746 1506 defensionis
1770 1483 1840 1507 nec

508 1528 557 1563 ad
575 1534 701 1563 actum
719 1528 965 1573 repeticionis,
984 1529 1045 1574 qui
1064 1535 1189 1564 tamen
1215 1536 1300 1564 sunt
1320 1536 1423 1564 actus
1443 1529 1608 1573 dominii,
1627 1530 1772 1566 videtur
1788 1530 1839 1565 illi
1851 1534 1952 1562 sunt:
1974 1541 2028 1563 su—

509 1587 677 1622 sufficere
695 1586 911 1621 dominium.
1844 1578 1910 1615 per
1924 1582 1954 1605 B·

229 1648 316 1686 aibeit
330 1648 385 1675 this
398 1658 474 1675 exer·
557 1646 644 1680 RIC.
674 1645 790 1680 Civile
809 1645 1016 1680 dominium
1034 1645 1071 1680 in
1089 1646 1161 1680 hoc
1184 1657 1271 1680 casu
1288 1652 1344 1681 est
1361 1645 1564 1691 prohibens
1581 1645 1838 1690 extrinsecum,

230 1683 498 1749 ssssssffcffiffinbssgffby
510 1702 614 1737 cuius
638 1702 946 1747 impedimentum
964 1714 1200 1748 nequaquam
1217 1703 1313 1738 tollit
1337 1710 1401 1738 aut
1419 1703 1551 1737 minuit
1571 1703 1838 1739 sufficienciam
1853 1716 1892 1749 25

230 1749 295 1776 civil
308 1750 484 1777 ordinances.
509 1760 678 1806 potencie
708 1760 827 1796 active
855 1760 1050 1796 intrinsece
1079 1762 1294 1805 naturalem,
1312 1761 1396 1796 licet
1425 1761 1461 1795 in
1491 1772 1580 1796 casu
1606 1767 1731 1796 actum
1759 1762 1838 1797 eius

509 1818 692 1862 cohibeat,
707 1818 826 1854 eciam
845 1819 935 1853 satis
954 1819 1058 1862 iuste,
1072 1825 1107 1853 et
1123 1819 1234 1854 faciat
1249 1831 1334 1854 eum
1353 1818 1636 1854 insufficientem
1652 1820 1698 1854 de
1714 1819 1812 1854 facto
1829 1831 1836 1854 :
1850 1831 1924 1853 eum
1939 1832 1945 1853 :
1970 1832 2041 1854 rem
2082 1820 2083 1823 ’

509 1876 583 1911 alia
601 1883 656 1911 est
676 1876 776 1911 enim
795 1888 908 1910 causa
926 1876 1149 1911 sufficiencie
1164 1876 1353 1920 naturalis,
1373 1877 1518 1922 aliaque
1532 1883 1589 1911 est
1602 1876 1714 1919 facti3
1738 1877 1837 1912 unde
1851 1872 1881 1896 Β·
1925 1917 1931 1923 ,
1995 1921 2010 1925 -
2081 1881 2085 1920 l

509 1934 546 1969 in
560 1935 672 1970 verbo
687 1934 925 1980 plenitudinis
940 1935 1206 1969 sufficienciam
1220 1936 1438 1978 naturalem,
1454 1934 1604 1978 scilicet,
1620 1934 1649 1969 si
1664 1934 1720 1969 ius
1739 1915 1947 1980 posi-fam:
1959 1916 2009 1958 su
2021 1925 2053 1950 Β·
2082 1925 2083 1928 ¹

507 1992 625 2027 tivum
641 2003 716 2027 non
734 1992 870 2035 obviat,
888 2004 962 2026 non
982 1992 1247 2027 sufficienciam
1266 1992 1354 2027 facti
1373 1993 1549 2037 intelligo.
1850 1995 1892 2026 30
2078 2003 2083 2038 f

557 2052 648 2086 IOH.
683 2051 818 2085 Fateor
845 2050 896 2085 ita
924 2062 1017 2094 esse,
1046 2057 1102 2085 set
1130 2050 1392 2086 nichilominus
1418 2052 1501 2085 volo
1532 2050 1626 2086 scire
1654 2049 1835 2095 numquid
1848 2050 1927 2082 3713

507 2109 632 2143 Adam
659 2120 726 2153 per
753 2120 859 2143 suurn
886 2108 1062 2153 originale
1088 2108 1295 2143 dominium
1322 2109 1392 2144 hos
1421 2115 1525 2144 actus
1551 2107 1774 2144 defendendi
1801 2114 1838 2144 et

509 2167 698 2211 repetendi
718 2165 795 2201 sive
812 2166 1006 2201 evincendi
1024 2166 1141 2211 potuit
1160 2178 1338 2202 exercere.

558 2226 646 2260 RIC.
675 2224 885 2259 Commisso
915 2225 963 2258 ab
992 2235 1036 2258 eo
1064 2231 1228 2268 peccato,
1247 2230 1375 2259 contra
1400 2224 1492 2259 alios
1514 2223 1646 2268 impios
1665 2222 1773 2267 (sicut
1797 2223 1834 2258 in
1848 2233 1955 2273 supra,
2074 2237 2078 2283 Ι

509 2283 629 2328 primo
646 2282 755 2317 huius
774 2282 820 2317 de
839 2283 922 2316 Deo
940 2281 1186 2326 ostendimus)
1206 2293 1271 2317 eos
1294 2282 1411 2327 potuit
1436 2293 1604 2317 exercere
1621 2294 1628 2317 :
1656 2281 1686 2316 si
1709 2266 1904 2316 autemhb·
1921 2277 1942 2299 ¹·
1962 2276 2012 2309 ²5·

510 2352 640 2376 omnes
667 2340 704 2374 in
731 2340 948 2374 innocencia
971 2340 1228 2384 perstitissent,
1247 2340 1347 2385 quod.
1369 2351 1432 2375 eos
1455 2340 1492 2374 in
1515 2340 1676 2384 aliquem
1694 2340 1740 2374 de
1767 2351 1834 2374 sua

508 2399 682 2444 progenie
695 2404 840 2443 poterat
852 2409 1022 2433 exercere
1036 2398 1082 2432 de
1095 2398 1192 2432 facto
1206 2398 1412 2433 nonaudeo
1423 2398 1625 2441 affirmare;
1644 2397 1834 2443 quoniam,

510 2457 539 2492 si
557 2458 678 2491 nullus
702 2468 746 2492 eo
766 2468 855 2491 casu
872 2455 1064 2490 venialiter
1084 2456 1265 2500 potuisset
1290 2467 1444 2500 peccare
1471 2466 1591 2500 neque
1621 2455 1834 2498 mortaliter,

508 2527 582 2549 non
600 2514 711 2549 michi
726 2514 869 2549 videtur
886 2513 1041 2558 qualiter
1059 2525 1283 2558 quemquam
1306 2514 1351 2548 de
1374 2514 1472 2548 facto
1497 2512 1679 2557 potuisset
1707 2513 1833 2548 defen-

509 2574 595 2607 dere
622 2580 685 2607 aut
711 2585 734 2607 a
757 2583 943 2617 quoquam
970 2571 1105 2606 iudicio
1134 2583 1197 2606 seu
1227 2571 1408 2606 violenter
1425 2577 1601 2616 repetere,
1619 2570 1680 2605 ubi
1710 2571 1832 2605 nullus
1845 2581 1888 2612 40

508 2630 813 2666 irracionabiliter
830 2629 1011 2673 exegisset
1030 2636 1091 2663 aut
1116 2629 1255 2674 aliquid
1273 2629 1462 2673 tenuisset,
1480 2628 1550 2663 nisi
1576 2629 1669 2663 forte
1687 2639 1709 2662 a
1726 2629 1832 2663 malis

509 2689 707 2734 spiritibus,
729 2688 757 2722 si
777 2687 900 2732 aliqua
918 2699 982 2731 per
999 2687 1218 2721 violenciam
1236 2687 1445 2731 rapuissent
1473 2693 1536 2720 aut
1562 2686 1687 2720 tollere
1711 2686 1759 2720 ab
1786 2697 1830 2720 eo

508 2747 631 2781 conati
649 2746 814 2788 fuissent,
833 2745 892 2779 vel
910 2756 932 2779 a
949 2744 1077 2779 bestiis
1096 2751 1158 2779 aut
1176 2744 1426 2778 animantibus
1444 2744 1526 2778 aliis
1555 2743 1623 2778 sibi
1642 2742 1829 2779 subiectis.

512 2806 573 2839 Set
592 2804 851 2839 nichilominus
869 2804 939 2837 hoc
957 2810 1012 2838 est
1032 2804 1141 2837 fixum
1162 2803 1206 2837 de
1226 2803 1305 2847 ipso
1325 2802 1433 2846 (sicut
1452 2802 1500 2836 ibi
1519 2803 1565 2837 de
1581 2803 1664 2836 Deo
1683 2801 1828 2836 firmum
