2095 3278
247 196 332 236 422

381 1281 510 1313 XXIX.

244 1334 337 1360 When
349 1344 366 1361 a
377 1334 439 1361 lord

245 1368 352 1400 having
366 1377 451 1401 many

244 1402 385 1434 lordships
396 1407 493 1435 grants

243 1444 326 1507 {¹333
336 1435 473 1501 ffi’fien

244 1511 262 1528 a
274 1502 343 1534 king
356 1508 452 1535 grants

242 1544 262 1562 a
273 1535 400 1569 barony),

245 2146 302 2173 this
315 2147 338 2173 is
350 2156 387 2173 no
400 2151 461 2174 true

244 2186 291 2208 act
304 2182 336 2208 of
345 2181 478 2215 lordship,

246 2439 358 2467 natural

904 193 1107 227 RICARDI
1140 193 1445 226 ARMACHANI
1876 182 1975 236 [Lm.
1999 194 2064 223 111.

526 299 625 333 enim
651 299 763 334 verba
789 299 957 343 quamvis
987 299 1034 334 de
1063 299 1188 343 lingua
1218 299 1254 333 in
1285 297 1448 342 linguam
1478 297 1657 332 translata
1685 295 1755 331 nisi
1785 306 1851 340 per
1866 294 1961 336 [350

523 355 832 391 transferencium
862 357 1118 401 ignoranciam
1147 363 1210 391 aut
1240 355 1514 400 negligenciam
1546 354 1656 389 nimis
1686 364 1851 388 crassam

522 425 672 449 sensum
705 425 814 448 suurn
846 425 922 448 non
956 414 1128 458 variant),
1162 414 1252 449 satis
1285 420 1341 449 est
1374 413 1526 448 evidens
1560 412 1660 458 quod
1694 411 1851 446 donacio

521 472 668 517 proprie
699 472 799 506 dicta
832 471 904 506 dici
937 480 1020 507 non·
1048 473 1157 507 debet
1189 472 1260 506 nisi
1294 471 1346 506 rei
1381 472 1466 506 date
1496 470 1671 513 dominio,
1699 469 1851 512 scilicet,

522 530 740 564 donacionis
766 530 958 575 principio,
985 537 1196 573 reservato;
1232 541 1317 565 cum
1342 528 1520 564 formacio
1545 528 1661 573 ipsius
1686 527 1787 563 verbi
1814 527 1883 566 id5

523 588 692 632 preferat,
705 593 740 622 et
755 587 913 622 donacio
927 587 980 622 sic
993 588 1041 622 sit
1055 587 1208 622 similior
1220 586 1417 622 donacioni
1432 587 1567 628 divine,
1579 597 1650 631 que
1662 584 1853 620 verissime

524 652 560 680 et
573 645 827 690 propriissime
840 652 938 680 extat
952 646 1122 689 donacio,
1135 657 1218 680 cum
1233 645 1294 679 fiat
1307 657 1328 680 a
1342 644 1535 680 verissimo
1549 650 1584 678 et
1599 643 1853 688 propriissimo

525 702 701 746 Domino,
728 714 798 737 nec
822 703 913 737 alias
940 702 1096 738 donacio
1123 703 1162 737 fit
1190 709 1295 737 actus
1321 709 1384 737 aut
1410 713 1498 737 usus
1528 701 1693 736 dominii.
1747 702 1852 743 Item,

523 759 618 795 sicut
648 760 684 794 in
714 760 834 805 primo
867 760 976 795 huius
1007 761 1192 796 suasimus
1222 760 1321 806 quod
1351 759 1599 795 adnichilacio
1628 771 1703 794 non
1732 765 1854 804 potest
1867 771 1975 804 supra,
1988 771 2045 803 pp.

523 830 607 854 esse
636 825 740 853 actus
775 818 941 861 dominii,
970 819 1022 853 ita
1054 820 1233 864 probatur
1259 819 1360 864 quod
1391 818 1545 853 dominii
1579 817 1745 853 abieccio
1775 815 1853 851 sive
1869 807 1929 848 298
1943 815 2030 847 seqq·

524 876 723 911 translacio
742 887 815 910 non
834 883 955 920 potest
973 888 1055 912 esse
1073 883 1177 912 actus
1198 876 1351 911 dominii
1368 889 1375 921 ;
1403 876 1578 922 quoniam
1599 887 1668 910 nec
1686 875 1854 919 congruit

524 934 658 969 domus
683 934 865 978 regimini,
892 946 977 969 curn
1004 946 1071 980 per
1096 935 1379 969 abdicacionem
1410 933 1563 969 dominii
1595 939 1854 968 contentorum

524 990 561 1026 in
592 992 703 1026 domo
732 992 847 1037 ipsius
882 993 1016 1027 domus
1049 992 1220 1026 condicio
1254 992 1451 1037 peioretur‚
1479 998 1515 1026 et
1543 991 1630 1036 quia
1659 990 1854 1025 abdicacio

524 1049 680 1084 dominii
699 1050 942 1085 dominatoris
960 1061 1127 1084 amorem
1150 1061 1238 1094 erga
1262 1049 1455 1084 dominata
1477 1049 1631 1083 offendit
1648 1060 1691 1083 ac
1709 1048 1853 1092 minuit,

521 1114 560 1143 et
581 1108 668 1153 quia
692 1109 967 1144 dominatorum
994 1108 1187 1143 abdicacio
1213 1108 1421 1142 dominium
1446 1107 1579 1142 minuit
1602 1114 1638 1142 et
1661 1107 1853 1152 extinguit,
1870 1121 1907 1154 15

524 1166 624 1211 quod
642 1167 744 1202 nulla
760 1167 934 1212 potencia
951 1167 997 1202 de
1015 1178 1054 1202 se
1072 1167 1184 1202 efficit
1202 1166 1272 1201 nisi
1290 1178 1356 1211 per
1373 1165 1560 1201 accidens.

574 1279 803 1316 IOHANNES.
825 1280 1017 1326 Stupenda
1031 1281 1241 1316 carnalibus
1256 1279 1401 1325 cupidis
1416 1286 1472 1315 est
1484 1280 1565 1323 ista,
1577 1279 1661 1314 licet
1675 1278 1729 1324 (ut
1742 1279 1855 1314 michi

525 1335 685 1381 videtur)
714 1338 819 1373 firma
844 1339 1050 1383 conclusio3
1085 1339 1156 1373 nisi
1183 1338 1282 1384 quod
1309 1345 1437 1373 contra
1463 1349 1546 1373 eam
1574 1337 1686 1372 michi
1712 1337 1857 1372 videtur

525 1393 626 1437 quod
652 1393 825 1428 dominus
852 1395 995 1429 habens
1022 1395 1225 1429 earundem
1251 1405 1373 1428 rerum
1399 1394 1515 1427 multa
1540 1392 1707 1427 dominia
1732 1399 1855 1437 potest

525 1449 605 1485 illas
639 1451 729 1486 dare
757 1458 901 1487 retento
933 1464 1007 1487 uno
1041 1452 1207 1487 dominio
1241 1458 1277 1486 et
1307 1452 1423 1486 altero
1457 1451 1642 1493 abdicato,
1671 1451 1765 1485 sicut
1792 1462 1855 1484 rex
1870 1460 1910 1483 20

526 1508 670 1544 habens
704 1509 882 1554 plurimos
916 1510 1083 1553 ducatus,
1113 1510 1322 1551 comitatus,
1356 1509 1542 1551 baronias,
1576 1515 1687 1553 atque
1721 1508 1856 1543 similia

526 1567 642 1601 multa
670 1567 875 1602 earundem
904 1579 1026 1602 rerum
1054 1567 1229 1611 dominia,
1258 1567 1347 1602 dare
1374 1574 1495 1612 potest
1524 1566 1719 1601 baroniam
1748 1566 1854 1600 abdi-

526 1625 648 1659 cando
666 1624 873 1660 dominium
889 1625 941 1670 (ut
956 1625 1095 1669 dicam>
1110 1626 1339 1668 baronicum,
1352 1625 1502 1660 retentis
1521 1625 1590 1659 sibi
1606 1624 1854 1668 superioribus
1869 1626 2072 1659 baronz'amss.

525 1682 701 1727 predictis
720 1683 896 1718 dominiis
913 1696 920 1718 :
947 1690 983 1718 et
1001 1683 1145 1718 videtur
1161 1695 1247 1718 vere
1270 1695 1315 1718 ac
1337 1683 1484 1728 proprie
1506 1683 1607 1717 dicta
1624 1681 1784 1717 donacio
1802 1681 1856 1716 sic

526 1740 615 1783 fieri,
634 1740 799 1776 dominio
817 1741 992 1776 abdicato
1010 1748 1120 1787 atque
1137 1742 1329 1776 translato.
1870 1753 1908 1785 25

574 1798 803 1834 RICARDUS.
831 1799 1010 1843 Quamvis
1029 1810 1117 1834 vera
1131 1805 1187 1834 est
1204 1806 1267 1834 tua
1284 1798 1485 1842 conclusio,
1499 1805 1623 1833 tamen
1641 1809 1715 1832 non
1730 1797 1856 1833 obviat

524 1856 756 1891 conclusioni
779 1864 905 1892 nostre
931 1858 1122 1902 premisse,
1141 1857 1318 1902 quoniam
1344 1857 1382 1891 in
1408 1857 1480 1892 ista
1504 1856 1714 1891 donacione
1740 1855 1855 1900 regali

525 1913 702 1949 retinetur
742 1915 944 1959 positivum
985 1915 1192 1950 dominium
1240 1922 1276 1950 et
1324 1916 1503 1959 naturale,
1546 1913 1714 1959 quamvis
1756 1914 1856 1948 aliud

524 1971 700 2006 humilius
729 1973 996 2008 transferatur:
1035 1980 1071 2008 et
1105 1975 1154 2008 ob
1188 1974 1271 2017 hoc,
1296 1973 1367 2008 etsi
1400 1984 1486 2008 vere
1520 1973 1665 2007 dicatur
1697 1971 1856 2006 donacio

525 2040 593 2064 suo
612 2031 736 2073 modo,
755 2042 820 2076 per
842 2032 914 2066 hoc
934 2032 1144 2066 nullatenus
1168 2031 1375 2066 infirmatur
1392 2031 1480 2076 quin
1501 2031 1574 2065 alia
1598 2030 1756 2065 donacio
1778 2030 1855 2065 sine
1869 2044 1911 2075 30

525 2088 769 2124 abdicacione
795 2089 951 2123 dominii
978 2089 1024 2124 sit
1051 2089 1174 2124 divine
1201 2089 1400 2124 donacioni
1428 2088 1651 2123 conformior
1676 2094 1711 2123 et
1737 2088 1857 2122 verior

527 2155 571 2180 ac
596 2146 718 2190 magis
743 2147 891 2191 proprie
916 2147 1017 2182 dicta
1043 2146 1202 2181 donacio
1220 2158 1333 2192 quam
1359 2147 1405 2181 sit
1431 2146 1511 2181 ista.
1562 2147 1611 2180 Et
1633 2145 1663 2180 si
1683 2146 1855 2180 attendas

526 2203 704 2247 intimius,
730 2205 933 2249 apparebit,
959 2205 1057 2250 quod
1086 2204 1158 2239 ista
1183 2204 1340 2239 donacio
1366 2215 1441 2238 non
1466 2210 1522 2238 est
1548 2210 1652 2238 actus
1678 2209 1741 2238 aut
1767 2214 1855 2238 usus

526 2261 693 2305 dominii,
713 2273 797 2296 curn
822 2274 845 2296 a
870 2262 1037 2297 dominio
1063 2274 1137 2297 non
1163 2262 1353 2307 procedat.
1401 2263 1488 2296 Non
1514 2262 1613 2300 enim
1639 2261 1807 2306 procedit
1833 2272 1856 2296 a

525 2320 706 2354 translato
733 2320 899 2354 dominio
929 2327 1079 2365 propter
1104 2319 1294 2354 racionem
1321 2319 1539 2365 predictam,
1558 2318 1645 2363 quia
1666 2319 1717 2353 ita
1747 2318 1855 2353 simul
1868 2330 1908 2362 35

526 2384 626 2412 esset
645 2377 745 2411 idern
764 2378 972 2412 dominium
991 2378 1027 2412 in
1047 2378 1240 2413 donatario
1258 2384 1294 2412 et
1308 2378 1484 2412 donante.
1521 2378 1603 2411 Nec
1622 2376 1789 2421 procedit
1807 2378 1855 2411 ab

528 2432 650 2477 aliquo
679 2433 846 2467 dominio
875 2433 952 2477 regi
984 2433 1136 2468 donanti
1171 2440 1315 2468 retento
1344 2432 1500 2467 naturali
1529 2432 1607 2466 sive
1637 2431 1745 2465 civili.
1796 2433 1856 2466 De

526 2490 683 2525 naturali
711 2490 856 2525 videtur
888 2491 960 2525 hoc
994 2492 1144 2533 clarum,
1171 2491 1347 2536 quoniam
1376 2491 1424 2525 ad
1453 2490 1621 2524 naturale
1650 2489 1855 2523 dominium

524 2559 600 2583 non
619 2548 777 2593 pertinet
798 2555 860 2583 aut
883 2555 1008 2583 tenere
1032 2555 1095 2583 aut
1118 2549 1264 2584 abicere
1289 2560 1332 2583 eo
1356 2549 1469 2583 modo
1493 2548 1643 2592 aliquod
1667 2547 1855 2591 proprium

525 2616 590 2640 seu
623 2604 822 2650 positivum
856 2605 1074 2649 dominium,
1109 2617 1195 2640 cum
1228 2606 1355 2640 omnia
1388 2606 1556 2640 dominia
1589 2604 1747 2650 positiva
1781 2604 1909 2646 sint40

524 2663 682 2697 naturali
710 2663 875 2697 dominio
902 2663 1110 2708 superiecta
1136 2664 1185 2698 ad
1211 2663 1488 2698 restriccionem
1514 2674 1601 2697 usus
1628 2662 1753 2707 ipsius,
1779 2673 1853 2696 non

526 2720 575 2755 illi
595 2721 763 2755 subiecta
782 2721 828 2755 de
846 2722 944 2756 facto
962 2734 968 2756 :
996 2722 1094 2757 unde
1113 2733 1186 2756 non
1206 2728 1328 2766 potest
1346 2722 1444 2756 circa
1462 2721 1621 2766 positiva
1639 2721 1707 2755 sibi
1728 2731 1854 2764 super-

526 2779 688 2814 adducta
707 2780 884 2823 dominia,
900 2780 969 2814 nisi
989 2781 1113 2825 quoad
1131 2780 1409 2825 possessionem
1427 2780 1504 2815 sive
1524 2792 1630 2815 usum
1649 2780 1853 2814 naturalem
