2008 3305
194 189 246 230 82

874 193 938 224 DE
972 190 1190 224 DOMINIO
1224 188 1398 222 DIVINO
1607 174 1713 234 [CAP.
1741 188 1796 216 x1.

472 310 571 347 tibus
605 309 814 348 formaliter
842 320 952 346 suam
987 318 1155 352 causam,
1185 306 1232 343 sit
1262 302 1545 342 demonstracio
1574 302 1623 339 ab
1652 300 1798 347 effectu,
1815 309 1912 351 [270

471 380 709 430 possibilitas
730 385 860 416 autem
889 377 1150 415 antecedentis
1171 375 1287 425 positi
1308 386 1389 412 non
1412 372 1613 422 negabitur
1633 384 1656 410 a
1676 370 1801 418 fideli;

473 462 544 488 nec
580 455 752 499 superest
788 449 893 486 racio
926 460 1043 498 quare
1085 447 1156 484 ista
1194 445 1291 484 foret
1330 443 1629 488 demonstracio‚
1674 441 1804 479 Omne

472 527 620 558 motum
642 525 816 558 movetur
836 519 885 556 ab
905 518 991 563 alio,
1012 523 1049 555 et
1068 516 1236 554 mundus
1256 521 1430 553 movetur
1451 514 1531 552 sine
1551 524 1735 562 processu
1763 511 1803 548 in

471 591 663 628 infinitum
692 590 787 627 inter
823 596 1014 627 motorem
1044 594 1081 625 et
1111 593 1271 633 motum,
1301 598 1396 635 ergo
1430 591 1487 623 est
1517 584 1607 622 dare
1635 583 1835 633 primum5

472 667 664 699 motorem
697 660 929 709 simpliciter,
951 659 1045 708 quin
1078 670 1146 707 per
1177 657 1280 695 idem
1314 656 1553 704 contingeret
1583 653 1689 703 quod
1718 653 1804 691 talis

472 731 668 769 discursus
689 731 736 769 sit
756 730 1039 768 demonstracio
1059 729 1108 766 ab
1122 728 1274 766 effectu.
1330 725 1446 764 Unde
1467 737 1538 775 pro
1554 724 1805 774 possibilitate

474 801 674 851 assumpti,
688 800 775 838 vide
788 800 1063 849 Augustinum‚
1076 812 1112 836 x.
1127 799 1175 836 de
1196 797 1397 843 Trinitate,
1414 796 1516 833 xxvii
1531 808 1540 833 z
1559 795 1652 841 Hec,
1673 794 1805 844 inquit,

474 874 563 918 tria,
585 872 772 918 memoria,
794 871 1049 918 z‘ntellzgrencz'a,
1071 873 1105 907 et
1130 870 1311 915 voluntas,
1334 869 1505 917 quoniam
1532 880 1603 904 non
1628 871 1716 904 sunt
1732 871 1807 904 tres

475 944 547 981 vite
572 943 637 981 sed
660 954 737 979 una
766 943 854 987 vita,
876 954 938 978 nec
957 945 1030 978 tres
1058 944 1188 977 mentes
1216 939 1281 976 sed
1304 952 1380 976 una
1409 951 1533 982 mens;
1557 941 1807 987 consequenter
1821 946 1861 969 10

475 1016 597 1062 itaque
614 1026 677 1050 nec
695 1017 772 1050 tres
790 1012 996 1049 substancz'e
1014 1015 1111 1057 sunt,
1126 1011 1191 1048 sed
1206 1023 1282 1047 una
1301 1009 1526 1047 substancia.
1555 1008 1605 1046 Et
1625 1008 1805 1057 sequitur,

474 1083 623 1121 Idcirco
638 1084 700 1120 lzec
719 1083 795 1120 tria
810 1086 898 1120 sunt
909 1094 1033 1127 unum,
1048 1093 1117 1130 quo
1132 1093 1207 1117 una
1223 1081 1313 1126 υἱέα,
1330 1093 1405 1117 una
1421 1091 1530 1125 mens,
1546 1091 1623 1116 una
1635 1080 1806 1124 essencz'a,

474 1157 508 1190 et
516 1153 701 1202 quidquid
710 1153 820 1190 aliud
830 1153 883 1189 ad
890 1152 1041 1201 singula
1057 1152 1246 1188 dicuntur:
1264 1163 1301 1187 eo
1314 1162 1397 1187 vero
1411 1150 1500 1196 tria,
1512 1162 1582 1198 quo
1597 1149 1650 1185 ad
1659 1162 1694 1186 se
1709 1149 1806 1185 z‘nvz'-

475 1236 547 1261 cem
567 1224 717 1273 singula
737 1223 962 1273 reseruntur.
1008 1221 1060 1259 Et
1079 1228 1207 1259 tamen
1227 1221 1359 1258 beatus
1379 1219 1616 1268 Augustinus
1636 1231 1717 1256 non
1738 1219 1808 1256 fuit

476 1306 524 1331 ex
554 1294 630 1332 fide
650 1294 902 1332 necessitatus
923 1293 973 1331 ad
993 1292 1222 1342 ponendum
1242 1291 1371 1328 anime
1400 1291 1629 1336 trinitatem3
1659 1302 1731 1328 nec
1751 1296 1808 1328 est
1825 1302 1862 1335 15

475 1364 675 1402 verisimile
696 1370 776 1401 tam
806 1369 982 1401 sanctum
1002 1363 1229 1412 episcopum
1250 1362 1470 1399 mendicare
1490 1361 1578 1398 ficta
1606 1360 1810 1398 mendacia

475 1435 526 1472 ad
545 1434 787 1472 fundandum
806 1433 1007 1472 fantastice
1028 1433 1145 1470 fidem
1165 1445 1286 1478 suam,
1304 1431 1409 1482 quod
1429 1432 1481 1469 sic
1502 1431 1663 1469 credidit
1682 1430 1811 1480 philo-

476 1504 635 1554 sophice
662 1503 926 1543 senciendum.
983 1502 1069 1542 Nec
1091 1502 1109 1522 ’¹‘
1131 1503 1293 1540 dubium
1313 1502 1361 1540 de
1389 1502 1465 1540 hoc
1485 1501 1654 1540 studenti
1683 1501 1808 1539 debite
1822 1511 1855 1540 D

475 1575 713 1613 sentenciam
732 1574 954 1624 Augustini.

529 1645 651 1692 Quod
666 1652 795 1683 autem
809 1651 1051 1695 assumptum
1064 1643 1289 1694 principalis
1305 1641 1523 1693 argumenti
1539 1641 1587 1680 sit
1599 1641 1755 1680 evidens
1768 1641 1808 1679 in
1824 1655 1866 1678 20

475 1716 619 1754 lumine
639 1714 801 1754 naturali
821 1721 926 1765 patet
947 1715 1096 1753 doctori
1121 1714 1314 1752 catholico
1335 1713 1497 1763 ponenti
1516 1712 1750 1762 exemplaria
1770 1713 1809 1750 in

475 1786 575 1832 Deo,
597 1786 702 1823 iuxta
715 1797 791 1835 que
812 1785 971 1823 effectus
992 1785 1131 1834 singuli
1152 1784 1439 1834 producuntur3
1460 1795 1552 1832 ymo
1567 1783 1606 1820 in
1619 1783 1695 1820 hoc
1716 1795 1810 1821 con-

477 1857 591 1895 sentit
603 1855 766 1894 Averois
786 1855 962 1902 infidelis,
981 1855 1043 1893 xii.
1059 1854 1339 1904 Methaphisice
1354 1866 1363 1900 ;
1383 1866 1475 1903 ymo
1496 1865 1635 1891 omnes
1655 1854 1810 1902 argucie

476 1926 739 1975 sophistarum
760 1938 836 1976 que
864 1932 1064 1963 moverent
1093 1931 1228 1963 contra
1248 1925 1458 1962 trinitatem
1478 1924 1600 1973 prime
1629 1924 1810 1961 Essencie

476 2009 576 2047 eque
608 1996 814 2034 efficaciter
846 2002 1046 2034 moverent
1083 2002 1219 2034 contra
1252 1995 1460 2033 trinitatem
1494 1994 1610 2032 creati
1644 1994 1809 2044 spiritus.
1825 2003 1864 2037 25

476 2068 585 2106 Patet
610 2078 704 2115 ergo
730 2065 836 2117 quod
865 2066 1063 2105 evidencia
1088 2067 1175 2116 capi
1195 2072 1323 2116 potest
1350 2078 1398 2104 ex
1424 2065 1589 2103 trinitate
1613 2071 1751 2111 creata,
1770 2071 1813 2102 ut

478 2150 594 2187 supra
631 2137 749 2174 fidem
781 2137 902 2174 fidelis
935 2138 1127 2176 assenciat
1161 2137 1316 2175 trinitati
1347 2137 1472 2187 prime
1508 2134 1705 2174 Essencie.
1762 2135 1813 2173 Et

478 2207 571 2247 illud
609 2207 795 2245 declaravi
833 2207 971 2246 diffuse
1009 2208 1112 2255 alias,
1153 2207 1353 2258 quomodo
1399 2219 1479 2245 non
1526 2211 1584 2243 est
1630 2206 1812 2255 possibile

479 2284 646 2317 creatam
675 2278 890 2317 essenciam
911 2278 989 2316 sive
1010 2279 1272 2316 substanciam
1292 2290 1363 2327 per
1389 2289 1431 2315 se
1451 2288 1548 2322 esse,
1569 2276 1642 2313 nisi
1671 2276 1811 2313 habeat

481 2348 779 2388 inclinacionem
817 2349 895 2387 sive
933 2348 1147 2399 appetitum
1195 2349 1245 2387 ad
1292 2347 1489 2398 propriam
1535 2346 1809 2394 existenciam;
1825 2355 1867 2387 30

517 2478 556 2494 12.
577 2476 632 2500 quo
646 2468 687 2494 B:
706 2476 760 2500 que
772 2467 832 2494 AC.
882 2467 916 2494 In
930 2466 1050 2500 August.
1064 2466 1169 2500 quippe
1182 2467 1267 2493 verba
1279 2466 1320 2492 ita
1334 2475 1363 2492 se
1376 2465 1497 2492 habent:
1518 2465 1658 2498 Quocirca
1671 2466 1732 2491 tria
1745 2465 1814 2492 haec

481 2511 512 2528 eo
525 2505 594 2527 sunt
606 2510 700 2527 unum
712 2510 774 2534 quo,
788 2501 839 2527 &c.
945 2510 983 2533 13.
1005 2502 1093 2527 aliud
1102 2502 1145 2526 ad
1156 2501 1178 2526 B
1191 2508 1197 2526 ἰ
1217 2500 1269 2526 a'd
1278 2500 1321 2526 ad
1330 2500 1380 2526 AC
1391 2507 1396 2525 :
1416 2499 1505 2525 alind
1517 2500 1560 2524 ad
1573 2508 1601 2525 se
1614 2500 1677 2531 [psa
1690 2499 1810 2531 August.

481 2545 512 2561 eo
526 2535 548 2560 B
562 2544 625 2561 cum
636 2535 774 2567 August.:
793 2543 827 2560 ea
838 2535 897 2561 AC.
968 2536 1006 2561 16.
1026 2535 1190 2561 mendicare
1201 2534 1223 2560 B
1236 2541 1242 2561 2
1262 2534 1443 2561 mendaciter
1450 2533 1510 2560 AC.
1580 2542 1621 2565 23.
1637 2532 1812 2559 Averoz'sA:

482 2570 611 2601 Averoys
624 2568 681 2596 BC.
787 2576 826 2600 25.
849 2570 858 2599 ΙΙ
868 2570 1015 2594 moverent
1029 2568 1051 2594 B
1064 2568 1083 2594 s.
1098 2577 1147 2600 224
1159 2576 1183 2594 c.

526 2670 557 2700 8.
603 2669 742 2709 August.
759 2669 799 2699 de
816 2669 904 2700 Trin.
921 2679 950 2700 x.
972 2677 1005 2699 11
1028 2672 1044 2707 ξ
1066 2669 1114 2709 18,
1134 2669 1220 2710 Opp.
1239 2670 1268 2700 8.
1287 2669 1349 2710 898
1368 2676 1403 2708 D,
1422 2676 1453 2700 E.

532 2728 580 2758 23.
606 2720 812 2760 Apparently
829 2721 942 2752 Averr.
961 2720 993 2751 in
1019 2721 1119 2751 Arist.
1140 2721 1328 2761 Metaphys.
1353 2720 1407 2751 xii.
1425 2730 1544 2752 comm.
1566 2720 1614 2759 18,
1634 2721 1687 2762 36,
1712 2719 1814 2752 Arist.

487 2775 574 2816 Opp.
594 2784 668 2806 eum
685 2774 795 2806 Averr.
814 2785 934 2808 comm.
952 2776 969 2806 8
987 2775 1019 2807 ff.
1041 2784 1100 2817 143
1118 2775 1144 2813 b,
1168 2785 1225 2817 149
1244 2776 1272 2812 b,
1291 2775 1413 2808 Venice
1433 2783 1527 2815 1552.
