2008 3305
183 236 236 265 10

187 1363 210 1379 2,
234 1350 373 1383 Lordship
387 1349 410 1376 is

189 1392 238 1412 not
251 1385 357 1411 eternal
370 1391 376 1410 :

188 1421 210 1447 it
224 1420 246 1446 is
259 1420 431 1450 subsequent

188 1460 226 1485 to,
242 1454 298 1479 and
311 1453 412 1485 depen-

189 1489 257 1515 dent
270 1496 346 1520 upon

189 1521 322 1549 creation.

191 1919 256 1946 God
266 1918 293 1945 in
307 1918 355 1945 the
369 1918 427 1946 first

191 1954 308 1985 chapter
321 1953 352 1979 of

192 1986 310 2013 Genesis
324 1987 452 2012 becomes

191 2021 276 2046 Lord
287 2020 315 2046 in
328 2021 376 2048 the

191 2055 305 2083 second.

863 232 927 263 DE
961 231 1182 264 DOMINIO
1216 231 1392 263 D1V1No
1613 217 1719 276 [CAP.
1743 231 1790 259 11.

461 347 649 397 acquisita
687 359 933 397 consequens
971 347 1021 385 ad
1059 359 1292 397 possessum,
1331 353 1372 383 ut
1410 353 1610 384 causatum
1648 345 1698 383 ad
1737 345 1794 382 sui
1809 347 1880 390 [30

461 431 630 465 causam,
653 431 734 456 non
754 424 810 455 est
830 418 914 467 ipsa
933 424 1102 468 potestas
1122 418 1385 467 temporaliter
1400 417 1647 454 antecedens.
1690 415 1796 453 Ecce

460 490 646 540 probacio
668 489 781 526 huius
808 489 847 526 in
875 488 1114 538 particulari:
1144 500 1236 525 nam
1263 487 1372 525 Deus
1392 487 1585 525 concessit
1605 487 1741 524 Aaron
1761 492 1798 523 et

462 561 548 598 filiis
570 561 646 598 suis
675 560 845 598 decimas
873 566 909 597 et
930 559 1074 597 hostias
1099 572 1170 609 pro
1194 566 1358 609 peccato
1388 570 1458 608 pro
1480 571 1550 596 suo
1571 557 1795 603 ministerio,

463 639 505 669 ut
523 638 627 681 patet
647 630 764 668 Num.
782 631 895 676 xviii„
912 631 978 668 ubi
994 637 1130 668 notum
1146 637 1201 668 est
1218 630 1324 679 quod
1339 643 1387 668 ex
1404 630 1565 668 dacione
1581 629 1797 666 habuerunt
1812 636 1829 668 5

463 703 615 740 titulum
644 709 681 740 et
712 708 943 751 potestatem
978 702 1026 739 ad
1055 702 1342 740 vendicandum
1376 701 1465 738 talia
1495 713 1584 738 cum
1612 699 1797 746 venerint,

461 774 544 812 sine
568 785 670 811 nova
694 780 883 823 potestate
905 773 1034 810 danda
1053 785 1123 822 pro
1144 779 1318 822 tempore
1338 772 1561 817 oblacionis,
1584 771 1673 821 quia
1692 770 1800 808 aliter

462 846 568 895 prior
612 850 785 894 potestas
834 844 1100 894 superflueret.
1155 843 1207 882 Et
1245 843 1349 881 idem
1393 850 1497 893 patet
1540 843 1587 881 de
1631 840 1800 880 dominis

462 916 645 954 dantibus
678 915 719 952 in
765 915 964 953 communi
998 916 1047 953 de
1082 915 1211 953 multis
1245 914 1535 964 acceptibilibus
1570 924 1800 963 quecunque

465 987 675 1026 donatariis
695 986 884 1026 voluerint
903 986 1054 1035 eligere,
1078 987 1143 1024 ubi
1164 992 1268 1036 patet
1288 986 1392 1036 quod
1421 992 1478 1023 est
1497 986 1555 1023 ius
1575 992 1612 1023 et
1630 990 1800 1035 potestas
1815 998 1856 1020 10

466 1059 653 1109 acquisita
687 1058 769 1096 sine
803 1057 976 1096 dominio
1009 1057 1106 1095 illius
1138 1063 1314 1107 respectu
1342 1057 1450 1095 cuius
1481 1063 1537 1094 est
1565 1057 1633 1095 ius,
1690 1056 1741 1093 Et
1770 1055 1802 1093 si

466 1132 563 1169 foret
597 1130 814 1167 dominium
847 1129 1010 1167 dominii
1042 1129 1185 1166 relativi
1220 1128 1301 1166 sine
1334 1128 1509 1165 dominio
1543 1127 1721 1172 absoluti,
1753 1125 1803 1163 ad

467 1202 575 1252 quod
594 1201 871 1248 terminaretur,
894 1200 991 1238 foret
1010 1211 1216 1250 processus
1242 1200 1282 1237 in
1301 1199 1493 1236 infinitum
1514 1199 1553 1235 in
1574 1197 1803 1236 differenciis

467 1273 581 1310 nimis
602 1272 805 1322 superflue.

523 1343 702 1381 Secundo
722 1355 770 1380 ex
799 1342 1064 1392 descripcione
1089 1348 1192 1391 patet
1213 1340 1320 1391 quod
1340 1340 1489 1378 nullum
1510 1340 1725 1379 dominium
1746 1346 1803 1378 est
1819 1354 1856 1387 15

467 1423 644 1454 eternum
660 1414 890 1464 simpliciter,
905 1425 996 1451 cum
1016 1413 1062 1451 sit
1082 1413 1241 1450 effectus
1257 1412 1446 1462 incipiens
1467 1412 1516 1450 ad
1536 1412 1803 1462 incepcionem

468 1493 639 1525 creature
678 1485 960 1531 subservientis,
999 1484 1083 1534 ipsa
1117 1490 1289 1522 creatura
1327 1483 1514 1533 posterior
1551 1489 1696 1521 natura.
1752 1483 1804 1520 Et

469 1558 544 1596 hoc
572 1563 728 1595 notatur
756 1569 824 1606 per
856 1555 1073 1594 doctrinam
1102 1567 1179 1605 qua
1207 1555 1365 1605 ponitur
1387 1553 1405 1573 *
1427 1554 1534 1604 quod
1562 1554 1601 1591 in
1631 1553 1849 1593 dominioD

470 1629 740 1667 denominatur
761 1627 975 1665 subiectum
995 1639 1065 1664 suo
1086 1626 1217 1675 prefici
1234 1626 1432 1663 servienti:
1454 1626 1484 1663 si
1501 1625 1604 1663 enim
1619 1625 1802 1672 dominio,

469 1701 510 1738 in
541 1706 730 1750 quantum
758 1698 992 1743 huiusmodi,
1022 1697 1237 1735 subiectum
1266 1697 1470 1746 preficitur,
1502 1697 1671 1746 sequitur
1700 1695 1806 1745 quod
1821 1709 1861 1732 20

471 1771 698 1817 dominium,
725 1770 766 1807 in
797 1776 986 1819 quantum
1019 1767 1251 1815 huiusmodi,
1281 1767 1323 1805 fit
1350 1780 1372 1805 a
1402 1767 1633 1817 preficiente.
1690 1766 1807 1804 Unde

471 1842 580 1880 Deus
593 1842 632 1878 in
648 1840 817 1879 creando
833 1847 1028 1879 creaturas
1041 1845 1323 1889 consequenter
1339 1839 1467 1888 ipsum
1480 1838 1636 1888 prefecit
1651 1838 1807 1876 eisdem.

470 1913 520 1951 Et
539 1913 630 1951 hinc
652 1913 744 1950 dicit
758 1911 1013 1961 Augustinus,
1036 1910 1171 1960 quinto
1192 1910 1239 1947 de
1261 1909 1463 1956 Trinitate,
1480 1909 1647 1959 capitulo
1668 1909 1807 1956 xxxvi„

472 1992 509 2023 et
542 1983 792 2029 Anshelmm,
829 1981 1062 2031 Monologio
1096 1981 1224 2028 xxvii„
1255 1981 1363 2031 quod
1400 1980 1508 2018 Deus
1546 1981 1687 2030 incepit
1725 1992 1808 2018 esse

472 2057 653 2094 dominus
683 2067 755 2092 nec
784 2060 953 2091 mutatus
982 2060 1037 2090 est
1066 2065 1133 2102 per
1167 2052 1469 2102 acquisicionem
1499 2052 1595 2089 illius
1625 2051 1861 2103 dominii;25

472 2128 563 2177 quia
594 2126 731 2164 sufficit
766 2137 837 2174 pro
871 2124 1132 2174 acquisicione
1162 2123 1365 2161 relacionis
1395 2123 1526 2161 mocio
1558 2123 1710 2160 alterius
1742 2135 1808 2160 ex-

472 2205 707 2236 tremorum:
732 2196 925 2233 dominari
940 2207 1045 2244 ergo,
1061 2195 1158 2232 sicut
1178 2201 1215 2232 et
1233 2195 1383 2241 servire,
1401 2194 1471 2232 sibi
1488 2193 1808 2243 correspondens,

474 2269 564 2307 dicit
584 2279 698 2305 suum
718 2266 924 2304 terminum
947 2277 1196 2303 communem
1215 2265 1255 2302 in
1275 2272 1461 2314 tempore.
1517 2264 1567 2302 Et
1587 2264 1627 2301 in
1647 2264 1810 2313 figuram

473 2340 585 2377 huius
616 2337 784 2375 veritatis
819 2336 1025 2385 Scriptura,
1059 2335 1159 2374 Gen.
1191 2336 1225 2383 i.,
1257 2347 1337 2373 non
1366 2335 1456 2373 facit
1482 2335 1729 2373 mencionem
1761 2334 1810 2371 de

474 2410 636 2448 Domino
657 2408 725 2446 sed
746 2419 897 2457 semper
923 2407 995 2444 sub
1024 2406 1183 2444 nomine
1206 2405 1305 2444 Dei:
1337 2406 1427 2444 dicit
1449 2406 1554 2444 enim
1580 2405 1685 2456 quod
1704 2404 1809 2442 Deus
1823 2422 1864 2453 30

508 2530 530 2553 4.
553 2522 562 2550 ΙΙ
575 2523 603 2546 et
616 2520 725 2545 lzostz'as
739 2519 762 2544 B
776 2518 794 2543 f.
807 2527 854 2550 213
867 2526 890 2543 Β.
1002 2519 1025 2544 6.
1046 2518 1260 2544 vendicandum
1275 2518 1314 2543 B:
1334 2517 1516 2544 vendendum
1529 2517 1554 2542 A
1566 2516 1597 2543 C.
1705 2525 1744 2542 12.
1764 2515 1810 2541 do-

474 2556 564 2581 minii
577 2555 598 2580 B
608 2554 647 2580 C:
669 2553 821 2578 dominum
834 2553 868 2577 A.
903 2572 909 2578 .
1044 2561 1083 2583 15.
1099 2554 1185 2584 patet
1204 2551 1230 2577 in
1252 2552 1274 2577 B
1293 2557 1357 2585 post
1375 2551 1505 2578 Secundo
1518 2550 1630 2584 legitur,
1644 2548 1673 2576 in
1686 2549 1709 2577 C
1723 2550 1812 2575 deest.

476 2591 517 2615 18.
538 2590 568 2615 z'n
582 2596 634 2614 om.
649 2587 681 2613 B.
785 2595 826 2618 23.
852 2586 1017 2612 Trinitate:
1038 2586 1120 2612 codd.
1135 2586 1265 2612 ciuitate.

522 2674 571 2704 18.
596 2671 682 2703 Vide
700 2679 809 2711 supra,
826 2680 856 2710 p.
876 2670 934 2711 41.
954 2671 982 2701 8.

523 2733 571 2763 23.
598 2724 740 2763 August.
765 2721 805 2751 de
833 2721 921 2752 Trin.
940 2733 970 2753 v.
1003 2720 1040 2752 16
1068 2723 1084 2758 ξ
1117 2728 1164 2762 17,
1182 2721 1270 2763 Opp.
1289 2722 1329 2751 8:
1358 2721 1417 2762 841
1442 2721 1552 2760 G-843
1579 2729 1612 2751 A.

521 2785 571 2815 24.
596 2775 743 2806 Anselm.
759 2773 945 2815 Monolog.,
959 2774 1101 2815 perhaps
1117 2784 1188 2815 cap.
1204 2784 1287 2812 xxv„
1301 2774 1389 2815 Opp.
1406 2782 1444 2813 14
1459 2784 1489 2809 a,
1507 2772 1555 2804 ed.
1572 2772 1612 2804 G.
1628 2771 1807 2809 Cerberon,

475 2828 568 2859 Paris
591 2833 682 2868 1721,
702 2824 783 2857 folio
798 2835 806 2868 3
833 2825 936 2857 where
954 2826 1105 2857 however
1122 2825 1210 2856 there
1228 2825 1254 2856 is
1271 2836 1314 2856 no
1332 2824 1477 2856 mention
1496 2824 1532 2855 of
1545 2821 1769 2854 ‘dominium.'
