2095 3278
40 199 312 252 CAP.XXX111.]
573 207 637 238 DE
671 205 911 238 PAUPERIE
943 205 1259 238 SALVATORIS.
1775 204 1856 248 329

147 315 241 357 13D]
308 312 536 345 IOHANNES.
563 311 737 344 Letanter
766 310 835 344 hec
869 308 977 343 video
1012 315 1066 343 set
1101 308 1256 353 qualiter
1289 308 1360 342 ista
1393 306 1580 342 restriccio
1595 307 1761 341 XXXII.

258 369 367 403 efficit
386 368 641 403 vendicionem
659 368 737 401 sine
755 366 1050 401 commutacione
1076 377 1150 400 non
1170 366 1289 409 video,
1308 366 1401 400 sicut
1421 366 1459 399 fit
1479 376 1580 399 com·
1597 369 1629 394 In
1643 368 1742 426 selligng
1754 373 1783 394 to
1797 368 1861 395 God

258 425 418 460 mutacio
442 436 526 459 cum
552 425 664 459 homo
692 436 750 458 res
778 435 862 458 suas
890 423 1115 458 extrinsecas
1144 424 1228 457 Deo
1254 424 1379 466 donat,
1400 429 1437 457 ut
1464 422 1579 467 patuit
1595 411 1788 468 ffi’ki'sfcpssssff

258 483 383 518 statim
401 495 521 527 supra.

224 551 241 583 5
305 542 531 575 RICARDUS.
562 538 815 575 Commutacio
834 546 896 574 aut
915 540 1027 574 habet
1045 539 1324 574 abdicacionem
1342 550 1407 573 seu
1424 537 1581 572 mutaci-

258 610 367 633 onem
388 597 540 632 dominii
562 604 624 632 aut
648 597 892 642 possessionis
921 609 985 631 seu
1009 596 1244 642 proprietatis
1269 607 1463 638 annexam,
1489 596 1582 630 sicut

257 667 301 690 ex
318 667 426 689 sensu
444 655 521 689 eius
547 655 813 699 grammaticali
833 661 1008 699 apparet,
1036 655 1153 699 qualis
1179 653 1372 688 abdicacio
1392 664 1467 687 non
1486 653 1525 686 fit
1545 653 1582 686 in

257 719 342 747 actu
360 712 569 755 voluntatis,
588 723 672 746 cum
699 713 782 746 Deo
806 712 887 756 ipsa
905 713 1076 747 voluntas
1099 723 1165 756 pro
1184 711 1260 746 vita
1283 718 1410 746 eterna
1434 711 1584 745 offertur

258 771 334 805 sive
353 771 530 805 donatur:
560 770 605 804 de
624 770 835 814 cupiditatis
853 776 978 804 tamen
1004 781 1118 814 regno
1136 769 1275 814 aliquid
1294 769 1436 814 deperit
1456 768 1509 813 (ut
1527 775 1583 803 est

205 838 245 860 10
258 828 411 871 dictum)
427 839 434 870 ;
463 834 528 870 set,
547 826 632 872 quia
650 827 739 861 illud
757 838 831 861 non
850 834 984 870 manet,
1004 827 1220 862 commutari
1244 827 1316 861 dici
1334 838 1406 861 non
1424 825 1558 871 poterit
1573 837 1581 861 :

257 892 293 921 et
312 886 407 928 ideo,
425 897 510 919 cum
528 885 589 919 illa
606 885 774 919 voluntas
797 896 863 929 pro
881 885 956 919 vita
974 891 1100 919 eterna
1120 886 1203 919 Deo
1221 885 1390 927 donatur,
1411 884 1488 919 sine
1505 884 1584 918 eius

258 950 295 978 et
313 943 561 987 cuiuscunque
587 941 638 977 rei
657 942 807 976 alterius
825 943 1132 986 commutacione,
1153 943 1191 977 fit
1209 942 1354 986 empcio
1368 941 1442 976 vite
1460 949 1585 976 eterne

259 1001 357 1035 iuxta
386 1001 589 1044 predictam
614 1000 725 1034 Ysaie
755 1000 983 1044 scripturam.
1035 1001 1191 1035 Constat
1219 999 1329 1043 igitur
1353 1000 1586 1044 empcionem

258 1065 293 1093 et
327 1058 592 1100 vendicionem,
621 1057 714 1092 sicut
747 1064 783 1092 et
818 1058 1073 1101 donacionem,
1102 1058 1151 1092 ad
1184 1057 1351 1092 divinum
1381 1058 1586 1092 dominium

208 1128 245 1159 15
260 1116 452 1160 pertinere.

311 1175 398 1208 IoH.
426 1173 560 1208 Libens
587 1172 703 1208 fateor
726 1173 775 1208 ita
800 1184 903 1208 esse:
931 1184 1000 1207 nec
1018 1173 1064 1208 de
1089 1173 1279 1207 locacione
1297 1184 1448 1217 possum
1466 1173 1585 1207 ambi-

259 1242 356 1274 gere,
385 1241 455 1275 que
489 1231 583 1264 ultra
617 1231 961 1265 commodacionem
994 1230 1150 1274 amplius
1184 1230 1297 1264 nichil
1331 1231 1443 1265 habet
1474 1242 1585 1275 quam

259 1287 371 1333 precii
396 1288 620 1332 capcionem,
644 1288 738 1322 sicut
758 1299 826 1323 nec
850 1287 1019 1322 vendicio
1040 1289 1133 1322 ultra
1159 1287 1402 1322 donacionem
1427 1288 1585 1333 amplius

258 1346 372 1380 habet
387 1345 584 1390 quicquam
597 1345 683 1390 quin
703 1347 785 1380 Deo
804 1345 1008 1388 conveniat,
1028 1357 1071 1380 ex
1088 1357 1160 1390 quo
1179 1346 1284 1380 Deus
1298 1345 1351 1390 (ut
1366 1346 1402 1380 in
1420 1346 1586 1390 proximo

206 1418 246 1439 20
260 1410 315 1438 est
334 1403 539 1446 ostensum>
554 1403 718 1448 precium
745 1404 844 1448 quod
861 1410 916 1438 est
936 1415 1043 1437 suum
1069 1410 1190 1447 potest
1209 1403 1370 1447 recipere
1387 1415 1394 1438 :
1422 1405 1520 1438 unde
1539 1404 1586 1439 de

258 1461 366 1496 nullis
374 1461 514 1496 actibus
523 1461 675 1495 dominii
688 1473 754 1505 per
764 1472 823 1496 me
836 1462 1000 1506 superius
1013 1461 1213 1495 numeratis
1224 1473 1375 1506 possum
1387 1461 1586 1506 ambigere,

259 1519 347 1563 quin
361 1518 538 1553 veraciter
552 1519 597 1553 de
616 1518 690 1553 suis
708 1519 818 1553 rebus
835 1519 917 1553 Deo
935 1518 1157 1553 conveniant
1173 1530 1180 1561 ;
1200 1519 1374 1563 quoniam
1389 1520 1450 1564 qui
1465 1526 1585 1564 potest

261 1588 339 1611 rem
372 1588 458 1611 vere
493 1588 598 1610 suam
633 1577 783 1618 donare,
818 1577 989 1619 vendere,
1024 1577 1273 1620 commodare,
1307 1583 1419 1621 atque
1452 1578 1588 1619 locare,

259 1640 402 1669 mutare
427 1640 463 1668 et
489 1634 732 1679 multiplicare
757 1640 889 1678 potest,
909 1640 944 1668 et
970 1646 1036 1678 pro
1054 1641 1140 1668 voto
1160 1634 1266 1669 aliter
1289 1635 1402 1669 libere
1425 1647 1588 1670 commu-

43 1693 165 1735 reperz't
185 1700 223 1724 M.
261 1698 351 1735 tare,
379 1703 451 1736 quo
479 1692 604 1726 omnia
634 1692 732 1727 unde
761 1693 882 1727 exulto
905 1692 1045 1736 peperit
1071 1691 1183 1726 michi
1211 1692 1256 1727 de
1284 1691 1355 1728 Dei
1383 1692 1588 1729 donacione

260 1760 343 1784 mea
360 1749 534 1784 abieccio.

309 1863 383 1905 Set,
400 1873 525 1906 queso,
542 1861 647 1897 sicuti
666 1862 711 1897 de
730 1862 935 1897 donacione
955 1862 1120 1908 superius
1140 1863 1344 1908 ostendisti,
1358 1864 1457 1909 quod
1474 1863 1586 1899 veris-
1600 1862 1786 1898 XXXIII.

167 1921 248 1951 14A
263 1919 355 1954 sime
372 1926 408 1954 et
426 1920 677 1965 propriissime
696 1920 712 1939 ’¹‘
729 1922 813 1955 Deo
825 1921 1032 1964 conveniat,
1047 1921 1099 1956 sic
1112 1922 1157 1956 de
1170 1922 1415 1966 possessione,
1429 1923 1458 1956 si
1473 1923 1586 1964 vales,
1598 1919 1741 1979 ggnGOd'S
1759 1927 1867 1952 posses-

262 1978 429 2021 ostende,
440 1984 476 2012 et
492 1979 538 2012 de
556 1978 636 2012 aliis
650 1978 804 2012 dominii
818 1978 960 2013 actibus
976 1986 1244 2023 consequenter
1262 1979 1299 2014 id
1314 1980 1413 2014 idem
1431 1981 1586 2014 affirma.
1662 1973 1668 1979 ⁵

206 2047 249 2077 30
308 2037 536 2070 RICARDUS.
562 2036 748 2069 Possessio
775 2048 798 2070 a
822 2037 993 2080 possideo
1027 2036 1221 2080 derivatur,
1250 2038 1349 2081 quod
1377 2038 1532 2072 verbum
1565 2049 1587 2071 a

261 2093 517 2137 preposicione
528 2096 617 2138 post
633 2094 689 2128 vel
700 2097 774 2138 per
791 2094 870 2138 (pro
881 2094 1056 2138 perfide)
1076 2094 1291 2130 descendit:
1320 2096 1417 2129 unde
1437 2107 1587 2129 sensum

263 2150 371 2194 capit,
390 2162 433 2184 ex
452 2151 522 2184 hoe
540 2151 640 2195 quod
657 2163 696 2185 re
713 2151 895 2196 acquisita
912 2151 1094 2196 cuiquam,
1113 2151 1162 2186 ita
1180 2159 1218 2186 ut
1236 2152 1288 2186 sic
1306 2153 1373 2186 sub
1392 2164 1458 2186 sua
1476 2152 1586 2187 facul—

262 2214 337 2242 tate
366 2214 564 2252 remaneat,
592 2214 630 2242 ut
658 2219 702 2242 ea
729 2220 767 2243 re
796 2209 910 2243 libere
937 2209 988 2243 uti
1016 2209 1144 2253 possit,
1172 2215 1260 2243 tunc
1286 2221 1359 2243 non
1388 2210 1484 2244 circa
1509 2221 1588 2244 rem

262 2264 363 2299 illam
385 2265 540 2308 laborat,
561 2271 617 2299 set
632 2268 722 2310 post
745 2266 911 2300 laborem
933 2266 1192 2311 acquisicionis
1211 2266 1284 2301 iam
1306 2273 1360 2301 est
1380 2267 1534 2311 quietus,
1554 2274 1589 2302 et

209 2335 248 2366 35
263 2323 368 2365 sedet,
388 2323 445 2356 vel
467 2323 551 2367 quia
561 2323 724 2367 perfecte
746 2334 825 2357 rem
848 2323 972 2367 habet,
991 2335 1065 2358 non
1091 2325 1209 2358 solum
1235 2323 1271 2357 in
1293 2324 1457 2359 dominio
1478 2332 1533 2359 set
1552 2325 1588 2358 in

264 2379 499 2424 possessione
534 2380 706 2424 perfecta,
737 2380 858 2414 sedere
887 2381 1020 2415 dicitur
1052 2381 1290 2425 possidendo.
1352 2383 1447 2416 Cum
1481 2382 1590 2426 igitur

266 2438 370 2471 Deus
399 2448 465 2481 per
493 2443 616 2471 actum
646 2437 850 2472 creacionis
880 2438 1014 2472 habeat
1042 2450 1165 2472 rerum
1190 2438 1354 2473 omniurn
1372 2451 1499 2473 verum
1525 2440 1589 2474 do—

265 2494 432 2538 minium,
459 2501 494 2528 et
520 2506 578 2529 res
606 2501 876 2539 consequenter
903 2495 1059 2539 (natura,
1087 2496 1182 2539 dico,
1209 2508 1284 2530 non
1311 2497 1489 2541 tempore)
1518 2498 1591 2533 sint

265 2552 392 2586 habite
425 2564 448 2586 a
481 2553 564 2587 Deo
598 2552 648 2586 ita
681 2552 794 2587 libere
821 2553 920 2597 quod
952 2560 1037 2587 actu
1071 2554 1143 2588 alio
1176 2555 1303 2599 previo
1337 2567 1411 2589 non
1439 2562 1521 2600 eget
1551 2563 1590 2591 ut

211 2621 253 2652 40
266 2609 430 2644 liberime
453 2610 561 2643 rebus
587 2616 733 2652 utatur;
761 2622 835 2644 non
854 2610 963 2644 video
990 2610 1076 2655 quin
1095 2612 1210 2654 Deus,
1229 2612 1322 2647 sicut
1348 2613 1460 2648 habet
1478 2614 1590 2648 veris·

267 2667 359 2702 sime
376 2673 411 2701 et
437 2667 684 2712 propriissime
702 2668 918 2711 dominium,
938 2669 991 2703 sic
1009 2670 1119 2704 habet
1143 2670 1394 2714 propriissime
1411 2672 1591 2715 possessi-

267 2735 375 2759 onem
392 2724 558 2758 omnium
580 2737 701 2759 rerum
719 2732 830 2770 atque
847 2726 1047 2761 verissime.
1099 2728 1204 2770 Item,
1223 2728 1445 2762 sustentacio
1469 2740 1591 2763 rerum

267 2793 290 2817 a
308 2783 391 2816 Deo
411 2794 520 2827 supra
538 2783 724 2828 descripta
742 2790 796 2818 est
815 2784 1007 2819 verissima
1021 2795 1134 2820 causa
1150 2792 1185 2820 et
1203 2785 1456 2831 propriissima
1470 2786 1589 2831 possi-
