2008 3305
44 194 130 222 CAP.
153 183 247 235 vn]
584 192 648 223 DE
680 192 919 225 PAUPERIE
953 193 1266 225 SALVATORIS.
1779 184 1859 236 289

173 300 243 341 40]
260 293 419 338 retinuit,
454 301 489 329 et
531 295 649 329 eciam
692 295 820 330 retinet
865 296 902 329 in
944 295 1118 340 presenti,
1153 296 1263 331 veluti
1304 297 1431 331 mundi
1467 298 1585 332 tocius

259 353 472 397 angelorum
492 359 527 387 et
544 353 622 387 celi.

308 467 535 501 IOHANNES.
562 466 725 500 Attendo
750 466 943 511 perspicue
970 467 1068 512 quod
1093 469 1198 502 Deus·
1226 468 1263 502 in
1286 468 1414 502 mundi
1445 469 1583 513 origine
1597 475 1685 508 VII,

259 535 332 557 non
351 524 469 558 solum
487 524 553 558 fuit
573 524 744 558 dominus
763 530 798 558 et
821 525 948 559 habuit
973 526 1137 559 omnium
1156 537 1275 560 rerum
1294 526 1511 569 dominium,
1531 534 1584 562 set

228 581 378 625 5eciam
408 582 506 626 quod
534 582 661 615 habuit
690 588 777 616 tunc
797 581 916 616 tocius
944 583 1070 617 mundi
1098 589 1134 617 et
1163 583 1435 627 particularium
1462 596 1583 618 rerum

258 640 462 684 aliquarum
495 639 767 684 proprietatem,
799 651 873 673 non
908 640 1082 674 omnium.
1135 640 1233 685 Quid
1268 642 1314 675 de
1347 641 1583 685 possessione

256 696 334 731 eius
360 697 396 731 in
423 696 541 742 prima
564 697 701 741 origine
732 697 859 731 mundi
888 699 1076 732 affirmas?
1137 699 1315 743 Sequenti
1340 705 1464 733 tamen
1490 706 1582 733 tem-

255 766 343 799 pore
376 754 564 799 possessio
598 766 718 789 rerum
751 767 774 788 a
803 756 886 789 Deo
916 755 1040 800 sepius
1072 756 1108 789 in
1139 755 1333 800 Scripturis
1357 756 1581 800 exprimitur,

41 815 92 845 Ps.
109 815 173 846 ciii.
193 823 241 853 24.
255 818 294 846 ut
329 812 377 846 ibi
412 813 448 846 in
484 813 643 854 Psalmo,
678 814 836 857 Impletcz
862 817 917 847 esf
941 818 1044 847 terra
1069 815 1296 858 possessione
1321 818 1415 855 tua;
1447 821 1484 848 et
1518 815 1580 857 ibi,

39 871 240 902 Ps.lxxiii.2.
255 867 424 912 Populus
449 868 517 901 isle
541 879 647 912 quem
666 869 875 912 possedisti,
896 870 962 902 Ex.
981 881 1038 903 xv.
1070 869 1134 910 163
1168 874 1204 903 et
1231 870 1382 902 llsemor
1401 873 1474 902 esto
1499 881 1581 903 con-

248 926 485 970 gregacionis
517 930 579 959 tue
611 937 723 969 quam
750 927 952 970 possedisti
982 927 1026 960 ab
1059 928 1196 968 inicio:
1236 933 1272 960 et
1307 926 1343 960 in
1377 927 1457 961 aliis
1492 926 1581 962 locis

254 983 388 1017 multis.

302 1042 528 1075 RICARDUS.
549 1041 649 1076 Sicut
665 1052 707 1075 ex
722 1042 913 1076 creacione
926 1041 1100 1086 primaria
1113 1042 1215 1075 Deus
1230 1053 1315 1076 vere
1327 1041 1392 1076 fuit
1408 1042 1580 1077 dominus

254 1098 418 1132 omnium
437 1105 643 1133 creatorum
667 1099 703 1132 in
727 1110 793 1133 sua
816 1099 966 1143 origine,
985 1099 1036 1133 ita
1053 1111 1096 1133 ex
1114 1098 1288 1143 primaria
1306 1100 1581 1134 sustentacione

203 1171 239 1202 15
253 1156 460 1190 voluntaria
478 1156 656 1191 veraciter
673 1156 738 1191 fuit
757 1157 921 1191 omnium
943 1168 1064 1191 rerum
1082 1168 1166 1191 vere
1184 1168 1376 1201 possessor
1394 1157 1430 1191 in
1450 1157 1582 1192 eadem

253 1210 416 1254 ipsarum
442 1210 560 1255 prima
582 1211 741 1255 origine3
777 1211 863 1256 quia
887 1218 973 1245 tunc
998 1218 1130 1246 cuncta
1149 1218 1271 1246 creata
1291 1211 1344 1255 (ut
1361 1212 1516 1256 claruit),
1535 1224 1581 1246 ne

251 1267 331 1312 ipsa
356 1268 393 1302 in
418 1268 529 1302 nichil
556 1269 740 1309 decident,
759 1268 989 1311 sustentavit,
1009 1280 1077 1303 nec
1102 1269 1219 1313 potuit
1241 1281 1322 1303 esse
1346 1276 1492 1314 tempus
1519 1276 1581 1304 aut

251 1330 479 1358 momentum
512 1323 689 1368 temporis
728 1323 765 1357 in
806 1335 877 1368 quo
917 1324 1040 1368 aliqua
1077 1331 1208 1358 natura
1250 1331 1374 1359 creata
1408 1325 1486 1359 sine
1520 1325 1581 1359 illa

204 1382 236 1410 D
248 1377 271 1399 ÷÷
284 1377 485 1413 intrinseca
502 1378 774 1413 sustentacione
790 1378 917 1412 divina
934 1386 1108 1413 maneret.

200 1444 240 1465 20
301 1437 391 1470 IOH.
423 1436 521 1480 Quid
563 1437 609 1470 de
650 1447 770 1470 rerum
812 1447 880 1470 usu
921 1436 1110 1470 affirmas?
1182 1438 1333 1471 Ususne
1374 1443 1429 1471 est
1473 1438 1577 1472 Deus
1594 1447 1662 1486 Hac}
1676 1448 1822 1475 Godusus

252 1494 428 1528 creaturis
454 1494 528 1529 suis
555 1494 591 1528 in
619 1505 685 1528 suo
711 1493 913 1538 primordio
927 1494 1150 1538 P——primum
1175 1506 1302 1528 earum
1323 1494 1474 1539 originis
1498 1507 1577 1530 mo·
1591 1482 1859 1549 ζξῖἰζξζξὲῗξζξζέῗ

251 1558 415 1586 mentum
434 1552 606 1595 intelligo.

34 1614 115 1646 Gen.
133 1614 153 1644 i.
174 1623 200 1647 2.
298 1611 385 1644 RIC.
412 1611 471 1644 De
488 1621 556 1644 usu
575 1609 775 1644 intrinseco
792 1621 865 1644 non
884 1616 939 1644 est
957 1610 1109 1644 dubium
1136 1610 1235 1655 quin,
1255 1611 1403 1655 quando
1420 1612 1580 1656 spiritus

250 1667 410 1701 Domini
413 1668 635 1712 ferrebatur
648 1670 761 1712 super
776 1679 905 1711 aquas,
920 1669 1023 1702 Deus
1037 1679 1123 1702 usus
1137 1674 1192 1702 est
1206 1669 1376 1703 omnibus
1391 1670 1579 1712 creaturis,

199 1739 235 1771 25
252 1725 343 1759 sicut
366 1725 494 1759 artifex
515 1725 551 1759 in
582 1724 657 1759 suis
677 1725 849 1770 operibus
874 1725 1100 1760 delectatus:
1130 1727 1194 1760 sed
1218 1727 1265 1760 de
1290 1738 1356 1761 usu
1375 1726 1580 1762 extrinseco

250 1794 370 1817 rerum
395 1794 418 1817 a
452 1784 535 1817 Deo
569 1783 713 1817 videtur
751 1783 976 1827 ambiguum,
1007 1783 1183 1828 quoniam
1219 1784 1302 1818 talis
1335 1796 1424 1819 usus
1457 1785 1578 1819 omnis

249 1840 453 1875 extrinseca
485 1839 588 1875 accio
622 1852 686 1875 seu
721 1848 824 1875 actus
858 1840 991 1875 existit.
1043 1842 1155 1875 Unde
1195 1842 1441 1886 consequitur,
1476 1843 1505 1877 si
1541 1843 1576 1877 in

247 1898 367 1943 primo
384 1905 572 1933 momento
589 1899 739 1943 originis
758 1906 923 1934 creature
948 1899 1016 1933 fuit
1040 1906 1144 1934 actus
1167 1900 1297 1944 aliquis
1320 1908 1421 1935 extra
1440 1902 1575 1946 Deum,

248 1957 345 2001 quod
368 1963 454 1991 tunc
480 1957 545 1991 fuit
572 1968 658 1991 usus
684 1964 849 1992 creature
877 1957 996 2000 illius;
1027 1957 1056 1992 si
1074 1958 1194 1992 nullus
1213 1964 1318 1992 actus
1338 1965 1426 1993 tunc
1444 1959 1573 2001 extitit,

193 2030 235 2059 30
247 2015 366 2049 nullus
393 2026 480 2049 usus
505 2021 594 2049 tunc
618 2015 697 2049 fuit.
750 2016 807 2049 De
840 2021 924 2049 actu
950 2027 1036 2050 vero
1062 2015 1266 2060 temporali,
1295 2016 1444 2060 scilicet,
1472 2023 1575 2052 motu

247 2085 342 2116 vero,
371 2072 460 2107 satis
486 2079 541 2107 est
567 2079 696 2107 notum
722 2074 821 2117 quod
847 2073 929 2107 talis
956 2073 992 2107 in
1017 2073 1137 2117 primo
1163 2073 1315 2108 instanti
1345 2075 1473 2109 mundi
1498 2086 1575 2110 non

247 2137 351 2173 erat;
395 2130 569 2175 quoniam
595 2130 714 2165 omnis
748 2136 852 2165 actus
886 2130 1096 2165 huiusmodi
1131 2137 1296 2176 tempore
1330 2139 1574 2167 mensuratur.

248 2190 307 2222 De
333 2195 416 2223 actu
434 2200 520 2222 vero
547 2187 735 2233 spirituali,
763 2188 912 2231 scilicet,
931 2188 1223 2232 cogitacionibus
1251 2196 1287 2224 et
1311 2191 1572 2234 voluntatibus,

247 2258 290 2280 ac
316 2247 484 2281 laudibus
511 2245 586 2280 sive
615 2246 746 2280 leticiis
780 2246 977 2280 racionalis
1003 2252 1179 2289 creature,
1207 2258 1317 2291 quam
1344 2254 1432 2282 tunc
1459 2249 1573 2283 fuisse

193 2311 232 2343 35
247 2305 433 2348 paululum
461 2315 572 2348 supra
604 2303 846 2346 ostendimus,
873 2303 1031 2348 amplius
1056 2304 1164 2338 nobis
1198 2311 1298 2339 extat
1332 2305 1570 2350 ambiguum;

246 2363 421 2408 quoniam
454 2374 475 2396 a
501 2362 731 2406 philosophis
761 2368 871 2407 atque
893 2362 1074 2407 theologis
1100 2364 1346 2398 communiter
1369 2365 1572 2399 affirmatur

245 2420 345 2466 quod
369 2421 461 2454 tales
486 2426 590 2454 actus
617 2427 651 2454 et
678 2420 968 2454 illuminaciones
995 2421 1087 2454 fiunt
1115 2421 1236 2455 subito
1265 2421 1302 2455 in
1333 2422 1497 2464 instanti,
1527 2434 1571 2457 eo

244 2479 343 2523 quod
370 2478 554 2512 successio
578 2478 698 2512 omnis
726 2477 778 2521 (ut
803 2478 856 2512 eis
883 2478 1042 2521 videtur)
1070 2490 1114 2513 ex
1139 2479 1398 2514 contrarietate
1416 2480 1570 2515 alicuius

244 2537 281 2570 in
308 2535 470 2570 subiecto
488 2536 605 2570 forme
628 2541 800 2579 generate
827 2542 1021 2569 causatur:
1046 2542 1082 2569 et
1107 2537 1192 2580 quia
1218 2537 1278 2570 lux
1299 2544 1334 2571 et
1356 2538 1448 2571 tales
1467 2544 1571 2572 actus

188 2605 231 2635 40
245 2593 424 2627 contraria
442 2604 514 2627 non
532 2593 669 2627 habent
696 2592 733 2626 in
759 2592 833 2626 suis
858 2592 1042 2636 subiectis,
1060 2605 1135 2627 non
1160 2594 1327 2628 videntur
1349 2595 1385 2628 in
1404 2606 1470 2629 sua
1487 2607 1571 2639 pro-

245 2648 421 2682 duccione
441 2648 713 2682 successionem
728 2648 905 2692 accipere,
925 2654 979 2682 set
1002 2648 1077 2682 fieri
1096 2648 1132 2682 in
1151 2649 1312 2683 instanti.
1363 2651 1481 2694 Super
1499 2662 1571 2694 qua

245 2717 283 2739 re
312 2705 348 2739 in
379 2706 541 2739 secundo
571 2705 678 2739 huius
710 2705 847 2750 aliquid
874 2705 989 2739 lacius
1015 2706 1273 2750 exprimemus,
1301 2707 1450 2751 quando
1477 2715 1569 2742 trac-

245 2763 380 2798 tabitur
397 2762 561 2807 nunquid
580 2763 784 2797 dominium
802 2762 961 2798 hominis
988 2763 1162 2807 originale
1181 2765 1301 2809 respui
1322 2772 1464 2809 poterat
1484 2778 1568 2800 cum

888 2831 919 2862 U
