2095 3278
63 180 151 209 CAP.
166 165 302 225 xxv1.]
606 179 670 210 DE
703 178 946 212 PAUPERIE
977 177 1291 210 SALVATORIS.
1806 165 1889 220 369

168 289 266 331 23A]
282 282 481 326 apostolus,
500 284 610 327 opera
633 283 768 325 carnis,
787 293 857 326 que
873 282 1191 327 suntfornicacio,
1209 280 1468 322 immundicia,
1487 280 1607 324 impu-

278 339 422 384 dicicia,
441 340 609 384 luxuria,
619 340 821 385 ydolorum
840 341 1015 382 servitus,
1033 339 1220 384 veneficia,
1234 338 1444 379 inimicicie,
1463 340 1607 371 conten-

277 398 407 441 dones,
430 397 686 441 emulaciones,
709 399 774 440 ire,
797 398 888 440 rixe,
910 397 1164 438 dissensiones,
1184 400 1284 437 secte,
1313 395 1468 438 invidie,
1491 394 1608 428 homi-

277 456 388 498 cidia,
422 455 624 498 ebrietates,
658 456 985 497 commessaciones,
1019 458 1056 488 et
1085 454 1161 488 hiis
1193 453 1338 488 similia
1374 451 1437 497 (ad
1465 452 1546 486 Gal.
1577 463 1608 485 v,

244 517 261 547 5
281 511 421 556 19-21).
473 513 586 548 Unde
618 512 884 557 primogenitus
918 512 1041 546 Adam
1070 512 1187 556 Caym
1221 522 1266 545 ex
1298 511 1369 545 hac
1404 508 1606 554 cupiditate

277 569 416 604 invidia
443 570 650 604 stimulatus
676 570 812 604 iustum
841 570 935 604 Abel
962 570 1113 604 fratrem
1139 580 1245 603 suum
1271 567 1430 602 occidit:
1458 573 1607 612 propter
1619 567 1756 593 rendered
1770 576 1864 594 neces-

1619 608 1682 632 sary
1697 601 1745 626 the
1759 601 1841 626 exist-

277 638 387 672 quem
405 633 441 662 et
459 627 550 662 alios
568 627 707 662 similes
726 633 813 662 tunc
831 628 972 662 futuros
989 628 1045 661 lex
1064 626 1221 671 positiva
1244 626 1454 660 necessaria
1476 624 1604 667 extitit,
1618 642 1686 692 Ιιεένῖἓ
1700 635 1860 693 (ῗὲξῗῗὶῑὲῐῖἓ

1688 687 1694 698 ,
1857 683 1866 688 .

59 688 147 720 9²³(st
278 695 350 729 qua
364 685 400 719 in
418 685 500 728 illis,
513 697 604 730 quos
623 696 695 720 non
714 685 915 720 retraheret
930 696 952 719 a
970 685 1068 719 malo
1086 684 1358 727 amoriusticie,
1372 683 1482 717 timor
1499 694 1603 728 pene,
1617 700 1742 732 pressio„
1755 701 1787 726 of
1795 701 1849 726 evil

59 723 154 754 COdd'
171 732 242 764 que·
277 743 488 778 huiusmodi
507 743 687 778 maleficia
705 743 892 777 cohiberet
907 754 914 785 ;
942 748 981 776 ut
1000 742 1060 776 alii
1075 742 1174 776 viam
1191 741 1264 776 vite
1282 748 1481 786 sequentes
1499 740 1604 775 bonis
1618 734 1704 798 ἓξὲξ
1715 735 1772 793 22}
1785 735 1886 799 {311ng

56 781 178 856 5523&
276 807 428 845 propter
452 812 515 835 eos
542 801 675 835 creatis
701 800 851 835 liberius
869 800 921 835 uti
947 806 1111 845 possent,
1131 799 1191 845 qui
1218 799 1290 834 hiis
1315 798 1434 842 bonis,
1453 799 1522 833 nisi
1549 799 1606 833 lex
1618 801 1650 826 0f
1660 800 1707 826 the
1719 801 1805 833 good.

176 847 185 856 ⁸
276 858 360 893 talis
378 865 596 902 occurreret,
615 864 765 903 propter
782 858 989 902 iniquorum
1008 858 1195 892 maliciam
1213 863 1275 891 aut
1294 856 1442 891 omnino
1460 857 1512 891 uti
1530 868 1606 891 non

275 921 427 960 pos-sent
457 916 535 951 sine
560 922 713 961 peccato
741 915 793 950 ire
818 915 987 951 fortassis
1013 921 1075 950 aut
1101 914 1343 959 impaciencie
1368 920 1430 949 aut
1457 915 1606 949 alterius

275 973 358 1008 talis
376 974 531 1018 reprobe
549 974 746 1019 passionis,
761 980 823 1008 aut
843 974 975 1008 saltem
993 984 1077 1007 cum
1095 972 1195 1008 tedio
1210 972 1439 1007 distrahente
1456 984 1478 1006 a
1495 973 1605 1014 bono,

275 1031 383 1067 bonis
402 1031 471 1066 illis
489 1044 533 1067 ex
550 1031 717 1077 originali
736 1031 901 1066 dominio
919 1031 989 1066 sibi
1009 1030 1143 1065 debitis
1161 1031 1213 1065 uti
1239 1042 1314 1065 non
1332 1036 1483 1075 possent
1499 1042 1506 1073 ;
1535 1042 1604 1065 nec

222 1093 259 1125 15
275 1089 354 1124 sine
372 1089 644 1134 presidentibus
662 1088 770 1124 bonis
787 1100 832 1123 ac
850 1088 970 1123 doctis
988 1094 1144 1133 possunt
1162 1088 1254 1123 tales
1272 1089 1371 1132 leges
1394 1087 1604 1123 necessarie

274 1148 348 1183 vite
365 1155 488 1183 nostre
512 1148 678 1183 debitam
699 1147 958 1183 execucionem
981 1147 1129 1181 habere.
1180 1146 1294 1181 Unde
1318 1145 1485 1180 clarescit
1504 1147 1603 1191 quod

229 1204 260 1233 Β
274 1205 372 1240 racio
389 1205 466 1240 sive
482 1206 539 1241 lex
555 1205 732 1240 naturalis
751 1205 914 1249 exposcit
931 1205 978 1239 ad
996 1206 1067 1239 hoc
1084 1204 1183 1249 quod
1203 1203 1219 1222 *
1240 1203 1416 1247 originale
1434 1210 1602 1238 nostrum

192 1305 211 1311 ..
273 1263 479 1298 dominium
504 1264 598 1298 inter
622 1263 893 1298 multitudinem
919 1262 1116 1307 impiorum
1144 1261 1361 1307 (stultorum
1394 1262 1493 1296 enim
1517 1263 1602 1306 infi-

57 1304 154 1378 {vlam
167 1316 222 1338 vu.
272 1321 377 1355 nitus
392 1324 447 1355 est
461 1332 651 1364 numerus,
670 1322 770 1355 Eccl.
789 1320 811 1355 i.
835 1328 886 1365 15,
905 1326 941 1355 et
958 1320 1058 1354 Lata
1076 1323 1130 1353 est
1146 1321 1213 1353 via
1236 1331 1306 1364 que
1328 1320 1432 1355 ducit
1446 1320 1501 1353 ad
1514 1322 1601 1364 per-

80 1356 111 1387 3'
221 1400 261 1422 20
272 1379 451 1413 dicionem
469 1383 505 1413 et
520 1379 634 1413 multi
648 1380 799 1413 intrant
804 1381 880 1423 per
894 1378 988 1422 eam)
1007 1384 1217 1412 exerceatur
1233 1376 1380 1421 utiliter,
1400 1378 1498 1422 quod
1517 1384 1602 1412 sunt

272 1435 386 1480 aliqui
416 1436 498 1470 aliis
524 1435 765 1480 presidentes.
814 1435 876 1469 Ad
899 1435 970 1470 hoc
998 1434 1085 1470 facit
1115 1434 1215 1479 quod
1243 1446 1319 1469 non
1345 1446 1475 1470 omnes
1508 1446 1601 1479 eque
1616 1448 1741 1480 Resides,
1756 1450 1793 1475 au
1807 1451 1843 1476 do

272 1499 458 1528 merentur
479 1504 601 1528 rerum
626 1504 734 1527 usum
751 1493 913 1535 habere3
939 1499 975 1528 et
1001 1493 1048 1527 ob
1073 1492 1145 1527 hoc
1170 1491 1418 1527 necessarium
1444 1492 1511 1526 fuit
1529 1492 1602 1527 vite
1614 1483 1841 1547 {gflfffissgvgfan

272 1551 445 1594 humane,
464 1552 513 1586 ad
529 1551 601 1585 hoc
619 1557 657 1586 ut
675 1552 831 1596 populus
852 1551 923 1586 Dei
941 1562 1069 1585 veram
1087 1551 1268 1585 culturam
1285 1550 1393 1585 unius
1414 1551 1600 1585 Creatoris
1614 1549 1747 1583 lordship.

272 1608 371 1643 hanc
387 1608 503 1643 vitam
528 1609 778 1644 miserabilem
803 1609 1044 1653 transigendo
1070 1615 1243 1651 servaret,
1262 1620 1328 1653 per
1354 1608 1497 1653 aliquos
1522 1609 1602 1653 dig-

220 1678 236 1700 2
241 1678 258 1710 5
272 1665 393 1700 niores
405 1666 544 1701 meritis
558 1666 799 1711 presidentes,
812 1667 906 1701 ultra
919 1667 1017 1710 leges
1034 1672 1175 1707 nature,
1187 1665 1269 1701 aliis
1282 1665 1434 1701 adiectis
1448 1666 1602 1711 legibus,

271 1725 427 1769 populos
444 1724 655 1768 gubernari.
706 1724 819 1760 Unde
832 1726 935 1759 Deus
953 1725 1087 1769 populo
1106 1735 1129 1758 a
1147 1735 1187 1758 se
1211 1725 1327 1759 electo
1352 1730 1438 1759 ante
1462 1724 1601 1768 ingres-

272 1792 356 1815 sum
370 1787 464 1816 terre
478 1782 661 1826 promisse
670 1793 798 1816 eorum
811 1781 977 1827 patribus
990 1782 1110 1825 legem
1129 1781 1243 1824 dedit,
1258 1792 1369 1826 quarn
1384 1793 1450 1827 pro
1464 1793 1602 1826 magna

272 1845 378 1883 parte
394 1840 557 1883 Abrahe,
572 1850 685 1885 quem
703 1846 838 1875 terram
857 1851 922 1874 sue
940 1839 1142 1874 nativitatis
1161 1839 1240 1874 eius
1259 1851 1386 1874 amore
1410 1840 1507 1874 exire
1532 1840 1600 1874 im-

271 1897 426 1941 pulerat,
445 1904 530 1932 ante
549 1899 761 1941 contulerat,
777 1898 870 1933 sicut
889 1897 1061 1932 scribitur
1079 1898 1171 1932 Gen.
1185 1897 1277 1931 xxvi.
1296 1907 1330 1940 4,
1352 1906 1381 1941 5,
1400 1897 1469 1932 isto
1487 1898 1600 1933 modo

216 1971 259 2001 30
271 1955 320 1989 ad
331 1956 462 1998 Ysaac,
480 1956 658 2000 Daboque
667 1957 830 2000 posteris
846 1957 924 1989 tuis
942 1956 1141 1989 universas
1159 1956 1326 2000 regiones
1344 1955 1423 1998 has,
1440 1959 1476 1989 et
1497 1956 1598 1991 bene-

269 2013 443 2047 dicenlur
473 2014 514 2047 in
545 2015 684 2048 semine
714 2017 779 2048 tuo
811 2025 934 2047 omnes
950 2017 1081 2058 gentes
1106 2017 1214 2055 terre,
1234 2024 1274 2047 eo
1301 2014 1402 2057 quod
1424 2014 1601 2049 obedierit

270 2071 306 2105 A
312 2071 466 2105 branam
491 2072 575 2105 voci
598 2083 682 2115 mee,
700 2075 736 2105 et
759 2072 974 2106 custodierit
989 2074 1165 2116 precepta
1190 2083 1270 2105 mea
1295 2075 1332 2106 et
1355 2073 1546 2115 mandata,
1564 2077 1601 2107 et

269 2129 492 2162 ceremonias
516 2129 685 2174 legesque
706 2131 927 2164 servaverit.
979 2130 1028 2163 Et
1054 2129 1200 2173 pariter,
1229 2129 1258 2163 si
1284 2130 1398 2164 nostri
1425 2137 1598 2174 parentes
1612 2139 1822 2171 Nevertheless,

271 2197 355 2220 cum
373 2187 528 2230 posteris
546 2186 584 2221 in
610 2186 827 2221 innocencia
851 2186 1152 2232 permansissent,
1171 2187 1271 2231 leges
1297 2187 1473 2223 directive
1500 2200 1597 2222 com·
1610 2173 1828 2237 ᾗζίἓῑῇεῗὲῃᾞέῗ

218 2253 256 2286 35
271 2243 538 2278 municacionis
565 2243 683 2279 civilis
714 2243 841 2287 (homo
874 2244 974 2279 enim
1003 2245 1217 2279 naturaliter
1245 2244 1383 2279 animal
1410 2253 1464 2280 est
1491 2246 1597 2281 civile
1609 2250 1685 2276 since
1698 2250 1769 2276 heis
1782 2251 1820 2289 by

272 2299 477 2333 secundum
502 2298 769 2344 philosophos),
788 2299 871 2334 licet
896 2311 970 2334 non
996 2300 1215 2334 refrenative
1241 2300 1408 2345 improbe
1433 2301 1595 2337 accionis
1610 2290 1735 2348 Ξξξξῑξῑῗ
1745 2284 1867 2311 sociable

269 2367 335 2401 per
351 2357 517 2401 apciores
540 2357 590 2391 ad
614 2358 779 2402 regimen
805 2357 1008 2392 exercende
1033 2357 1241 2392 necessarie
1268 2358 1480 2393 hominibus
1506 2360 1593 2394 exti-
1608 2369 1675 2394 laws
1688 2368 1847 2407 rnusthaye

270 2414 402 2449 tissent
420 2421 568 2460 propter
586 2415 888 2450 informacionem
907 2415 944 2449 in
968 2414 1203 2459 speculativis
1226 2422 1262 2450 et
1281 2415 1317 2450 in
1342 2416 1486 2460 legibus
1505 2429 1593 2452 con-
1606 2407 1854 2461 {ssssrssefssff'himss'

271 2473 503 2507 cernentibus
537 2473 718 2507 culturam
750 2473 916 2508 debitam
951 2473 1114 2508 Creatori
1148 2479 1183 2507 et
1213 2473 1367 2517 proximi
1402 2475 1591 2510 caritatem
1607 2469 1791 2528 ffiffiffissfgf

215 2543 258 2574 40
270 2535 380 2574 atque
405 2531 633 2574 agendorum
658 2542 702 2565 ac
727 2530 1040 2575 providendorum
1067 2531 1318 2575 prudenciam,
1338 2531 1421 2567 licet
1445 2544 1519 2567 non
1543 2533 1594 2569 ita
1774 2522 1780 2528 ⁸

270 2588 479 2622 necessaria
497 2587 601 2623 sicuti
621 2588 658 2622 in
677 2588 839 2633 presenti
855 2594 951 2623 statu
970 2594 1053 2633 post
1072 2588 1230 2633 lapsum.

317 2695 546 2730 IOHANNES.
584 2697 661 2730 Ista
694 2696 894 2732 auctoritas
928 2695 1139 2741 presidendi
1176 2696 1351 2732 debuitne
1384 2698 1497 2734 fuisse
1531 2706 1593 2735 aut
1608 2704 1735 2735 XXVI.

269 2752 391 2788 vocari
410 2764 495 2788 vere
514 2753 743 2788 dominium?

888 2812 964 2853 Bb
