2095 3278
254 206 457 239 RICARDI
490 208 793 239 ARMACHANI
827 208 890 239 DE
925 208 1170 241 PAUPERIE
1205 209 1523 242 SALVATORIS.
1752 213 1834 256 333

122 306 216 348 140]
274 308 406 340 Sextum
422 309 586 341 decimum
602 309 782 351 capitulum
797 310 911 341 nititur
926 310 1085 342 affirmare
1102 311 1191 352 quod
1206 313 1327 352 gracia,
1339 323 1440 353 quam
1454 312 1556 343 nostri
1574 312 1623 344 16.

230 364 328 404 primi
343 369 491 404 parentes
506 364 672 405 peccando
688 365 872 402 amiserant,
888 364 948 395 suit
964 365 1011 396 eis
1027 376 1084 406 per
1099 365 1317 406 penitenciam
1334 368 1490 397 restituta.

274 415 448 446 Decimum
464 416 638 456 septimum
654 415 833 456 capitulum
854 416 954 447 obicit
970 421 1082 447 contra
1104 417 1185 447 illud
1208 427 1246 447 ex
1268 418 1465 449 mortalitate
1488 429 1557 449 cor·
1574 422 1622 457 17.

228 467 319 506 poris
342 471 373 496 et
396 466 545 498 libertate
560 467 690 504 minori,
707 471 738 498 et
761 467 857 497 solvit
874 467 1044 498 ostendens
1060 468 1149 508 quod
1172 478 1238 499 non
1263 469 1467 500 obstantibus
1491 469 1558 499 illis

229 517 340 547 Adam
356 522 387 548 et
400 518 470 548 Eva
486 523 516 549 et
532 519 581 550 sui
597 519 717 559 posteri
732 519 857 549 fuerunt
869 519 910 549 ad
926 523 1030 550 totam
1046 520 1190 559 graciam
1207 524 1236 551 et
1252 524 1356 550 totum
1374 520 1556 551 dominium

227 578 291 609 que
307 569 513 609 perdiderant
529 571 676 608 restituti,
690 570 766 601 licet
781 580 847 600 non
863 571 905 601 ad
921 571 1045 611 equalis
1061 571 1211 602 exercicii
1230 571 1429 603 facultatem.

273 620 447 651 Decimum
469 626 620 652 octavum
644 621 833 662 capitulum,
859 622 1030 652 ostendens
1054 632 1150 662 quern
1172 623 1310 663 gradum
1333 624 1434 654 nostri
1458 624 1554 664 primi
1572 620 1621 651 18.

226 676 377 711 parentes
396 672 429 702 in
453 673 620 703 creacione
636 677 831 713 receperunt,
851 673 1005 713 patefacit
1021 674 1207 704 racionibus
1230 678 1261 705 et
1285 674 1450 715 Scriptura
1466 676 1555 716 quod

227 732 293 753 non
311 724 451 754 variatur
465 724 499 754 in
515 725 612 755 variis
628 729 762 765 propter
777 724 962 755 accidencia
977 725 1095 755 mentis
1111 729 1167 755 aut
1183 726 1340 766 corporis.

272 775 447 805 Decimum
462 785 585 806 nonum
601 775 790 816 capitulum,
809 774 952 806 obiciens
976 775 1016 806 de
1037 774 1190 807 facultate
1211 776 1393 817 imperandi
1409 777 1555 808 animan-
1572 786 1622 819 19.

226 825 313 856 tibus
336 835 434 866 quam
457 826 567 856 Adam
590 826 724 867 aceepit,
750 826 959 857 dissolvendo
988 826 1128 857 ostendit
1152 837 1217 857 non
1243 827 1349 858 minus
1373 828 1556 858 dominium

227 886 304 907 suos
320 882 470 917 posteros
485 877 649 916 habuisse,
666 878 743 909 licet
758 877 951 909 exercicium
969 882 1198 919 pregravatum
1214 878 1395 909 habuerint.

271 928 472 959 Vicesimum
499 929 680 970 capitulum
707 929 1021 960 inabdicabilitatem
1048 929 1187 959 dominii
1213 929 1381 970 originalis
1404 929 1552 968 ostendit,
1571 939 1622 963 20.

226 979 370 1010 obiciens
393 980 433 1011 de
456 980 546 1011 fatuo
569 990 590 1010 a
612 984 735 1016 natura,
755 984 787 1011 et
810 980 940 1011 solvens
964 990 1022 1020 per
1044 980 1229 1021 exemplum
1254 981 1294 1011 de
1318 980 1418 1019 ebrio,
1441 982 1492 1013 cui
1516 992 1555 1013 ex

225 1030 406 1070 digestione
422 1035 518 1072 potus
533 1042 619 1063 nova
634 1031 771 1063 sciencia
786 1042 851 1062 non
868 1031 1037 1070 confertur,
1058 1036 1090 1062 et
1105 1036 1218 1062 contra
1234 1032 1436 1063 solucionem
1454 1034 1555 1064 obicit

225 1086 257 1112 et
274 1082 433 1114 dissolvit.

270 1133 471 1165 Vicesimum
503 1135 643 1175 primum
672 1134 864 1176 capitulum,
891 1134 1207 1165 inabdicabilitatem
1233 1135 1416 1175 predictam
1440 1136 1552 1167 volens
1566 1147 1616 1170 21.

225 1189 374 1229 probare,
405 1189 545 1220 ostendit
574 1189 663 1230 quod
692 1190 812 1230 gracia,
843 1188 1038 1226 mortalitas,
1068 1193 1099 1219 et
1130 1188 1315 1220 dominium
1345 1190 1454 1230 respui
1484 1200 1550 1221 non

224 1245 372 1280 poterant
388 1241 430 1271 ab
445 1239 578 1272 homine
593 1251 667 1272 cum
682 1241 852 1271 dabantur.

268 1292 468 1322 Vicesimum
487 1293 662 1323 seeundum
682 1292 864 1333 capitulum
884 1291 1026 1322 ostendit
1049 1291 1150 1333 quod,
1172 1292 1254 1323 sicut
1279 1302 1337 1324 nec
1361 1293 1473 1334 gracia
1491 1304 1550 1324 nec
1566 1300 1617 1323 22.

222 1343 403 1383 corporalis
425 1344 618 1381 mortalitas,
638 1343 685 1374 sic
702 1353 762 1375 nec
781 1343 964 1374 dominium
984 1344 1091 1383 respui
1113 1343 1222 1384 potuit
1245 1354 1264 1374 a
1287 1344 1395 1385 primo
1418 1343 1550 1376 homine

222 1404 262 1425 ne
279 1394 415 1432 daretur,
433 1395 509 1436 quia
524 1400 601 1427 tunc
616 1394 719 1426 nichil
734 1395 844 1426 haberi
860 1398 988 1435 poterat
1004 1395 1067 1425 nisi
1084 1406 1102 1425 a
1119 1396 1202 1425 Deo.

266 1445 469 1477 Vicesimum
481 1447 617 1477 tercium
634 1446 812 1488 capitulum
830 1446 983 1486 patefacit
996 1446 1084 1486 quod
1097 1446 1255 1487 originale
1267 1445 1452 1477 dominium
1468 1447 1500 1478 in
1517 1458 1549 1479 se
1566 1451 1615 1482 23-

174 1503 207 1533 D
223 1497 323 1527 minui
341 1498 473 1529 omnino
485 1509 549 1529 non
566 1502 684 1539 potest,
702 1502 749 1529 set
764 1497 853 1538 quod
869 1501 975 1538 potest
991 1497 1009 1516 ’¹‘
1026 1498 1133 1538 quoad
1151 1502 1260 1528 actum
1276 1498 1433 1539 restringi.

266 1548 466 1580 Vicesimum
491 1555 640 1590 quartum
667 1550 849 1590 capitulum
876 1548 988 1584 obicit,
1017 1554 1048 1579 et
1076 1549 1235 1587 dissolvit,
1263 1550 1433 1580 ostendens
1461 1551 1549 1591 quod
1566 1562 1616 1593 24,

221 1600 379 1640 originale
402 1601 585 1632 dominium
601 1602 634 1632 in
651 1611 685 1633 se
700 1606 832 1642 propter
847 1600 1084 1641 presidenciam
1100 1611 1165 1631 non
1181 1605 1326 1641 augetur,
1343 1611 1403 1632 nec
1418 1607 1551 1642 propter

220 1652 459 1683 subieccionem
474 1652 649 1690 minuitur;
672 1657 703 1683 et
719 1653 820 1683 obicit
835 1657 867 1683 et
882 1651 1041 1682 dissolvit.

265 1703 465 1734 Vicesimum
477 1704 627 1745 quintum
644 1704 825 1745 capitulum
842 1703 983 1734 ostendit
998 1703 1240 1734 restriccionem
1257 1713 1333 1734 usus
1349 1703 1464 1735 utilem
1481 1715 1549 1736 esse
1564 1710 1614 1742 25.

220 1753 407 1786 hominibus
423 1766 480 1796 per
495 1756 584 1797 leges
599 1756 756 1796 positivas
773 1755 942 1796 originalis
958 1754 1096 1786 dominii
1112 1755 1316 1786 restrictivas.

264 1806 464 1838 Vicesimum
491 1813 618 1839 sextum
645 1807 836 1848 capitulum,
862 1807 1033 1838 ostendens
1062 1806 1151 1847 quod
1180 1806 1382 1847 presidencia
1411 1817 1476 1837 non
1507 1807 1548 1838 sit
1564 1805 1613 1838 26.

220 1859 368 1890 vocanda
395 1859 588 1898 dominium,
615 1859 745 1890 racione
773 1859 912 1890 affirmat
937 1858 1025 1899 quod
1050 1858 1239 1889 innocenter
1264 1858 1449 1889 viventibus
1482 1868 1548 1889 non

220 1908 281 1940 fuit
296 1920 354 1941 nec
370 1915 418 1942 est
432 1910 649 1942 necessarium
664 1910 843 1942 humanum
860 1910 967 1951 regale
982 1909 1176 1941 dominium.

263 1961 464 1992 Vicesimum
491 1962 665 2003 septimum
692 1961 873 2003 capitulum
898 1961 1000 1992 obicit
1027 1965 1139 1992 contra
1167 1961 1351 2001 precedens,
1378 1965 1409 1992 et
1437 1961 1542 1999 solvit,
1563 1967 1613 2001 27.

219 2013 392 2044 ostendens
422 2024 461 2044 ex
485 2013 684 2054 presidencia
709 2012 903 2054 angelorum
933 2017 965 2044 et
995 2023 1035 2043 ex
1065 2013 1222 2043 varietate
1247 2012 1487 2052 complexionis
1517 2017 1548 2044 et

219 2063 373 2095 varietate
395 2065 541 2101 sciencie,
561 2074 641 2105 quas
656 2065 737 2095 varii
757 2064 905 2095 homines
927 2058 1091 2095 servantes
1106 2063 1333 2094 innocenciam
1349 2063 1548 2102 habuissent,

219 2115 307 2155 quod
322 2115 423 2157 aliqui
439 2116 511 2147 aliis
527 2116 729 2157 prefuissent.

263 2167 464 2199 Vicesimum
482 2173 633 2199 octavum
649 2167 829 2208 capitulum
845 2167 946 2198 obicit
962 2167 1003 2198 de
1019 2166 1271 2198 confirmacione
1286 2166 1413 2198 iusticie
1427 2166 1461 2197 in
1473 2167 1547 2199 Ade
1562 2171 1612 2202 28.

219 2219 383 2258 progenie,
401 2219 427 2250 si
448 2219 518 2260 ipse
535 2219 759 2250 innocenciam
774 2220 951 2257 tenuisset;
976 2224 1008 2249 et
1031 2218 1124 2259 ponit
1140 2219 1305 2249 racionem
1327 2219 1545 2259 probabilem,

218 2275 329 2301 eontra
345 2281 417 2301 eam
434 2271 578 2302 obiciens
593 2275 624 2301 et
640 2270 829 2301 dissolvens.

262 2322 463 2353 Vicesimum
486 2333 609 2353 nonum
633 2321 813 2363 capitulum
836 2321 931 2363 ponit
946 2321 1028 2352 duas
1044 2321 1190 2352 raciones
1209 2320 1292 2351 alias
1313 2324 1426 2351 contra
1441 2321 1544 2352 racio-
1561 2326 1611 2359 29.

217 2383 291 2404 nem
308 2374 494 2411 secundam,
506 2374 650 2405 obiciens
666 2378 698 2404 et
713 2373 905 2411 dissolvens,
919 2383 956 2404 ac
969 2372 1135 2413 probabili
1147 2372 1277 2402 racione
1293 2372 1431 2402 suadens
1445 2372 1544 2413 quod,

217 2425 276 2456 etsi
290 2425 398 2456 Adam
414 2430 568 2457 servasset
584 2425 757 2464 iusticiam,
768 2424 998 2456 nichilominus
1010 2424 1059 2454 sui
1073 2423 1193 2464 posteri
1205 2433 1338 2464 peccare
1354 2424 1543 2464 potuissent.

262 2476 478 2507 Tricesimum
495 2477 673 2517 capitulum
691 2476 798 2507 adhuc
813 2487 852 2507 ex
867 2476 964 2506 titulo
980 2475 1180 2516 presidencie
1200 2479 1231 2505 et
1252 2478 1336 2505 statu
1357 2475 1544 2506 innocencie
1558 2480 1609 2510 30.

219 2528 332 2564 obicit,
349 2532 380 2559 et
403 2528 537 2559 suadere
553 2528 664 2558 nititur
680 2528 817 2558 dominii
835 2527 1003 2567 originalis
1019 2530 1241 2566 augmentum,
1257 2530 1289 2557 et
1312 2525 1420 2563 solvit,
1438 2531 1544 2557 osten-

218 2577 297 2607 dens
312 2577 419 2617 ipsum
436 2587 563 2617 semper
578 2587 647 2608 esse
663 2577 777 2617 equale
793 2577 827 2606 in
843 2576 1004 2606 omnibus.

261 2629 476 2659 Tricesimum
497 2629 640 2669 primum
662 2628 841 2669 capitulum
864 2627 965 2658 obicit
992 2630 1104 2658 contra
1126 2626 1300 2667 precedens
1330 2636 1369 2656 ex
1395 2626 1463 2657 iure
1487 2635 1542 2656 seu
1557 2640 1608 2671 31,

217 2680 364 2710 dominio
382 2680 631 2722 hereditariopin
653 2679 770 2710 ultimo
795 2679 983 2716 electorum,
1001 2683 1033 2709 et
1052 2677 1160 2716 solvit,
1179 2677 1350 2708 ostendens
1366 2677 1496 2708 racione
1511 2681 1543 2708 et

217 2732 368 2772 exemplo
392 2732 480 2772 quod
501 2731 566 2763 tale
590 2731 771 2762 dominium
795 2741 853 2762 nec
876 2740 993 2771 augere
1013 2734 1120 2771 potest
1144 2739 1204 2761 nec
1224 2729 1369 2760 minuere
1385 2728 1543 2769 originale

216 2783 408 2815 dominium.
