2008 3305
239 239 324 268 CAP.
348 225 432 284 111.]
688 234 837 269 LIBER
869 236 1090 270 TERTIUs.
1757 233 1779 265 2
1790 236 1806 263 1
1817 231 1839 275 7

124 355 222 396 75A]
237 352 449 401 largitatem
478 352 645 390 habendi
675 359 711 391 et
741 353 953 402 accipiendi
981 361 1229 391 communem
1259 350 1450 396 Trinitati,
1472 349 1564 388 dicit

239 421 425 467 Salvator,
467 421 548 459 Ioh.
588 423 659 459 xvi.
706 434 764 469 14,
805 423 875 460 Ille
913 436 965 460 me
1002 422 1237 471 clarificabit,
1284 422 1373 470 quia
1413 422 1454 457 de
1491 433 1564 458 meo

236 493 396 540 accipiet.
455 491 558 529 Nam
586 493 616 530 si
644 492 755 530 Pater
782 505 862 530 non
891 499 1016 542 potest
1047 492 1260 542 quidquam
1287 492 1472 540 accipere,
1494 491 1565 528 nisi

237 562 342 610 quod
369 562 544 600 habuerit
563 562 737 600 Verbum
764 575 887 609 suum,
910 563 1078 612 sequitur
1098 563 1225 611 ipsum
1251 573 1335 598 esse
1357 561 1565 598 clarifican-

205 642 222 673 5
238 632 330 669 dum
351 632 529 670 divinitus
556 645 602 670 ex
624 632 833 671 tradicione
863 633 970 681 regni
995 632 1183 681 redempti
1196 644 1206 678 ,·
1240 631 1410 681 sequitur
1439 631 1566 680 ipsum

237 714 320 739 esse
341 702 628 740 clarificandum
649 703 879 741 humanitus

292 772 406 810 Unde
436 780 592 822 propter
611 774 951 822 equivocacionem
981 772 1223 822 accepcionis
1244 771 1316 808 Dei
1338 778 1375 809 et
1395 777 1565 808 creature
1581 786 1602 803 1-
1622 777 1801 803 Dz'stz'nctz'on

1579 810 1699 836 between
1713 810 1797 835 God‘s

237 843 410 880 videntur
429 844 612 892 imperitis
633 843 799 893 quedam
828 843 1019 892 Scripture
1049 843 1118 880 sibi
1146 843 1309 880 invicem
1339 854 1564 890 repugnare.
1580 843 1797 876 recefflingand

1580 876 1681 902 man’s.

241 913 380 951 Omnis
418 914 521 950 enim
555 914 736 962 accepcio
770 920 942 951 creature
975 920 1085 950 sonat
1118 913 1158 949 in
1193 912 1249 950 sui
1281 911 1510 961 indigencia,
1546 915 1837 976 aiz'fgsrlifisrfi‘ssssiivae

189 1001 227 1023 10
241 984 424 1032 superiori
444 983 617 1021 Domino
642 996 740 1032 puro
760 984 886 1033 gracie
915 983 1024 1021 titulo
1053 983 1260 1032 capientis3
1291 989 1327 1019 et
1354 983 1407 1020 sic
1436 982 1568 1018 intelli·
1581 983 1694 1049 iil'offssm
1709 982 1839 1015 ahigher

194 1065 224 1093 B
241 1054 338 1103 gitur
366 1053 456 1090 illud
479 1052 497 1072 *
520 1054 694 1103 apostoli,
720 1066 735 1090 1
763 1054 852 1092 Cor.
882 1054 928 1090 iv.
957 1062 990 1101 7,
1021 1053 1123 1099 Quid
1146 1053 1254 1090 habes
1282 1053 1381 1101 quod
1405 1065 1477 1089 non
1507 1066 1567 1089 ac·
1581 1050 1634 1116 {gir-a
1635 1050 1734 1110 {ag-the
1747 1048 1809 1075 title
1822 1048 1856 1075 ⁰f

241 1125 399 1172 cepistis>
436 1122 486 1161 Si
501 1128 620 1161 autem
636 1125 815 1172 accepisti,
834 1122 927 1172 quid
935 1123 1132 1173 gloriaris,
1147 1124 1258 1172 quasi
1272 1135 1343 1160 non
1359 1124 1538 1171 acceperis
1551 1125 1572 1159 Ρ

241 1193 290 1230 Et
310 1194 394 1231 Act.
416 1206 479 1231 xx.
505 1204 552 1242 35
575 1195 665 1231 dicit
685 1194 893 1243 apostolus,
920 1193 1070 1242 Oportet
1089 1195 1291 1230 meminisse
1311 1194 1417 1230 verbi
1432 1194 1575 1230 domini

242 1266 366 1300 nostri
380 1262 467 1300 Iesu
491 1263 644 1302 Christi
660 1265 832 1313 quomodo
852 1265 925 1313 ipse
943 1265 1057 1310 dixit,
1080 1264 1239 1301 Beacius
1268 1265 1389 1312 magis
1409 1269 1462 1301 est
1480 1264 1572 1300 dare

190 1343 227 1375 15
242 1347 351 1383 quam
390 1335 559 1383 accipere.
631 1335 677 1371 In
723 1335 804 1372 istis
852 1335 1010 1384 quidem
1049 1341 1086 1371 et
1125 1334 1311 1371 similibus
1349 1334 1572 1382 intelligitur

243 1406 401 1453 acczpere
427 1417 514 1442 cum
535 1405 653 1442 tribus
680 1405 972 1443 condicionibus
1002 1404 1062 1442 hic
1083 1404 1261 1450 adiectis,
1292 1410 1328 1442 et
1355 1410 1445 1441 tunc
1469 1410 1572 1453 patet

243 1475 440 1513 sentencia
472 1487 517 1513 ac
556 1486 623 1524 per
657 1475 967 1525 equivocacionis
1006 1474 1269 1512 deteccionem
1308 1474 1571 1523 repugnancie

243 1546 463 1594 apparentis
503 1545 662 1583 solucio.
739 1545 903 1583 Constat
936 1545 1093 1594 quidem
1132 1544 1239 1594 quod
1269 1545 1399 1582 titulus
1432 1545 1571 1593 gracie,

243 1616 373 1664 quoad
386 1616 648 1664 recipientem,
661 1616 930 1653 condicionem
942 1615 1199 1653 inferioritatis
1215 1621 1251 1652 et
1264 1615 1574 1664 imperfeccionis

191 1701 231 1723 20
244 1687 390 1735 sapiat3
420 1686 507 1724 ideo
538 1685 674 1723 dicitur
706 1685 963 1723 debilissimus
994 1686 1123 1722 titulus
1152 1692 1244 1734 aput
1273 1686 1473 1735 politicos:
1505 1685 1573 1723 sed

243 1756 375 1806 quoad
413 1757 570 1794 dantem
609 1756 699 1794 dicit
730 1755 1012 1805 perfeccionem
1047 1762 1083 1793 et
1119 1755 1400 1793 excellenciam.
1457 1755 1573 1793 Unde

242 1827 455 1876 predictam
486 1827 721 1864 sentenciam
742 1826 788 1863 de
817 1827 1033 1875 prestancia
1062 1826 1237 1864 dacionis
1265 1827 1405 1876 probat
1424 1826 1573 1864 Aristo-

243 1897 346 1943 teles,
369 1903 507 1946 quarto
535 1897 772 1942 Ethicorum,
797 1896 965 1945 capitulo
994 1897 1131 1946 primo,
1153 1896 1391 1946 quadruplici
1410 1897 1574 1934 racione.

246 1967 322 2005 Sed
347 1967 519 2005 secundo
549 1967 668 2004 modo
699 1966 837 2004 dicitur
866 1967 1042 2015 accipere
1072 1966 1384 2004 authonomatice
1415 1967 1574 2016 propria
1587 1976 1699 2016 &Isim
1712 1985 1822 2005 assume

192 2051 230 2083 25
246 2050 382 2086 capere
403 2037 472 2075 sibi
502 2038 584 2086 ipsi,
607 2043 644 2075 et
671 2037 724 2075 sic
743 2037 912 2086 loquitur
931 2037 1093 2082 Veritas,
1115 2037 1210 2074 Mat.
1231 2038 1329 2074 xxvi.
1353 2047 1415 2085 52,
1441 2037 1573 2074 Omnes
1586 2012 1629 2038 sor
1641 2013 1761 2044 hlmself'

247 2105 400 2159 (inquit)
429 2110 500 2156 qui
521 2109 724 2157 acceperint
744 2108 917 2156 gladium
940 2108 1071 2156 gladio
1091 2107 1277 2156 peribunt.
1335 2108 1416 2154 Ille,
1452 2108 1575 2157 inquit

244 2178 493 2227 Augustinus,
503 2178 673 2216 secundo
686 2178 781 2215 libro
796 2184 929 2214 contra
944 2176 1176 2215 Manicheos
1191 2178 1359 2227 capitulo
1369 2200 1431 2225 —,
1442 2180 1579 2227 accipit

240 2249 412 2296 gladium
442 2249 510 2296 qui
525 2249 629 2285 nulla
658 2249 848 2296 superiori
862 2252 895 2284 et
912 2248 1076 2296 legitima
1098 2252 1269 2296 potestate
1289 2249 1349 2285 vel
1365 2249 1502 2286 iubente
1522 2250 1581 2286 vel

247 2319 448 2355 concedente
469 2319 509 2354 in
529 2319 746 2368 sanguinem
762 2318 921 2354 alienum
943 2321 1128 2355 armatur.
1185 2317 1234 2355 Et
1250 2324 1355 2367 patet
1371 2319 1575 2368 impugna-

282 2445 322 2467 14.
341 2435 493 2468 quomodo:
507 2435 592 2461 codd.
604 2438 642 2468 qr‘z
654 2435 801 2467 (quando).
847 2443 886 2467 15.
900 2438 909 2465 ΙΙ
922 2435 1038 2468 quidem
1052 2436 1074 2461 B
1088 2436 1105 2461 f.
1120 2444 1167 2467 245
1182 2443 1210 2462 1).
1250 2444 1289 2467 24.
1300 2436 1531 2461 authonomatice
1542 2435 1575 2468 C,

247 2469 343 2494 antlzo.
357 2470 392 2499 A,
408 2472 486 2494 auto.
504 2469 535 2494 B.
639 2470 679 2494 28.
698 2469 843 2500 superiori
852 2470 878 2493 A
887 2469 926 2494 C:
946 2470 1093 2500 superiore
1107 2469 1129 2494 B
1142 2469 1203 2501 (sed
1216 2469 1346 2500 erasum).
1449 2478 1490 2502 29.
1508 2469 1576 2495 Post

246 2503 418 2533 concedente,
433 2502 490 2528 AC
499 2504 652 2534 potestate,
667 2502 715 2527 sed
728 2502 756 2528 in
769 2502 792 2528 C
805 2502 944 2528 deletum:
964 2511 1017 2528 om.
1032 2502 1063 2528 B.

294 2614 323 2645 5.
347 2605 508 2645 Sequitur
531 2605 653 2645 ipsum,
676 2605 736 2636 &c.
783 2605 815 2634 A
832 2604 941 2635 clause
957 2614 1060 2635 seems
1077 2609 1112 2636 to
1128 2604 1210 2637 have
1228 2605 1375 2646 dropped
1393 2610 1449 2637 out
1464 2605 1575 2637 before

249 2657 333 2694 this;
356 2657 413 2687 but
429 2656 483 2686 the
499 2656 714 2696 manuscripts
730 2655 804 2696 give
820 2665 863 2686 no
880 2655 1059 2686 indication
1077 2656 1114 2687 of
1130 2667 1194 2696 any
1210 2657 1378 2689 omission.
1425 2658 1512 2698 Only
1529 2659 1575 2696 D,

250 2708 421 2747 observing
437 2707 492 2738 the
509 2706 693 2745 ἀσύνδετον,
711 2707 770 2737 has
787 2708 951 2738 corrected
967 2711 1002 2738 s?
1015 2709 1064 2747 (=
1082 2709 1248 2748 sequitur)
1266 2709 1334 2739 into
1351 2709 1413 2740 sed.

295 2768 345 2789 22.
371 2759 468 2789 Arist.
488 2759 561 2789 Eth.
581 2759 712 2790 Nicom.
729 2758 770 2788 iv.
791 2767 803 2787 1
824 2769 855 2799 p.
873 2768 954 2800 1119
968 2759 997 2789 b.

297 2816 346 2849 27.
372 2810 510 2850 August.
528 2814 641 2841 contra
659 2810 766 2840 Faust.
785 2809 927 2840 Manich.
945 2810 1021 2840 xxii.
1044 2816 1093 2850 70,
1115 2810 1202 2851 Opp.
1221 2810 1249 2840 8.
1268 2819 1331 2850 402
1352 2819 1384 2841 E.
