2095 3278
235 176 321 224 354

901 182 1104 215 RICARDI
1138 182 1440 216 ARMACHANJ
1889 173 1988 232 [Lm.
2006 188 2053 217 11.

511 284 700 327 apostolus
718 285 908 329 expressit,
926 297 1011 320 cum
1035 286 1135 330 dixit,
1159 287 1195 321 A
1223 298 1295 332 quo
1320 288 1418 321 enim
1443 288 1528 332 quis
1552 289 1750 332 superatus
1774 291 1836 331 est,
1852 292 1944 333 [190

510 342 591 375 eius
606 345 642 375 et
657 353 789 376 servus
804 347 859 377 est
878 342 912 387 (2
933 344 1008 378 Pet.
1027 344 1062 378 ii.
1084 343 1162 388 19):
1190 344 1249 389 qui
1268 356 1355 379 vero
1373 356 1498 380 servus
1516 351 1571 380 est
1595 345 1736 390 peccati
1763 356 1838 380 non

511 398 658 433 aliunde
676 399 819 434 videtur
842 412 967 435 servus
990 402 1144 446 peccati,
1162 401 1233 437 nisi
1252 401 1337 447 quia
1363 402 1399 436 in
1425 409 1578 447 peccato
1603 409 1639 438 et
1664 414 1731 448 per
1754 414 1837 448 pec-

512 463 635 490 catum
661 457 771 492 servit
798 464 962 493 creature
988 459 1045 493 cui
1072 471 1138 504 per
1163 460 1405 504 cupiditatem
1432 460 1595 503 inheret3
1620 460 1718 495 unde
1737 461 1838 505 cupi-

511 514 608 548 ditas
626 515 743 548 radz'x
757 517 923 550 omnium
941 518 1138 561 malorum,
1157 529 1231 552 non
1255 519 1373 552 solum
1390 518 1437 552 ab
1455 519 1636 562 apostolo,
1653 519 1772 563 prima
1790 519 1837 553 ad
1852 525 1869 557 5

510 571 634 605 Thim.
652 572 699 606 vi.
728 582 779 616 10,
806 580 861 608 set
889 573 1008 608 eciam
1038 574 1283 609 communiter
1310 575 1358 609 ab
1386 575 1558 610 omnibus
1589 576 1725 611 sanctis
1752 577 1837 611 doc-

510 627 649 663 toribus
683 630 895 666 affirmatur.
954 632 1025 676 Qui
1059 639 1184 667 autem
1220 644 1347 667 servus
1381 640 1436 668 est
1470 639 1635 668 creature
1675 634 1733 668 cui
1774 645 1840 678 per

508 697 675 721 amorem
702 688 856 731 inheret,
881 700 1117 734 nequaquam
1142 696 1230 725 tunc
1255 690 1429 725 dominus
1455 697 1510 725 est
1534 690 1627 725 illius
1652 697 1839 735 creature;

510 755 594 778 cum
618 756 727 779 nemo
751 746 917 782 eiusdem
939 747 991 781 rei
1010 747 1182 783 dominus
1201 748 1247 783 sit
1265 754 1300 783 et
1319 760 1458 784 servus.
1509 750 1635 794 Igitur,
1654 761 1738 784 cum
1756 749 1838 794 quis

509 809 639 846 peccat
666 804 870 838 mortaliter
897 805 1016 849 perdit
1049 807 1238 850 peccando
1268 806 1473 841 dominium
1505 808 1672 842 naturale
1705 808 1837 841 saltem
1853 814 1892 838 10

510 859 604 894 illius
623 867 789 896 creature
808 862 905 897 circa
923 873 1036 907 quam
1059 870 1199 908 peccat.
1250 865 1345 898 Cum
1367 864 1475 909 igitur
1497 865 1663 899 omnium
1688 871 1838 909 propter

511 918 702 954 hominem
720 919 869 955 inferius
888 927 1096 955 creatorum
1112 921 1218 956 fuerit
1237 921 1286 955 illi
1308 921 1417 956 simul
1433 928 1469 956 et
1487 922 1643 957 indivise
1662 923 1836 957 collatum

509 975 686 1020 originale
704 977 920 1021 dominium,
939 978 1083 1023 perdito
1101 990 1171 1023 per
1184 979 1331 1024 culpam
1349 980 1456 1015 unius
1474 986 1640 1015 creature
1658 980 1836 1024 dominio,

509 1035 675 1069 omnium
693 1035 899 1070 dominium
917 1042 972 1070 est
992 1036 1188 1071 sublatum.

557 1094 647 1128 IOH.
676 1094 761 1127 Hac
789 1093 936 1128 racione
962 1093 1100 1138 poteris
1133 1094 1329 1138 affirmare,
1358 1106 1444 1129 cum
1471 1095 1554 1140 quis
1587 1095 1684 1130 circa
1714 1106 1836 1130 rerum
1852 1105 1890 1137 15

509 1162 659 1185 suarum
674 1150 879 1185 dominium
896 1157 1025 1196 peccat
1040 1151 1252 1195 mortaliter,
1268 1152 1426 1187 inaniter
1440 1153 1634 1196 gloriando
1648 1159 1709 1188 aut
1721 1152 1836 1196 aliter,

510 1209 609 1254 quod
628 1209 773 1243 illarum
790 1220 912 1243 rerum
934 1209 1054 1254 perdit
1078 1209 1283 1244 dominium
1299 1222 1307 1254 ;
1334 1216 1370 1245 et
1388 1211 1522 1246 reddes
1538 1211 1638 1246 hunc
1656 1211 1836 1246 mundum

509 1266 616 1311 quasi
634 1266 796 1300 dominis
814 1273 1022 1301 vacuatum.

555 1326 644 1359 RIC.
671 1325 801 1367 Recte,
832 1324 917 1359 licet
952 1324 1162 1360 carnalibus
1195 1325 1297 1367 dure,
1331 1325 1534 1369 concludis,
1568 1325 1668 1371 quod
1702 1325 1836 1361 clarius

509 1383 604 1416 infra
627 1382 664 1416 in
689 1382 797 1416 huius
815 1388 946 1427 quarto
965 1382 1058 1417 libro
1080 1382 1244 1428 liquebit,
1262 1382 1324 1417 ubi
1346 1383 1393 1418 de
1416 1383 1591 1418 dominiis
1616 1383 1835 1419 adventiciis
1851 1391 1891 1413 20

507 1441 637 1476 offeret
655 1452 693 1475 se
710 1446 900 1475 tractatus.

561 1500 653 1534 IOH.
680 1498 781 1543 Quid
800 1498 829 1533 si
854 1498 979 1533 dixero
997 1498 1096 1543 quod
1114 1509 1202 1533 usus
1220 1509 1284 1533 seu
1302 1498 1441 1534 abusus
1457 1509 1579 1534 rerum
1596 1498 1650 1533 sic
1671 1499 1838 1544 perditur

513 1568 581 1602 per
598 1563 804 1602 peccatum,
822 1567 897 1591 non
915 1563 1041 1591 tamen
1060 1555 1266 1590 dominium
1281 1558 1294 1591 ?

560 1617 648 1650 RIC.
676 1615 773 1660 Quia
804 1615 877 1649 hoc
910 1614 1032 1649 dicere
1064 1613 1189 1649 obviat
1222 1614 1362 1649 racioni
1392 1620 1428 1649 et
1454 1614 1562 1658 facto,
1590 1614 1766 1660 quoniam
1800 1614 1837 1650 in

510 1672 748 1718 paucioribus
765 1684 854 1708 usus
873 1678 935 1707 aut
954 1673 1083 1707 saltem
1101 1672 1238 1707 abusus
1256 1683 1378 1707 rerum
1395 1678 1572 1715 remanet,
1591 1678 1631 1707 ut
1648 1672 1827 1708 videmus.
1852 1684 1890 1717 25

562 1732 651 1766 IOH.
679 1732 755 1766 Cur
775 1742 851 1765 non
876 1741 1028 1775 possum
1046 1736 1209 1765 astruere
1235 1730 1345 1774 quod,
1364 1729 1458 1764 sicut
1476 1729 1574 1774 apud
1599 1729 1781 1774 homines,
1801 1729 1839 1764 in

510 1788 574 1824 tali
614 1800 703 1825 casu
743 1787 1000 1823 forefaccionis
1040 1799 1116 1822 non
1156 1787 1321 1832 perditur
1362 1787 1487 1821 statim
1528 1787 1745 1831 dominium,
1782 1793 1839 1822 set

510 1847 782 1892 expectandum
799 1853 855 1881 est
873 1857 982 1890 super
997 1844 1251 1880 forefaccionis
1270 1844 1491 1890 probacione
1510 1844 1698 1880 iudicium.

560 1906 647 1940 RIC.
674 1906 827 1940 Frustra
859 1904 958 1949 apud
986 1903 1201 1946 Dominum,
1228 1902 1291 1948 qui
1315 1909 1371 1937 est
1396 1902 1504 1937 iudex
1524 1908 1560 1937 et
1583 1903 1688 1937 testis
1711 1902 1838 1938 omnia

511 1963 752 2008 prospiciens,
780 1968 1034 2007 expectaretur
1061 1960 1256 2006 probacio;
1291 1966 1327 1995 et
1354 1960 1491 2005 pariter
1515 1971 1580 2005 per
1605 1971 1835 2005 consequens
1850 1969 1891 1999 30

508 2022 608 2066 apud
642 2033 727 2056 eum
755 2021 888 2056 frustra
917 2025 1171 2065 expectaretur
1199 2018 1386 2061 iudicium,
1414 2018 1563 2063 quando
1595 2018 1708 2053 nichil
1737 2018 1836 2053 aliud

508 2079 602 2123 exigi
637 2080 786 2114 deberet
820 2079 867 2113 ad
900 2078 1092 2113 ferendum
1126 2076 1312 2120 iudicium,
1344 2087 1456 2121 quam
1487 2075 1770 2112 circumstancie
1798 2076 1835 2111 in

508 2137 661 2173 instanti
679 2136 867 2173 commissi
886 2135 1028 2181 peccati
1045 2134 1241 2181 presentis.

386 2254 499 2288 XIII.
561 2252 790 2286 IOHANNES.
819 2251 936 2294 Perge
953 2249 1116 2286 ulterius.

464 2321 496 2352 4.
557 2310 784 2344 RICARDUS.
802 2308 965 2342 Attende
984 2307 1072 2341 item
1089 2305 1239 2342 acucius
1254 2304 1344 2350 quid
1361 2304 1601 2339 Achimalech
1620 2303 1759 2339 Davidi
1777 2315 1833 2339 re·
1848 2307 1888 2340 35

510 2366 698 2412 sponderit
724 2366 794 2401 sibi
821 2365 970 2409 dicenti,
996 2365 1111 2399 Nunc
1135 2365 1268 2409 igitur,
1294 2364 1330 2397 sz'
1356 2363 1453 2407 quid
1470 2363 1578 2397 habes
1602 2363 1656 2396 ad
1678 2374 1833 2396 manum

508 2425 573 2459 vel
595 2426 759 2469 quinque
786 2424 804 2444 '¹‘
829 2426 955 2468 panes,
983 2423 1032 2457 da
1059 2423 1174 2456 michi
1199 2425 1268 2457 aut
1291 2421 1472 2465 quicquid
1495 2420 1695 2454 inveneris.
1745 2420 1832 2454 Non
1846 2423 1879 2452 D

507 2484 628 2526 habeo,
662 2483 798 2526 inquit,
832 2484 954 2526 panes
994 2481 1109 2515 laicos
1142 2480 1196 2514 ad
1232 2490 1398 2522 manum,
1431 2482 1486 2512 set
1516 2481 1666 2512 lantum
1693 2479 1833 2522 panem

507 2544 688 2582 sanctum,
705 2541 741 2573 ,τί
764 2539 899 2574 mundi
913 2540 992 2572 sint
1000 2538 1125 2582 pueri,
1144 2537 1309 2571 maxime
1328 2548 1352 2570 a
1369 2535 1597 2578 mulieribus,
1621 2543 1635 2569 1
1657 2536 1746 2579 Reg.
1762 2534 1833 2568 xxi.

509 2608 541 2642 3,
565 2608 610 2641 4:
639 2598 674 2631 in
702 2609 774 2642 quo
805 2607 983 2641 responso
1009 2595 1099 2630 satis
1125 2594 1285 2629 ostendit
1313 2604 1447 2638 panem
1475 2599 1656 2635 sanctum,
1683 2591 1890 2635 scilicet,40

510 2656 674 2690 Domino
694 2654 902 2700 specialiter
919 2659 1186 2695 consecratum,
1202 2652 1277 2686 iure
1291 2651 1474 2696 originalis
1490 2650 1654 2693 dominii,
1668 2656 1834 2694 tempore

509 2713 715 2757 indigencie
743 2712 891 2747 mundis
926 2712 1012 2747 solis
1039 2711 1176 2753 deberi,
1205 2721 1440 2755 nequaquam
1467 2707 1669 2743 inmundis.
1718 2706 1833 2742 Aliud

510 2772 637 2816 accipe
657 2771 854 2806 suasivum.
