2095 3278
0 184 1 193 *
30 221 116 252 cAP.
139 210 255 264 xxx]
595 218 660 250 DE
691 216 933 250 PAUPERIE
967 214 1277 248 SALVATonrs.
1756 209 1841 255 423

139 323 231 364 350]
246 323 316 358 sibi
335 323 490 366 debitos,
510 322 648 367 aliquid
671 321 839 356 limitare.
890 322 948 355 De
973 319 1137 355 dominio
1160 317 1274 363 regali
1299 318 1376 352 sive
1394 316 1467 351 alio
1485 314 1560 360 regi
1572 332 1604 350 or
1616 322 1690 350 civil.

30 453 96 474 ’207²
113 453 177 474 om.

33 2407 141 2438 supra,
158 2409 191 2440 p.

33 2450 109 2482 422.

245 381 398 415 donanti
435 381 628 415 baroniam
669 387 812 414 retento
854 379 1019 414 dominio
1061 378 1161 413 idem
1195 384 1308 422 patet,
1336 375 1513 421 quoniam
1543 386 1566 409 a

193 450 222 473 B.
244 439 359 482 regali
381 439 546 473 dominio
570 450 643 473 non
666 438 832 482 procedit
855 437 1047 472 abdicacio
1070 436 1207 481 proprii
1229 434 1383 470 dominii
1400 434 1565 476 baronie,

199 504 330 532 Deum
356 508 428 539 rex,
455 508 500 531 eo
525 497 624 541 quod
650 497 743 540 talis,
771 508 846 530 non
875 496 891 516 *
920 495 1130 530 necessario
1157 500 1255 529 extet
1280 494 1371 528 baro
1399 503 1468 527 nec
1493 492 1568 528 dux

214 565 231 596 5
246 565 314 588 nec
340 565 463 588 comes
490 555 711 589 necessitate
737 555 791 588 sui
818 554 994 597 dominii;
1029 552 1111 587 talis
1137 558 1192 586 est
1215 552 1315 594 baro,
1335 558 1370 586 et
1392 562 1458 595 per
1478 562 1568 584 con-

246 623 403 656 sequens
430 624 452 645 a
478 613 579 646 nullo
607 612 669 646 tali
698 611 864 646 dominio
889 610 1055 655 procedit
1081 609 1239 644 donacio
1263 609 1348 644 talis
1374 619 1440 653 per
1464 608 1567 642 abdi-

245 668 436 703 cacionem
459 676 494 704 et
518 670 805 704 translacionem
828 668 982 703 dominii
1007 668 1160 702 baronie
1179 679 1186 702 :
1213 678 1288 701 non
1311 672 1367 701 est
1390 677 1479 710 ergo
1496 666 1568 701 ista

245 727 402 762 donacio
419 739 485 772 per
501 728 782 762 abdicacionem
805 734 916 772 atque
940 726 1226 761 translacionem
1244 725 1397 759 dominii
1416 724 1569 759 baronie

245 791 348 819 actus
366 785 520 820 alicuius
544 785 697 819 dominii
721 786 798 820 sive
822 796 908 819 usus
925 796 932 827 ;
959 791 994 819 et
1017 783 1126 818 simili
1147 783 1266 817 forma
1283 782 1463 827 probandi
1481 793 1567 817 con-

194 857 234 880 10
246 840 403 876 vincitur
428 843 526 887 quod
553 844 652 878 nulla
677 855 744 888 per
768 842 1050 877 abdicacionem
1079 847 1115 875 et
1144 839 1430 875 translacionem
1461 839 1568 875 dacio

245 906 301 934 est
336 907 440 935 actus
478 901 555 936 sive
589 913 677 936 usus
713 901 879 936 dominii.
941 900 1039 934 Satis
1076 910 1165 943 ergo
1207 899 1313 933 firma
1349 904 1406 933 est
1441 905 1569 933 nostra

245 955 433 990 conclusio
474 956 696 1001 supradicta,
732 956 831 1001 quod
872 955 1030 990 donacio
1071 966 1137 999 per
1177 953 1461 989 translacionem
1503 965 1569 990 seu

246 1014 627 1049 communicacionem
660 1014 907 1060 possessionis
949 1013 1210 1048 descendentis
1244 1023 1267 1048 a
1299 1011 1457 1047 naturali
1490 1012 1569 1047 sive

246 1070 414 1115 originali
441 1072 605 1107 dominio
628 1071 749 1117 (sicuti
770 1073 894 1107 Adam
920 1072 958 1106 in
984 1071 1201 1106 innocencie
1227 1076 1324 1105 statu
1349 1070 1438 1105 dare
1463 1076 1568 1115 potu-

194 1141 232 1174 15
246 1135 333 1172 erat,
361 1129 480 1164 eciam
513 1130 606 1165 sicut
640 1130 811 1165 dominus
843 1136 970 1164 noster
1005 1131 1107 1164 Iesus
1141 1135 1178 1163 et
1212 1128 1266 1163 sui
1296 1128 1453 1172 apostoli
1482 1128 1570 1164 dare

245 1193 426 1231 poterant,
454 1194 489 1223 et
523 1188 560 1222 in
593 1188 755 1232 presenti
788 1194 943 1233 possunt
972 1187 1179 1232 quicunque
1211 1197 1338 1221 eorum
1368 1186 1481 1221 vitam
1515 1197 1569 1221 se-

245 1251 410 1289 quentes,
444 1257 519 1280 non
559 1248 738 1281 translato
777 1258 845 1282 nec
879 1245 1151 1281 communicato
1185 1244 1352 1289 originali
1386 1243 1568 1289 dominio)

245 1302 365 1337 verior
390 1309 425 1338 et
451 1304 570 1348 magis
597 1304 743 1349 proprie
772 1305 871 1339 dicta
900 1310 977 1339 erat
1004 1303 1170 1346 donacio,
1192 1302 1279 1347 quia
1306 1302 1429 1337 divine
1455 1302 1570 1338 dona-

246 1359 343 1394 cioni
374 1362 596 1397 conformior
625 1369 661 1397 et
690 1362 778 1407 quia
803 1374 910 1397 verus
945 1368 1047 1396 actus
1082 1367 1118 1396 et
1148 1372 1236 1395 usus
1266 1360 1432 1404 dominii,
1459 1371 1571 1405 quam

195 1435 235 1457 20
248 1419 368 1464 aliqua
394 1420 550 1454 donacio
581 1420 617 1454 in
643 1432 716 1465 qua
745 1420 952 1454 dominium
980 1431 1002 1454 a
1031 1419 1195 1454 donante
1222 1418 1450 1453 transfertur.
1500 1419 1570 1454 Est

248 1488 347 1520 ergo,
386 1489 462 1511 non
503 1478 736 1513 obstantibus
777 1478 850 1513 tuis
891 1478 1108 1521 obiectibus‚
1144 1477 1302 1512 donacio
1340 1488 1424 1512 vere
1465 1483 1571 1513 actus

247 1536 391 1571 utendi:
420 1536 546 1579 immo,
562 1536 837 1571 conclusionem
855 1535 1116 1571 mirabiliorem
1136 1535 1297 1579 attende,
1310 1534 1459 1579 scilicet,
1472 1535 1572 1580 quod

248 1604 439 1638 nunquam
467 1605 533 1638 per
559 1600 682 1628 actum
708 1593 926 1629 donacionis
953 1593 1101 1638 proprie
1127 1592 1267 1627 dictum
1294 1599 1414 1638 potest
1441 1593 1478 1627 in
1504 1593 1571 1628 ali-

249 1662 360 1696 quem
393 1650 580 1686 transferri
613 1652 827 1695 dominium,
856 1651 925 1686 nisi
955 1651 1123 1686 fortassis
1152 1662 1217 1696 per
1246 1651 1433 1686 accidens.
1484 1652 1571 1686 Pro-

196 1724 212 1747 2
217 1724 235 1756 5
249 1708 397 1744 bacioni
416 1710 523 1744 huius
540 1710 692 1745 asculta.

297 1825 528 1860 IOHANNES.
553 1824 758 1859 Ascultabo
775 1823 965 1868 libencius,
983 1830 1040 1860 set
1061 1830 1209 1869 stupore
1233 1824 1478 1860 conclusionis
1503 1824 1571 1860 mi·
1584 1825 1698 1858 XXX.

247 1881 373 1916 rabilis
391 1881 551 1916 tinniunt
569 1894 676 1917 aures
692 1894 786 1918 mee.
1585 1879 1731 1918 Althqugh
1744 1878 1817 1905 10ῑᾶ-

1585 1913 1648 1945 sh1p
1661 1922 1685 1939 is
1702 1918 1749 1939 not
1765 1918 1853 1938 trans-

298 1941 525 1975 RICARDUS.
553 1941 768 1976 Translacio
786 1940 963 1976 naturalis
978 1940 1131 1975 dominii
1145 1951 1220 1975 non
1234 1946 1356 1985 potest
1370 1940 1423 1985 <ut
1438 1941 1570 1986 patuit)
1583 1946 1680 1985 ferrsd,
1687 1946 1725 1979 by
1738 1946 1786 1972 the
1806 1951 1853 1972 act

250 1997 327 2032 fieri
346 2010 411 2042 per
424 2005 548 2033 actum
566 1998 739 2041 donandi,
754 2010 837 2033 cum
856 2010 931 2033 non
948 1999 1065 2044 possit
1086 1998 1139 2043 (ut
1158 1998 1301 2043 claruit)
1320 1999 1357 2033 in
1376 2011 1572 2043 personam
1584 1980 1792 2045 ῗέςῗῑῖᾞὲᾗζξῖ
1805 1980 1853 2006 the

196 2067 237 2098 30
251 2056 296 2090 de
314 2067 472 2100 persona
490 2056 698 2091 transferri:
726 2056 926 2092 translacio
945 2056 1061 2091 civilis
1080 2056 1234 2091 dominii
1252 2068 1326 2091 non
1348 2063 1470 2102 potest
1495 2057 1572 2093 fieri
1584 2046 1828 2112 ξξξῗέἶοξῇξξῇξῗη

250 2125 315 2158 per
338 2120 462 2148 actum
487 2113 703 2148 donacionis
728 2114 800 2148 nisi
826 2120 931 2149 actus
958 2114 1015 2149 ille
1041 2126 1063 2148 a
1088 2114 1250 2149 dominio
1276 2126 1463 2160 quoquam
1486 2127 1573 2160 pro·
1585 2114 1636 2139 the
1646 2113 1727 2147 thing
1739 2113 1833 2146 given.

249 2172 382 2215 cedat3
414 2171 589 2216 quoniam
613 2183 688 2206 non
712 2178 768 2207 est
792 2172 948 2207 donacio
972 2175 1068 2207 vere'
1081 2179 1117 2207 et
1141 2172 1288 2217 proprie
1312 2173 1411 2208 dicta
1433 2174 1504 2209 nisi
1527 2174 1573 2210 sit
1620 2166 1645 2185 ¹⁶

250 2235 354 2264 actus
381 2229 535 2264 dominii
564 2228 672 2273 (sicut
698 2240 773 2263 non
803 2235 947 2264 tantum
976 2229 1137 2274 theologi
1164 2231 1392 2274 profitentur,
1420 2238 1475 2266 set
1503 2232 1573 2267 hoc

249 2285 384 2321 docent
408 2286 590 2330 pedagogi
617 2286 654 2320 in
682 2286 801 2329 scolis,
827 2287 899 2321 hoc
924 2294 1032 2331 poete
1057 2286 1249 2332 predicant
1274 2288 1311 2321 in
1336 2288 1476 2331 teatris,
1501 2289 1574 2324 hoc

197 2352 235 2385 35
251 2350 418 2388 pastores
438 2344 599 2378 clamant
623 2343 660 2377 in
686 2344 838 2389 campis,
857 2345 928 2378 hoc
953 2351 1089 2379 canunt
1112 2345 1292 2379 molentes
1319 2344 1356 2379 in
1382 2345 1518 2391 molis),
1537 2353 1574 2381 et

251 2400 464 2435 immediate
482 2412 594 2445 supra
611 2401 685 2435 iam
703 2400 867 2435 constitit
890 2401 989 2445 quod
1014 2407 1119 2436 actus
1143 2413 1215 2446 quo
1239 2402 1393 2437 baronia
1417 2403 1462 2437 de
1486 2415 1573 2448 rege

250 2457 288 2492 in
313 2458 493 2492 baronem
518 2459 733 2493 transfertur
752 2458 971 2503 (dominium
996 2458 1147 2493 baronis
1174 2459 1278 2494 civile
1305 2459 1480 2504 intelligo,
1497 2472 1573 2495 non

249 2521 386 2550 terram
412 2515 462 2549 illi
489 2515 708 2560 subiectam)
735 2528 810 2550 non
835 2516 1003 2560 procedit
1028 2528 1050 2551 a
1073 2517 1238 2551 dominio
1265 2517 1388 2562 aliquo
1413 2518 1571 2553 naturali

250 2573 327 2608 sive
351 2573 469 2609 civili:
501 2575 600 2608 unde
623 2574 861 2619 consequitur
879 2575 979 2619 quod
1002 2574 1086 2609 talis
1110 2575 1308 2610 translacio
1332 2575 1485 2610 dominii
1503 2588 1573 2612 nec

195 2644 238 2675 40
251 2638 305 2666 est
332 2643 401 2666 nec
426 2644 506 2667 esse
533 2638 654 2676 potest
681 2633 837 2667 donacio
865 2632 1010 2677 proprie
1040 2632 1139 2668 dicta
1169 2632 1244 2668 sive
1273 2634 1420 2678 proprie
1451 2634 1572 2670 dictus

33 2690 159 2731 aliquis
172 2699 238 2722 om.
251 2696 353 2724 actus
380 2690 554 2724 donandi.
606 2691 712 2732 Item,
732 2689 900 2734 quamvis
924 2690 1054 2735 aliquis
1079 2702 1157 2725 rem
1182 2690 1344 2736 aliquam
1370 2691 1482 2727 donet
1506 2704 1573 2728 suo
1620 2706 1644 2724 2·

35 2739 66 2765 B.

251 2747 383 2789 amico,
401 2758 477 2781 non
501 2747 628 2792 recipit
652 2747 863 2783 donatarius
885 2755 972 2783 tunc
993 2748 1199 2783 dominium
1222 2749 1371 2794 aliquod
1388 2749 1457 2784 nisi
1476 2751 1573 2794 velit,

251 2816 335 2840 cum
369 2805 505 2841 habeat
539 2805 715 2850 originale
746 2805 962 2852 dominium,
989 2807 1089 2852 quod
1122 2807 1170 2842 ad
1203 2818 1351 2843 omnem
1384 2819 1492 2843 usum
1525 2809 1574 2845 le-
