2095 3278
0 509 11 549 :j
65 520 171 550 supra,
188 521 219 552 p.

68 166 156 196 CAP.
180 152 238 211 V.]
628 165 693 196 DE
725 165 970 197 PAUPERIE
1003 165 1319 198 SALVAToms.
1797 157 1878 212 387

171 277 265 319 27B]
281 279 470 313 universis
494 289 563 322 que
587 282 785 314 moventur
807 280 848 313 z'n
873 283 976 314 terra
1000 280 1042 314 in
1067 281 1200 325 quibus
1224 284 1278 315 est
1301 281 1431 315 anima
1455 281 1600 326 vivens,

0 567 11 591 ,¹
65 553 138 592 336-

282 337 376 371 Gen.
394 336 416 371 i.
435 345 490 380 29,
505 346 560 380 30.

328 395 415 429 RIC.
446 393 636 429 Possessio
663 400 720 429 est
752 394 904 429 effectus
932 394 1110 437 dominii3
1149 395 1258 438 unde,
1285 394 1357 429 nisi
1385 395 1423 430 in
1449 407 1512 431 eos
1538 396 1598 441 qui
1612 401 1732 428 because
1747 401 1815 434 they
1842 436 1847 441 .

279 457 434 496 possunt
451 451 589 486 habere
606 451 821 495 dominium,
840 453 972 487 cadere
997 464 1070 487 non
1096 458 1215 497 potest
1238 452 1446 497 possessio3
1473 454 1599 498 quales
1611 435 1683 461 have
1697 444 1732 462 ¹¹⁰
1745 435 1878 469 lOfflSlssp’

279 519 353 543 non
379 514 464 542 sunt
487 508 556 543 nisi
583 509 771 544 racionem
796 510 975 544 habentes
996 509 1103 554 (sicut
1121 521 1233 554 supra
1256 510 1293 544 in
1311 511 1475 545 secundo
1493 511 1601 545 huius

280 565 317 600 in
343 566 565 601 declarando
583 567 735 601 verbum
759 567 947 601 racz'onale
971 566 1238 611 ostendimus):
1266 568 1364 602 unde
1389 579 1447 602 res
1471 579 1602 603 omnes
1613 572 1698 606 being
1711 572 1853 599 irrational

279 635 361 658 esse
394 624 500 658 datas
533 624 745 658 hominibus
777 624 905 668 primis
937 624 1125 669 Scriptura
1154 624 1383 669 pronunciat,
1412 626 1515 669 Ecce,
1547 626 1601 660 in-

279 681 420 725 quiens,
438 680 523 715 dedi
538 682 666 723 vobz’s;
691 688 746 716 set
764 687 804 716 ut
820 688 944 716 essent
962 693 1036 716 non
1055 681 1140 716 solis
1157 682 1368 717 hominibus
1392 689 1447 717 set
1472 694 1601 718 neces-

279 739 384 773 sariis
410 738 479 773 sibi
506 739 555 773 ad
580 750 687 773 usum
716 739 967 774 animantibus
992 738 1144 783 cunctis,
1172 739 1209 773 in
1239 751 1364 774 escam
1389 740 1601 776 hominibus

226 807 266 830 10
278 803 383 831 erant
400 796 496 839 date,
514 799 558 831 ut
573 797 660 839 sint,
679 797 807 842 inquit,
825 796 927 831 vobis
944 798 985 831 z'n
1002 807 1118 831 escam
1135 801 1171 831 et
1185 799 1327 832 cunctis
1346 799 1603 833 animantibus

277 858 385 888 terre.
437 856 542 897 Item,
567 854 753 899 possessio
786 854 997 890 necessario
1034 855 1145 900 exigit
1174 855 1339 900 previam
1373 857 1600 891 voluntatem
1613 862 1828 900 aqdincapable
1841 862 1872 889 of

278 912 481 956 adepcione
514 912 565 947 rei
598 912 707 947 volite
741 913 905 957 quietam
936 912 1049 957 (iuxta
1076 913 1352 949 conclusionem
1386 913 1601 949 immediate
1613 896 1677 923 w111.

276 968 535 1013 premissam);
568 981 637 1005 nec
662 971 802 1005 habent
827 970 1097 1005 irracionabilia
1128 971 1369 1015 voluntatem,
1395 977 1431 1007 et
1457 972 1504 1006 ob
1531 972 1600 1007 hoc

277 1027 552 1071 possessionem
569 1028 707 1062 habere
724 1039 799 1063 non
817 1034 982 1073 possunt.

223 1093 261 1125 15
326 1085 414 1119 IOH.
454 1085 730 1120 Irracionabilia
762 1086 900 1121 habent
934 1086 1100 1131 previum
1134 1085 1358 1121 desiderium
1392 1098 1514 1122 rerum
1546 1087 1601 1123 eis

277 1142 570 1177 necessariarum
602 1143 651 1177 ad
683 1143 833 1188 victum,
863 1143 963 1188 quod
997 1143 1151 1188 quietari
1185 1150 1306 1189 potest
1340 1144 1377 1179 in
1407 1143 1460 1179 eis
1489 1146 1600 1180 rebus

277 1199 496 1235 desideratis
522 1200 678 1245 adeptis,
704 1200 795 1235 sicut
825 1207 947 1245 potest
976 1201 1145 1236 voluntas
1175 1201 1212 1235 in
1240 1200 1390 1236 homine
1419 1201 1599 1247 quietari;

277 1257 328 1291 ita
354 1263 393 1292 ut
422 1264 571 1302 propter
599 1257 822 1293 desiderium
850 1258 1061 1293 huiusmodi
1089 1259 1292 1304 quietatum
1321 1271 1360 1295 re
1390 1259 1601 1295 desiderata

275 1315 412 1359 adepta
429 1314 501 1349 dici
519 1322 690 1360 poterunt
699 1318 789 1360 post
803 1317 934 1350 sedere.

224 1386 264 1410 20
325 1373 412 1407 RIC.
447 1372 570 1406 Adam
603 1372 743 1417 primus
775 1379 902 1407 noster
933 1384 1080 1417 parens,
1108 1379 1286 1418 tanquam
1321 1373 1439 1409 tocius
1469 1375 1600 1410 mundi

276 1429 455 1464 inferioris
488 1431 556 1464 sub
590 1430 673 1464 Deo
706 1430 926 1475 prepositus,
956 1431 993 1465 in
1028 1431 1247 1465 Paradisum
1281 1433 1479 1467 translatus
1508 1439 1544 1467 et
1578 1445 1601 1468 a

276 1486 412 1532 Spiritu
443 1493 572 1521 sancto
598 1487 752 1522 edoctus
778 1488 962 1532 quomodo
996 1488 1146 1523 nomina
1173 1489 1426 1524 animantibus
1456 1490 1598 1525 cunctis

275 1544 489 1589 imponeret,
519 1544 761 1579 sufficientem
789 1546 972 1590 loquelam
1001 1557 1067 1590 pro
1094 1557 1134 1581 se
1161 1552 1197 1581 et
1223 1557 1290 1581 sua
1318 1547 1520 1592 propagine
1551 1548 1601 1582 ad

275 1602 656 1637 communicacionem
676 1602 769 1637 inter
789 1614 829 1638 se
853 1614 961 1648 super
982 1615 1105 1638 rerum
1130 1604 1321 1648 regimine,
1339 1616 1414 1639 non
1433 1605 1599 1649 dubium,

222 1669 261 1702 25
275 1659 439 1704 accepit;
474 1659 636 1704 alioquin
662 1659 783 1694 minus
808 1660 993 1704 perfectus
1018 1661 1138 1695 factus
1163 1661 1293 1696 fuisset
1318 1661 1355 1696 in
1382 1673 1449 1698 sua
1475 1663 1599 1708 specie

276 1728 387 1762 quam
412 1723 534 1752 cetera
560 1717 770 1752 animancia
795 1717 832 1751 in
858 1718 934 1752 suis
959 1718 1165 1762 generibus.
1215 1720 1299 1754 Nec
1327 1720 1481 1754 dubium
1511 1720 1600 1765 quin

276 1773 336 1809 ille
361 1786 491 1809 sensus
508 1775 705 1809 verborum
731 1786 841 1820 quem
866 1774 945 1820 ipse
970 1775 1112 1821 accepit
1138 1788 1161 1811 a
1181 1775 1320 1821 Spiritu
1345 1789 1412 1822 per
1429 1779 1600 1823 Moysen,

275 1832 337 1877 qui
355 1833 485 1867 eodem
503 1832 641 1877 Spiritu
658 1832 805 1868 afflatus
823 1844 967 1867 sacram
982 1834 1208 1878 Scripturam
1221 1835 1267 1869 de
1284 1835 1397 1879 gestis
1417 1835 1453 1869 in
1471 1836 1599 1870 mundi

275 1890 423 1924 exordio
448 1890 556 1924 nobis
573 1890 839 1925 traducendam
862 1891 1091 1936 conscripsit,
1111 1891 1147 1926 in
1173 1892 1340 1927 terminis
1365 1892 1534 1938 positivis
1560 1894 1598 1928 in

233 1953 262 1984 G
276 1948 357 1992 ipsa
374 1947 566 1992 Scriptura
585 1947 601 1966 '¹‘
615 1948 723 1983 nobis
747 1948 903 1993 posteris
921 1950 1114 1994 exponitur
1131 1949 1340 1985 intuendus.
1376 1952 1470 1985 Cum
1488 1951 1598 1995 igitur

275 2005 405 2040 ceteris
422 2006 672 2041 animantibus
690 2018 819 2041 sensus
837 2007 938 2041 verbi
949 2008 1194 2051 possessionis
1211 2019 1286 2042 non
1305 2015 1499 2054 competat,
1514 2020 1599 2044 cum

275 2063 355 2108 ipsa
380 2074 454 2097 non
479 2064 633 2098 sedeant
659 2070 698 2098 ut
724 2063 902 2108 homines,
929 2064 1013 2099 licet
1039 2066 1239 2109 ambulent,
1261 2072 1369 2109 stent,
1387 2073 1423 2101 et
1448 2067 1598 2110 cubant,

273 2120 413 2166 aliquid
430 2121 617 2166 proprium
634 2122 774 2156 homini
793 2134 857 2167 per
873 2123 1027 2157 verbum
1036 2123 1227 2168 possidere
1244 2124 1413 2169 concepit
1432 2130 1467 2159 et
1489 2124 1598 2159 nobis

274 2179 474 2223 expressit:
501 2179 600 2214 unde
617 2179 798 2224 quietacio
816 2179 988 2215 desiderii
1015 2180 1051 2214 in
1077 2180 1219 2215 eisdem
1244 2188 1326 2226 post
1353 2181 1598 2227 adepcionem

220 2250 259 2284 35
274 2248 394 2272 rerum
411 2236 700 2272 necessariarum
718 2238 766 2272 ad
784 2248 909 2272 escam
934 2238 1121 2282 possessio
1140 2238 1213 2273 dici
1235 2250 1309 2273 non
1328 2240 1448 2275 debet.
1501 2240 1599 2284 Quia

274 2294 383 2338 igitur
422 2295 608 2339 possessio
641 2301 697 2329 est
730 2295 883 2330 effectus
925 2295 1159 2331 immediatus
1201 2296 1389 2341 originalis
1431 2297 1597 2341 dominii,

273 2352 416 2387 medius
441 2364 587 2397 semper
610 2352 704 2387 inter
721 2352 925 2387 dominium
949 2364 1069 2388 rerum
1088 2360 1124 2388 et
1147 2365 1255 2388 usum
1280 2365 1419 2397 earum,
1437 2355 1597 2390 auctori-

273 2415 349 2444 tate
363 2409 526 2453 dominii,
542 2409 763 2445 necessitate
781 2410 947 2454 naturali,
960 2416 995 2445 et
1014 2410 1141 2445 ordine
1159 2422 1268 2446 usum
1286 2423 1407 2447 rerum
1424 2412 1472 2446 ad
1487 2424 1597 2457 quem

274 2466 476 2501 dominium
495 2467 684 2501 ordinatur
707 2468 930 2511 precedens;
959 2467 1041 2502 ideo
1067 2468 1104 2503 in
1131 2468 1384 2514 descripcione
1409 2469 1597 2514 originalis

217 2535 260 2567 40
274 2524 428 2559 dominii
446 2525 600 2560 verbum
609 2525 828 2569 possidendi
842 2524 1044 2570 posuimus.

324 2639 553 2673 IOHANNES.
581 2639 664 2672 Hoc
681 2637 857 2683 approbo.
1610 2639 1651 2671 V·

323 2696 550 2730 RICARDUS.
577 2696 612 2729 N
618 2695 852 2730 ichilominus
866 2695 914 2730 ad
928 2695 1188 2731 distincciones
1202 2697 1249 2731 de
1267 2696 1500 2741 possessione
1517 2709 1596 2742 pre·
1609 2698 1649 2723 AS
1660 2698 1747 2723 man’s
1755 2697 1873 2730 original

275 2753 408 2789 missas
429 2753 543 2788 debes
565 2752 723 2797 adicere,
743 2754 835 2789 sicut
860 2753 897 2788 in
919 2753 1011 2788 libro
1038 2754 1201 2790 secundo
1227 2755 1467 2799 ostendimus,
1486 2756 1594 2800 quod,
1609 2731 1769 2796 lsgfgjhuns
1783 2737 1849 2758 two-

903 2818 1024 2850 CC2
