2008 3305
0 234 119 265 CAP.
142 219 199 278 v.]
586 227 650 258 DE
683 226 926 259 PAUPERIE
959 225 1272 258 SALVATORIS.
1782 216 1865 267 285

167 342 237 384 30]
253 336 374 371 minus
394 346 505 380 quam
527 346 590 370 eas
609 340 814 369 conservet.
867 333 980 368 Unde
998 332 1144 367 videtur
1170 333 1269 377 quod
1296 332 1503 367 dominium
1530 331 1582 367 ita

33 403 188 435 censetur,
207 402 242 429 ut
254 393 468 428 immediate
501 392 739 437 consequitur
772 392 820 426 ad
855 391 1086 426 creacionem
1121 391 1221 436 quod
1256 391 1496 425 conservacio
1529 391 1581 425 rei

33 443 168 480 Videtm'
186 449 216 472 Β·
254 458 374 486 create
392 461 626 496 nequaquam
643 449 840 484 causaliter
851 449 973 493 ipsum
992 449 1169 494 precedit.
1220 449 1373 492 Pariter,
1387 449 1481 484 sicut
1499 460 1583 483 cum

36 514 126 544 inter
140 520 170 543 Β.
252 510 420 543 voluntas
439 515 503 543 tua
520 514 644 543 actum
662 519 768 542 suum
785 507 942 541 liberum
970 507 1065 541 intra
1091 518 1131 541 se
1157 506 1339 552 producit,
1360 507 1511 541 domina
1528 513 1583 541 est

221 580 238 612 5
254 567 367 612 ipsius
386 579 430 601 ex
449 567 529 611 ipsa
546 564 797 611 produccione
816 564 1042 608 immediate,
1060 565 1161 609 prius
1180 564 1322 608 origine
1337 576 1448 610 quarn
1459 571 1584 599 actum

35 633 99 663 Pro
110 632 231 673 primi,
254 630 459 667 conservet,
479 624 531 659 sie
549 624 648 668 quod
667 634 779 657 causa
796 623 905 667 primi
932 623 1087 657 dominii
1115 623 1187 657 Dei
1215 635 1278 657 seu
1304 623 1403 657 racio
1430 630 1485 657 est
1503 623 1585 667 ipsa

28 679 139 718 precii
152 683 181 706 Β·
253 694 375 718 rerum
393 682 558 726 creacio;
585 692 660 716 non
679 680 933 723 conservacio,
946 692 1066 725 neque
1080 680 1306 725 gubernacio
1321 680 1397 716 sive
1412 680 1585 715 direccio.

303 798 533 832 IOHANNES.
589 797 674 830 Hoc
714 795 870 830 libenter
903 795 1046 840 accipio
1065 808 1074 838 ;
1116 802 1172 830 set
1213 801 1424 840 suspectum
1466 795 1586 829 habeo
1599 794 1643 828 V.

254 855 408 890 verbum
425 855 587 888 dominii
597 855 723 899 primi
739 853 838 898 quod
856 853 985 888 adicis.

203 935 243 956 10
302 914 533 948 RICARDUS.
561 913 621 946 Ne
651 918 687 946 te
718 911 819 946 fallat
853 911 947 946 falsa
981 911 1152 956 suspicio,
1187 912 1334 947 noveris
1369 911 1468 957 quod
1497 911 1585 946 illud
1600 916 1663 943 God
1676 916 1727 943 has
1740 916 1800 943 also

255 971 386 1014 adieci,
414 971 500 1015 quia
526 969 674 1004 racione
700 969 997 1004 conservacionis
1032 981 1155 1004 rerum
1188 982 1211 1004 a
1242 971 1338 1013 Deo,
1367 981 1478 1015 quam
1503 981 1585 1014 pro-
1598 951 1783 1016 ῗοῗὲξξῗέἶζῗ

212 1028 342 1068 Dvide
369 1027 640 1072 descripsisti,*
671 1027 793 1072 posito
820 1038 886 1071 per
920 1027 1136 1072 inpossibile
1162 1028 1261 1072 quod
1290 1029 1394 1062 Deus
1430 1039 1488 1063 res
1523 1039 1586 1062 ne·
1598 1018 1850 1078 gttffiofprese—r-

258 1097 444 1132 quaquam
478 1092 639 1120 creasset
682 1086 729 1120 de
769 1085 919 1127 nichilo,
954 1097 1082 1120 eorum
1116 1086 1379 1131 quoquomodo
1414 1085 1586 1120 dominus

256 1145 439 1180 diceretur
456 1157 465 1186 3
508 1144 684 1189 quoniam
727 1155 771 1178 eo
812 1143 926 1177 modo
967 1155 1025 1178 res
1066 1144 1212 1178 abintra
1254 1156 1474 1179 conservare
1509 1144 1587 1178 sive

39 1212 195 1244 extiterat
213 1219 244 1242 B.
257 1214 470 1247 preservare
504 1213 551 1237 ne
585 1202 720 1236 cadent
752 1201 789 1235 in
824 1201 948 1244 nichil,
982 1208 1021 1236 ut
1059 1208 1146 1237 ante
1186 1203 1417 1237 creacionem
1459 1202 1587 1237 extite-

258 1267 352 1304 rant,
398 1260 483 1294 licet
527 1260 579 1305 (ut
624 1260 719 1294 infra
766 1259 957 1304 clarescet)
1003 1259 1075 1294 Dei
1124 1261 1314 1305 possessio
1356 1266 1589 1304 nuncupatur

259 1319 536 1363 composicione
569 1317 700 1363 prioris
731 1317 897 1357 dominii,
929 1317 1190 1353 nichilominus
1224 1324 1349 1353 tamen
1383 1317 1590 1352 dominium

259 1377 343 1411 Deo
366 1388 430 1410 seu
456 1376 601 1410 titulum
627 1375 856 1419 dominandi,
876 1375 971 1410 sicut
996 1387 1059 1410 eas
1087 1387 1221 1420 creare,
1239 1376 1415 1419 attribuit,
1435 1383 1490 1411 set
1514 1387 1590 1410 non

259 1434 420 1479 primum
448 1434 664 1476 dominium,
695 1434 796 1479 quod
826 1434 974 1468 racione
1003 1434 1205 1469 creacionis
1234 1434 1377 1479 accepit
1392 1446 1400 1469 τ
1441 1434 1486 1469 de
1517 1445 1590 1479 quo

210 1503 249 1525 20
262 1492 444 1536 scribitur,
472 1493 583 1527 Deut.
608 1491 728 1526 xxxiii.
755 1492 809 1535 18,
830 1492 954 1526 Deum
976 1493 1098 1536 quite
1120 1493 1257 1537 genuit
1285 1493 1527 1536 dereliquisti,
1557 1495 1594 1526 et

260 1551 395 1584 oblitus
407 1562 443 1584 es
454 1551 616 1584 Domini
629 1551 806 1584 creatoris
823 1551 910 1591 tui;
933 1549 996 1584 ubi
1012 1550 1218 1584 dominium
1230 1550 1378 1585 racione
1389 1550 1592 1585 creacionis

260 1608 467 1643 ascribitur.
517 1608 681 1643 Racione
707 1608 858 1652 insuper
881 1607 1178 1652 gubernacionis,
1205 1620 1317 1653 quam
1344 1608 1511 1653 superius
1535 1620 1591 1643 ra-

262 1665 490 1700 cionabiliter
501 1665 725 1710 expressisti,
741 1666 859 1700 eciam
878 1666 908 1700 si
929 1666 1032 1700 Deus
1050 1677 1108 1701 res
1126 1678 1193 1701 nec
1212 1673 1372 1701 creasset
1392 1666 1438 1701 de
1456 1666 1593 1701 nichilo
1605 1671 1662 1697 and
1675 1671 1708 1697 of

262 1735 329 1758 nec
342 1720 493 1758 interius
508 1730 758 1768 preservasset
772 1736 794 1758 a
807 1723 953 1766 nichilo,
974 1725 1076 1758 Deus
1094 1735 1217 1759 rerum
1229 1724 1402 1759 dominus
1415 1725 1591 1770 quodam·
1604 1713 1811 1765 ξῗῖἓὲῃᾷῐζῗῗὼ

211 1791 248 1822 25
263 1782 376 1816 modo
394 1781 467 1816 dici
487 1788 624 1826 posset.
676 1783 733 1816 Ita
758 1781 858 1816 enim
884 1787 1027 1816 creator
1052 1793 1175 1816 rerum
1201 1782 1367 1817 omnium
1393 1783 1592 1827 providen-

266 1839 365 1873 ciam
383 1839 460 1873 sive
477 1839 792 1883 gubernacionem
818 1839 916 1874 circa
941 1851 1027 1874 suas
1054 1846 1251 1883 creaturas,
1270 1847 1305 1875 et
1324 1841 1532 1885 specialiter
1548 1852 1592 1875 ac

263 1897 436 1941 precipue
453 1896 551 1931 circa
568 1897 771 1931 humanam
789 1903 959 1931 naturam
979 1903 1132 1940 exercet,
1151 1898 1251 1942 quod
1268 1899 1409 1932 nullum
1427 1905 1593 1933 creatum

46 1959 229 1998 ingenuum
264 1954 453 1998 ingenium
472 1954 548 1989 sive
566 1954 723 1989 creabile
742 1955 791 1989 ad
808 1956 961 1989 modum
981 1955 1036 1989 sui
1054 1955 1244 2000 regiminis
1259 1956 1454 1991 exercendi
1467 1962 1592 2001 posset

47 2009 78 2032 B·
263 2012 441 2055 sufficere,
459 2023 527 2046 nec
544 2011 593 2046 ad
611 2012 764 2046 modum
782 2012 904 2057 ipsum
930 2013 1109 2047 noscendi
1135 2025 1158 2047 a
1183 2025 1222 2048 se
1248 2020 1375 2058 posset
1399 2014 1594 2058 attingere.

211 2080 252 2111 30
266 2071 336 2104 Pro
346 2080 418 2114 quo
426 2070 619 2114 probando
626 2070 735 2105 nobis
745 2070 877 2104 sufficit
886 2071 1044 2115 apostoli
1052 2072 1364 2107 exclamacionem
1378 2073 1591 2108 attendere:

268 2128 299 2162 0
316 2127 479 2161 altitudo
497 2128 725 2162 diviciarum
742 2129 928 2173 sapiencie
944 2133 979 2162 et
993 2130 1144 2163 sciencie
1159 2130 1243 2173 Dei,
1257 2142 1371 2174 quam
1389 2132 1591 2176 incompre-

264 2185 462 2219 hensibilia
479 2190 569 2220 sunt
584 2186 726 2220 iudicia
743 2188 824 2220 eius
840 2190 876 2220 et
891 2187 1169 2232 investigabiles
1182 2189 1244 2222 vie
1259 2189 1348 2222 eius.
1387 2189 1480 2234 Quis
1494 2190 1593 2223 enim

265 2244 439 2287 cognovit
453 2255 601 2278 sensum
619 2245 788 2287 Domini,
807 2248 877 2278 aut
887 2246 971 2289 quis
981 2245 1223 2280 consiliarius
1232 2247 1312 2280 eius
1318 2246 1415 2291 ficit,
1430 2251 1500 2281 aut
1509 2249 1595 2292 quis

260 2298 375 2342 prior
390 2298 492 2332 dedit
508 2298 572 2332 illi
586 2303 622 2332 et
637 2300 868 2333 retribuetur
882 2301 918 2333 ei
929 2301 948 2334 ?
972 2302 1150 2344 quoniam
1173 2312 1220 2334 ex
1238 2302 1318 2346 ipso
1335 2305 1371 2335 et
1381 2304 1454 2346 per
1469 2304 1593 2347 ipsum

213 2360 252 2390 35
266 2358 302 2389 et
317 2356 358 2388 in
376 2356 455 2399 ipso
472 2360 561 2389 sunt
576 2357 703 2390 omnia
723 2356 785 2401 (ad
803 2358 994 2391 Romanos
1013 2357 1058 2392 xi.
1077 2358 1222 2403 33—36).
1260 2360 1302 2393 In
1320 2359 1452 2404 quibus
1471 2360 1594 2394 verbis

269 2409 381 2443 michi
401 2410 545 2444 videtur
563 2410 754 2446 intendere
771 2418 844 2446 tres
868 2412 1035 2447 raciones
1051 2424 1121 2458 que
1145 2425 1166 2447 a
1189 2420 1224 2448 te
1246 2414 1413 2458 superius
1433 2421 1516 2449 sunt
1535 2427 1594 2449 ex-

269 2478 407 2512 pressa,
426 2467 477 2502 ita
495 2475 533 2502 ut
552 2480 599 2501 ex
614 2470 692 2512 ipso
710 2470 757 2503 ad
781 2469 1022 2513 creacionem,
1033 2472 1108 2514 per
1130 2472 1254 2516 ipsum
1280 2472 1329 2506 ad
1354 2473 1594 2516 gubernacio-

270 2536 366 2567 nem,
385 2530 420 2559 et
438 2526 478 2559 in
496 2527 575 2570 ipso
592 2527 640 2560 ad
658 2526 957 2561 conservacionis
976 2528 1053 2562 sive
1072 2529 1357 2564 sustentacionis
1375 2531 1595 2565 beneficium

270 2582 474 2616 referantur
490 2594 497 2617 :
526 2583 576 2618 ita
595 2590 633 2618 ut
651 2584 699 2618 ad
718 2584 922 2619 dominium
941 2591 976 2619 et
995 2586 1043 2619 ad
1061 2597 1211 2621 sensum
1230 2587 1371 2622 domini
1390 2600 1463 2622 non
1476 2590 1595 2623 solum

216 2650 258 2682 40
270 2639 451 2684 pertineat
470 2641 568 2685 quod
586 2653 630 2675 ex
648 2641 729 2686 ipso
747 2648 802 2676 set
822 2643 921 2687 quod
939 2655 1003 2687 per
1019 2643 1140 2688 ipsum
1158 2651 1194 2679 et
1211 2644 1247 2678 in
1267 2644 1348 2689 ipso
1364 2652 1447 2680 sunt
1461 2647 1596 2681 omnia.

274 2696 342 2731 Cui
372 2697 471 2732 dicto
501 2699 659 2742 apostoli
691 2700 918 2734 sentenciam
953 2701 1111 2735 similem
1144 2708 1180 2737 et
1215 2701 1268 2747 (ut
1302 2703 1422 2738 verius
1458 2704 1594 2748 dicam)

272 2754 432 2789 eandem
450 2766 515 2799 per
533 2767 574 2790 os
594 2757 715 2801 Moysi
741 2757 898 2802 Spiritus
917 2765 1067 2794 sanctus
1088 2761 1277 2804 expressit,
1298 2762 1407 2795 Deut.
1425 2762 1543 2795 xxxiii.
1562 2763 1595 2805 6,

12 2841 14 2844 .
58 2808 218 2848 Mmqm'l
231 2816 259 2838 Β·
276 2812 336 2846 ubi
356 2813 468 2857 prius,
485 2814 688 2858 Numquid
701 2827 772 2849 non
792 2817 868 2860 ipse
885 2820 939 2850 est
948 2819 1063 2860 pater
1077 2822 1165 2851 tuus
1182 2819 1420 2863 quiposscdit
1439 2824 1481 2863 te,
1489 2820 1595 2863 fecit,
