2008 3305
196 192 281 221 CAP.
297 178 354 237 v.]
679 191 821 222 LrssER
854 191 1051 223 PRIMUS.
1746 188 1800 232 35

95 308 178 349 110]
193 304 336 343 Melior
364 306 467 342 enim
499 312 598 343 esset
628 318 718 343 curn
746 305 843 344 foret
872 305 1052 343 continue
1081 317 1175 354 pure
1204 304 1314 350 letus,
1345 316 1462 354 quam
1492 304 1523 340 si

191 381 354 425 protunc
374 388 421 413 ex
442 376 569 424 aliqua
582 388 697 413 causa
718 376 877 425 fingibili
892 376 988 413 foret
1008 375 1131 412 tristis.
1187 374 1411 412 Existencia
1431 386 1523 423 ergo

192 452 360 483 creature
389 457 469 482 non
500 444 590 482 facit
623 445 673 482 ad
701 445 774 482 Dei
808 445 1109 483 delectacionem
1138 444 1379 493 augendam;
1420 456 1521 490 cum,

190 515 314 564 posita
342 520 513 552 creature
543 515 862 560 non-existencia‚
892 521 1042 552 tantum
1070 514 1236 551 volendo
1270 514 1524 563 negacionem

160 598 178 629 5
192 584 422 634 oppositam,
443 584 656 622 eternaliter
675 584 937 621 delectaretur.

244 654 306 691 Ex
333 654 412 691 istis
438 660 542 703 patet
568 654 674 703 quod
699 654 891 703 possessio
919 654 1045 691 divina
1071 665 1151 691 non
1177 660 1235 691 est
1262 654 1343 691 eius
1370 660 1518 691 susten·
1533 659 1619 686 God's
1631 660 1789 692 possession

1531 693 1554 719 is
1567 698 1615 719 not
1628 693 1671 719 his
1684 694 1773 719 main-

190 725 290 762 tacio
328 724 534 761 intrinseca
573 731 756 770 creature,
786 724 854 761 sed
892 725 1016 773 ipsam
1051 723 1263 772 precedens
1305 724 1516 770 causaliter,
1531 728 1696 786 {ssssffifssoss
1698 728 1802 786 {inimo

145 795 285 834 Dsicut
323 794 558 843 gubernacio
597 794 671 831 Dei
708 806 833 832 usum.
890 792 1115 831 Posses*sio
1134 794 1262 843 itaque
1283 794 1517 843 quandoque
1531 793 1781 854 Ξξιέῐξῖὴὶξῑξῡῶῗῦ·

191 864 349 902 sumitur
369 865 488 901 active
511 877 581 913 pro
605 864 827 902 habitudine
848 864 1090 913 possidentis,
1112 864 1346 914 quandoque
1370 865 1518 913 passive
1531 869 1589 886 use.

140 945 179 966 10
190 946 260 983 pro
281 934 345 972 illo
366 946 442 983 quo
463 942 633 972 creatura
652 933 857 972 formaliter
876 934 1105 983 possidetur,
1126 941 1162 971 et
1183 935 1418 983 quandoque
1441 947 1523 971 ma-

189 1005 367 1042 terialiter
391 1017 461 1054 pro
489 1016 671 1054 possesso
693 1018 701 1041 :
732 1010 769 1041 et
788 1004 862 1041 ista
881 1005 996 1042 tercia
1017 1004 1254 1053 significacio
1274 1010 1330 1041 est
1354 1004 1501 1042 famosa
1514 1016 1523 1049 ;

189 1075 292 1112 unde
330 1075 482 1112 Baruch
520 1075 567 1111 iii.
610 1087 671 1121 24,
709 1081 917 1124 postquam
955 1075 1104 1112 dixerat
1142 1074 1247 1123 quod
1285 1074 1424 1112 domus
1463 1075 1525 1112 cui

190 1144 406 1182 dominatur
435 1151 491 1181 est
519 1156 673 1194 magna,
695 1145 821 1182 subdit
851 1145 954 1194 quod
985 1145 1164 1194 sequitur,
1186 1144 1243 1181 Et
1266 1146 1396 1194 ingens
1425 1146 1524 1182 locus

181 1216 420 1264 possessionis
439 1216 525 1252 eius.
583 1215 789 1252 Possidere
819 1227 987 1263 namque
1010 1222 1067 1252 est
1094 1215 1236 1253 habere
1262 1227 1375 1252 suum
1398 1215 1521 1253 domi·
1535 1220 1697 1247 Possession
1710 1220 1733 1246 is
1747 1221 1795 1247 the

139 1298 177 1329 15
192 1292 347 1322 natum:
401 1291 439 1322 et
487 1286 540 1322 sic
587 1285 714 1322 omnis
766 1285 961 1334 possessio
1009 1286 1258 1335 consequitur
1305 1286 1519 1324 dominium
1532 1255 1688 1320 ἓῗιὲῗιῖεῗὲῗ
1690 1264 1763 1314 Ι11(ῗῖἶά-

189 1360 389 1404 tamquam
425 1355 612 1404 posterius
650 1361 823 1404 tempore
861 1355 919 1392 vel
967 1362 1110 1393 natura.
1179 1356 1296 1393 Unde
1334 1357 1521 1405 possidere
1531 1322 1603 1354 stup,

190 1425 323 1462 dicitur
342 1425 448 1474 quasi
468 1430 557 1474 post
572 1426 701 1472 sedere,
724 1425 880 1475 quando
906 1426 991 1475 quis
1017 1432 1104 1475 post
1127 1433 1283 1463 nactum
1308 1427 1522 1464 dominium

190 1495 307 1533 habet
348 1496 474 1544 quiete
519 1496 589 1532 sibi
636 1496 877 1533 subserviens
919 1496 968 1533 ad
1010 1496 1207 1534 utendum.
1275 1497 1327 1534 Et
1370 1498 1423 1535 sic
1461 1503 1518 1534 est
1531 1502 1804 1562 {tgraeggfftffiffiffl

189 1566 383 1615 possessio
421 1566 590 1603 medium
624 1567 721 1604 inter
753 1579 866 1603 usum
900 1573 937 1604 et
971 1567 1199 1613 dominium,
1234 1581 1282 1606 ex
1321 1568 1395 1605 Dei
1433 1581 1520 1617 sup·
1533 1579 1592 1601 use,

139 1655 179 1676 20
190 1637 386 1685 portancia
415 1644 579 1682 causata,
611 1649 688 1686 qua
715 1636 879 1674 illabitur
907 1637 1163 1675 essencialiter
1192 1638 1356 1675 induens
1385 1650 1523 1688 quam-

189 1706 280 1744 libet
308 1713 531 1744 creaturam.
589 1706 673 1744 Nec
703 1713 759 1744 est
787 1707 999 1756 putandum
1029 1708 1136 1757 quod
1164 1708 1203 1744 in
1241 1708 1329 1746 Deo
1367 1708 1523 1758 aliquod
1535 1701 1802 1768 ῗξᾰξῗξὲξζξῇε.

189 1777 348 1815 istorum
381 1784 513 1826 posset
544 1790 612 1826 per
643 1784 796 1826 tempus
829 1777 887 1815 vel
921 1777 1070 1815 instans
1103 1779 1290 1827 temporis
1323 1791 1345 1816 a
1378 1779 1525 1828 reliquo

190 1847 381 1897 separari3
426 1847 494 1884 sed
527 1854 734 1896 utrumque
763 1848 1021 1896 posteriorum
1051 1848 1100 1885 ad
1129 1849 1234 1897 prius
1265 1849 1524 1898 consequitur,

190 1918 286 1955 sicut
313 1918 441 1967 passio
470 1918 519 1955 ad
548 1918 771 1955 subiectum.
828 1917 911 1955 Nec
940 1924 1027 1955 sunt
1059 1918 1130 1955 ista
1159 1931 1181 1955 a
1210 1919 1367 1968 politico
1394 1932 1527 1968 respu-

139 2006 175 2036 25
190 1988 299 2034 enda,
320 1989 409 2038 quia
437 1988 593 2026 indubie
624 1995 710 2025 sunt
735 1988 921 2037 principia
950 1994 1029 2025 tam
1060 1989 1210 2026 essendi
1240 2002 1356 2038 quam
1377 2002 1526 2038 cogno-

191 2059 323 2097 scendi
343 2059 568 2106 dominium,
591 2059 890 2107 possessionem,
912 2065 948 2095 et
972 2071 1098 2105 usum,
1119 2060 1394 2097 conveniencia
1420 2072 1524 2097 crea-

189 2129 304 2167 turis:
334 2142 406 2167 nec
427 2129 711 2178 distinguuntur
730 2129 768 2165 in
786 2128 873 2166 Deo
888 2141 1006 2177 penes
1023 2129 1239 2166 subiectum
1255 2130 1314 2167 vel
1330 2130 1525 2167 obiectum

191 2211 279 2237 cum
309 2200 354 2236 sit
381 2199 481 2236 idem
508 2199 659 2248 penitus
686 2199 727 2235 in
753 2198 825 2235 hiis
852 2199 972 2235 tribus
987 2211 996 2244 3
1025 2199 1093 2236 sed
1112 2212 1231 2248 penes
1251 2206 1359 2237 actus
1380 2200 1464 2246 Dei,
1485 2207 1526 2237 ut

192 2269 419 2314 creandam,
429 2269 755 2314 conservanciam,
764 2275 799 2305 et
811 2269 1124 2317 gubernanciarn,
1132 2283 1179 2307 ex
1190 2271 1328 2319 quibus
1337 2277 1377 2307 ut
1388 2270 1525 2308 funda-

139 2352 179 2382 30
191 2340 327 2377 mentis
342 2352 411 2389 per
425 2340 599 2377 ordinem
621 2346 709 2376 sunt
729 2345 896 2376 causata.
936 2339 996 2376 Ex
1014 2341 1152 2388 quibus
1172 2347 1277 2389 patet
1298 2341 1524 2386 dominium,

191 2411 486 2459 possessionem,
503 2415 539 2446 et
554 2421 667 2446 usum
684 2409 798 2445 divini
813 2408 974 2446 dominii
994 2421 1075 2445 non
1095 2410 1274 2458 distingui
1290 2423 1297 2454 ;
1322 2423 1413 2447 nam
1429 2411 1525 2448 sicut

191 2480 405 2517 dominium
422 2479 580 2517 dominii
601 2486 657 2516 est
677 2479 902 2524 dominium,
915 2479 968 2516 sic
990 2486 1027 2516 et
1044 2480 1237 2528 possessio
1256 2481 1523 2529 possessionis,

191 2556 229 2587 et
257 2562 348 2587 usus
377 2562 480 2587 usus,
538 2549 622 2587 Nec
649 2550 815 2586 inveniet
841 2550 1112 2587 contenciosus
1138 2550 1288 2598 logicus
1311 2549 1328 2569 *
1352 2550 1458 2599 quod
1485 2550 1524 2587 in

193 2620 320 2669 aliquo
341 2620 500 2657 istorum
521 2619 567 2657 sit
586 2619 782 2668 reciproce
801 2619 859 2656 vel
881 2619 1020 2657 directe
1041 2619 1252 2668 procedere
1272 2621 1352 2658 sine
1373 2620 1461 2658 fine.

228 2724 267 2740 10.
282 2714 466 2746 possidetur:
486 2713 567 2739 codd.
577 2712 714 2745 possidet,
729 2713 777 2738 sed
791 2712 818 2738 in
833 2713 856 2738 B
870 2711 897 2738 in
906 2713 1075 2745 possidetur
1086 2718 1250 2739 correctum.
1388 2722 1426 2739 12.
1450 2714 1526 2739 unde

193 2748 266 2773 AC:
287 2751 321 2772 ut
335 2747 366 2773 B.
472 2749 511 2774 18.
530 2748 624 2780 quiete
638 2747 675 2772 B:
695 2747 819 2779 quietem
832 2747 857 2771 A
868 2746 899 2772 C.
1005 2756 1046 2778 23.
1066 2747 1107 2771 ad
1118 2747 1143 2771 A
1154 2747 1176 2772 C
1189 2754 1194 2772 :
1214 2756 1234 2772 a
1248 2747 1278 2772 B.
1386 2757 1424 2779 31.
1447 2749 1455 2776 11
1470 2748 1524 2772 dis-

192 2782 296 2813 tinng·
311 2780 333 2805 B
346 2781 363 2806 f.
380 2790 426 2812 217
437 2789 461 2807 Β.

904 2844 969 2868 D2
