2008 3305
202 211 257 251 34
887 205 949 235 DE
982 202 1200 236 DOMrNIO
1232 202 1403 234 DrviNo
1647 188 1751 246 [CAP.
1770 202 1808 229 v.

481 321 669 358 naturalia
689 320 748 358 vel
769 320 947 357 sensitiva
968 325 1087 367 agunt
1106 317 1292 368 quidquid
1307 323 1439 366 agunt,
1456 322 1493 353 et
1513 315 1619 352 illum
1640 314 1811 352 ultimate
1827 317 1916 359 [1113

482 392 686 428 intendunt
707 389 770 441 (ex
793 390 965 428 secundo
985 390 1033 426 de
1053 387 1225 438 Anima).

203 478 225 500 3-
246 467 332 494 God's
345 467 452 500 delight
540 461 624 499 Nec
659 462 883 511 negandum
915 467 973 497 est
1006 460 1099 509 quin
1133 458 1240 496 Deus
1279 457 1493 495 eternaliter
1531 456 1739 494 delectatur
1777 461 1815 492 et

201 501 224 526 is
238 502 342 526 eternal
354 503 473 527 because

201 535 307 594 {ateis-an
322 535 473 561 immanem
486 533 605 581 diligit
635 532 845 582 quamlibet
875 537 1112 568 creaturam:
1143 529 1223 574 sed,
1245 541 1335 566 cum
1364 540 1474 565 amor
1501 528 1563 564 ille
1584 527 1641 564 vel
1672 526 1813 563 delect-

260 589 267 600 ⁷
485 604 596 640 ancia
627 604 672 640 sit
702 609 808 640 actus
838 602 1054 643 inmanens,
1076 612 1155 637 non
1185 606 1324 648 potens
1353 599 1523 647 incipere
1553 598 1610 635 vel
1640 597 1846 643 desinere5

481 686 577 719 esse,
601 674 698 710 sicut
725 679 782 709 est
812 672 859 709 de
884 671 1058 708 dominio
1088 670 1224 707 eteius
1254 681 1338 714 usu,
1369 668 1593 718 negandum
1624 675 1682 705 est
1711 667 1814 704 illam

482 744 786 781 delectacionem
807 754 893 779 esse
914 742 995 779 eius
1021 741 1251 785 dominium,
1276 740 1573 788 possessionem,
1595 739 1655 776 vel
1675 750 1788 775 usum
1807 749 1814 773 ε

201 823 366 856 hisdelight
384 824 410 850 in
425 825 472 850 the
484 815 721 852 accidentale
743 821 874 851 tamen
895 813 952 850 vel
983 812 1216 859 contingens
1237 817 1293 848 est
1313 810 1399 848 Deo
1420 810 1525 860 quod
1546 810 1753 847 delectetur
1777 809 1817 845 in

200 859 444 918 ἶῗζῗιῗιῗῗῑῖἓῗῖε
484 886 691 923 existencia
719 884 986 932 cuiuscunque
1016 888 1200 926 creature,
1225 894 1311 918 cum
1340 881 1462 918 taliter
1486 881 1665 918 delectari
1695 880 1815 929 ponit,

201 925 369 951 acmdemal'
481 956 578 993 ultra
598 956 796 993 racionem
817 955 1078 1003 exemplarem
1099 952 1276 989 absolute
1296 952 1554 989 necessariam
1573 958 1609 989 et
1630 957 1814 995 eternam,
1834 969 1872 990 10

481 1027 730 1064 existenciam
752 1026 999 1063 delectabilis.
1060 1025 1176 1062 Unde
1208 1023 1339 1060 similis
1364 1030 1421 1060 est
1441 1022 1641 1060 distinccio
1671 1021 1718 1058 de
1742 1020 1818 1058 Dei

481 1097 741 1134 delectacione
763 1097 859 1134 sicut
881 1096 1027 1133 dictum
1049 1102 1106 1132 est
1126 1096 1172 1133 de
1194 1095 1269 1132 Dei
1290 1094 1468 1138 sciencia,
1484 1092 1591 1142 quod
1612 1092 1740 1140 aliqua
1760 1098 1818 1128 est

482 1168 665 1216 simplicis
686 1167 1007 1216 apprehensionis
1021 1166 1078 1203 vel
1100 1165 1357 1214 intelligencie
1379 1164 1582 1201 terminata
1602 1163 1650 1199 ad
1665 1162 1818 1211 ydeam,

483 1246 520 1276 et
554 1239 680 1276 omnis
720 1237 804 1275 talis
842 1243 899 1274 est
937 1236 1113 1273 absolute
1144 1236 1384 1281 necessaria;
1434 1235 1561 1284 aliqua
1595 1241 1723 1271 autem
1762 1240 1819 1271 est

484 1308 696 1345 delectacio
728 1314 898 1344 creature
919 1307 957 1343 in
982 1306 1142 1355 proprio
1162 1318 1323 1355 genere:
1353 1306 1478 1354 prima
1502 1305 1711 1342 delectacio
1743 1304 1816 1342 Dei
1834 1318 1871 1349 15

483 1386 661 1428 respectu
682 1385 854 1415 creature
875 1384 932 1414 est
945 1377 1100 1426 ydealis,
1116 1383 1153 1414 et
1166 1376 1337 1413 secunda
1349 1376 1579 1424 contingens
1595 1375 1817 1419 effectualis,

483 1447 524 1486 ut
544 1456 648 1498 patet
671 1449 718 1485 de
741 1448 902 1486 obiectis
925 1448 973 1485 ad
990 1459 1064 1496 que
1084 1447 1344 1496 principaliter
1364 1447 1595 1484 terminatur.
1645 1446 1696 1483 Et
1716 1452 1821 1495 patet

485 1520 619 1557 divisio
642 1518 660 1538 *
683 1518 799 1556 divini
821 1518 994 1563 dominii,
1015 1524 1056 1555 ut
1083 1517 1217 1567 aliquis
1244 1517 1467 1554 terminatur
1493 1517 1542 1554 ad
1569 1516 1862 1555 essencialemo

485 1596 660 1627 creature
691 1589 949 1634 causanciam‚
981 1595 1019 1626 et
1048 1588 1184 1638 aliquis
1219 1588 1267 1625 ad
1301 1588 1382 1625 eius
1417 1588 1695 1625 accidentalem
1729 1600 1819 1625 cau-

485 1661 682 1705 sanciam;
713 1668 750 1697 et
775 1660 907 1697 talium
937 1666 1025 1696 sunt
1056 1666 1112 1697 tot
1139 1659 1344 1697 divisiones
1369 1665 1462 1709 quot
1485 1659 1691 1696 divisiones
1719 1659 1819 1696 acci·
1836 1672 1875 1694 20

486 1731 679 1768 dencium.
736 1730 844 1767 Patet
871 1731 994 1767 eciam
1015 1730 1121 1780 quod
1150 1730 1198 1767 de
1222 1730 1369 1767 mundo
1391 1729 1449 1766 vel
1475 1729 1522 1766 de
1550 1729 1715 1779 qualibet
1740 1729 1822 1766 eius

484 1807 733 1850 permanente
754 1801 940 1849 particula
960 1801 1077 1838 habet
1104 1800 1212 1838 Deus
1231 1813 1356 1846 usum,
1379 1801 1476 1838 sicut
1500 1800 1715 1838 dominium
1736 1812 1822 1837 suc-

484 1872 675 1909 cessivum
693 1884 702 1917 3
732 1883 780 1908 eo
795 1872 898 1920 quod
921 1871 958 1907 in
976 1878 1163 1919 quantum
1177 1871 1304 1920 aliqua
1318 1878 1492 1908 creatura
1505 1871 1594 1908 facit
1610 1871 1821 1908 successive

484 1948 526 1978 ut
547 1942 672 1986 debet,
691 1941 730 1977 in
751 1942 813 1978 illa
834 1942 1051 1979 successiva
1071 1942 1246 1979 faccione
1267 1941 1448 1978 fundatur
1467 1941 1711 1978 materialiter
1730 1953 1822 1978 usus

483 2011 558 2049 Dei
574 2025 581 2048 :
614 2012 719 2048 nulla
735 2012 946 2049 delectacio
963 2012 1021 2048 vel
1035 2024 1126 2049 usus
1143 2018 1397 2049 creaturarum
1414 2018 1469 2048 est
1485 2012 1679 2048 beatitudo
1696 2011 1823 2048 divina
1838 2021 1876 2052 25

483 2081 540 2118 vel
564 2093 652 2130 pars
675 2082 768 2127 eius,
790 2095 879 2118 cum
900 2082 1026 2131 previe
1048 2083 1086 2118 in
1108 2082 1369 2120 delectacione
1390 2094 1506 2131 quam
1523 2082 1637 2119 habet
1657 2083 1824 2119 essenci-

484 2153 590 2189 aliter
611 2152 658 2188 de
680 2164 719 2189 se
741 2154 835 2201 ipsa,
851 2165 923 2201 que
946 2153 1101 2190 indubie
1122 2160 1179 2190 est
1200 2153 1282 2202 ipsa
1298 2153 1425 2190 divina
1445 2153 1632 2198 essencia,
1650 2153 1824 2190 consistit

485 2223 613 2259 divina
642 2223 850 2268 beatitudo,
882 2229 918 2260 et
946 2236 1024 2261 non
1054 2223 1263 2261 formaliter
1293 2224 1332 2260 in
1361 2224 1517 2261 racione
1547 2223 1765 2272 exemplari,
1787 2231 1824 2261 et

485 2293 607 2329 multo
628 2293 755 2330 minus
776 2293 812 2328 in
839 2293 1100 2331 delectacione
1124 2306 1250 2331 rerum
1275 2294 1313 2331 in
1338 2295 1496 2343 proprio
1525 2306 1687 2343 genere:
1719 2294 1823 2331 nulla

486 2376 580 2412 ergo
612 2364 820 2400 delectacio
850 2371 906 2400 est
936 2364 988 2401 sic
1013 2365 1260 2402 accidentalis
1291 2365 1377 2402 Deo
1404 2365 1509 2414 quod
1536 2371 1660 2414 potest
1687 2365 1821 2402 adesse
1837 2376 1878 2406 30

487 2440 697 2483 postquam
719 2434 847 2479 abfuit,
869 2435 927 2471 vel
947 2442 1115 2473 econtra.
1175 2435 1252 2472 Sed
1274 2435 1303 2472 si
1324 2443 1468 2484 posset,
1491 2447 1579 2472 cum
1604 2447 1683 2473 non
1703 2436 1823 2484 possit

489 2505 582 2554 fingi
607 2504 747 2541 relacio
777 2505 954 2542 distincta
982 2518 1003 2542 a
1031 2505 1216 2551 dominio,
1238 2505 1333 2543 foret
1363 2506 1470 2543 accio
1498 2506 1546 2542 ab
1572 2506 1777 2543 intrinseco
1801 2518 1824 2543 a

485 2575 572 2612 Deo
593 2575 741 2621 elicita3
774 2582 810 2612 et
832 2588 900 2624 per
921 2588 1164 2624 consequens
1192 2576 1298 2612 Deus
1319 2582 1419 2613 esset
1442 2576 1605 2618 mobilis,
1627 2584 1668 2613 ut
1688 2583 1824 2613 natura

484 2646 747 2682 intellectualis
762 2654 897 2689 creatas
914 2658 987 2694 que
1003 2652 1128 2694 potest
1144 2646 1309 2683 vicissim
1330 2647 1369 2682 in
1386 2646 1661 2684 affeccionibus
1678 2647 1822 2684 variari.

517 2724 541 2747 8.
562 2731 618 2747 ess)
632 2731 685 2747 om.
703 2722 733 2747 Ρ»,
833 2732 872 2754 17.
893 2725 901 2751 ΙΙ
913 2723 1004 2748 -ῐι-σίίς
1018 2723 1040 2747 Β
1055 2723 1072 2748 f.
1090 2733 1136 2755 217
1149 2731 1172 2748 Α.
1267 2732 1305 2756 19.
1330 2725 1358 2749 et
1369 2724 1479 2755 aliquis
1491 2723 1533 2748 ad
1543 2724 1603 2749 eius
1617 2724 1823 2749 accidentalem

483 2757 673 2781 causanciam
690 2756 729 2781 ss:
754 2764 810 2782 om.
825 2757 849 2780 A
860 2756 891 2781 C.
998 2766 1038 2782 21.
1058 2757 1105 2781 vel
1117 2757 1140 2781 A
1152 2757 1191 2782 C:
1217 2759 1246 2782 et
1260 2757 1291 2783 Β.
1396 2766 1436 2789 27.
1455 2758 1518 2789 zpsa
1531 2757 1605 2783 AC:
1627 2757 1685 2789 ipso
1700 2757 1731 2784 B.

858 2815 885 2837 2.
912 2807 1010 2837 Arist.
1029 2807 1068 2838 de
1085 2807 1218 2846 Anima,
1236 2807 1268 2838 ii.
1287 2817 1307 2847 4
1323 2818 1353 2848 p.
1372 2815 1444 2847 415.
