2008 3305
158 173 211 213 86
837 183 903 214 DE
936 182 1159 215 DOMINro
1189 181 1370 214 D1ero
1583 171 1685 230 [CAP.
1709 184 1764 212 xi.

438 298 595 344 fabrica,
631 299 663 335 si
701 310 781 335 non
817 304 919 336 totus
957 298 1038 336 eius
1076 298 1242 336 ambitus
1273 304 1372 336 esset
1406 297 1683 347 cognoscibilis
1717 297 1766 333 ab
1782 293 1884 335 [28D

438 369 591 414 eadem,
606 369 696 418 quia
709 369 859 418 plenius
879 374 970 406 tunc
995 369 1189 415 laudaret;
1211 381 1282 406 nec
1303 369 1379 405 vim
1401 368 1635 417 cognitivam
1655 367 1772 405 aliam

439 445 634 488 oporteret
653 440 878 489 producere,
899 452 987 477 cum
1007 440 1221 478 intellectus
1248 438 1508 476 immaterialis
1537 450 1606 487 per
1625 438 1771 475 nullam

438 510 703 548 differenciam
731 510 779 548 ad
804 511 1066 559 cognoscibile
1088 509 1243 559 aliquod
1271 510 1316 546 sit
1346 515 1574 556 contractus,
1597 521 1644 546 eo
1668 508 1773 557 quod

439 582 586 619 bonum
621 582 823 630 cognoscit
857 588 894 618 et
926 582 1070 630 appetit
1104 582 1175 618 sub
1218 581 1374 618 racione
1409 592 1560 617 summe
1596 579 1805 628 analoga.5

439 652 491 689 Et
502 659 653 690 constat
673 653 778 702 quod
800 653 963 690 confusa
983 652 1127 689 noticia
1143 657 1199 689 est
1212 652 1321 700 quasi
1342 651 1544 689 materialis
1565 650 1774 700 disposicio

441 723 489 760 ad
515 723 744 761 distinctam.
802 723 917 760 Unde
941 723 1153 761 secundum
1181 730 1300 760 artem
1328 722 1525 760 divisionis
1552 722 1776 759 devenimus

442 806 510 842 per
544 793 745 831 confusam
776 794 961 831 noticiam
987 794 1035 831 ad
1062 794 1292 840 distinctam,
1315 794 1439 830 eciam
1463 793 1510 830 de
1540 804 1776 841 quocunque

444 865 620 902 noscibili
636 877 645 911 ;
667 871 706 902 ut
726 870 831 914 patet
850 877 917 913 per
933 865 1158 905 divisionem
1179 864 1277 901 entis
1296 864 1335 900 in
1357 876 1445 901 suas
1465 864 1623 913 species.
1680 863 1776 900 Ideo

443 935 641 984 signanter
661 935 754 978 dicit
783 935 1051 985 philosophus,
1073 935 1193 973 tercio
1224 935 1272 973 de
1299 935 1441 976 Anima
1470 934 1531 981 ix„
1564 933 1670 984 quod
1693 934 1775 983 ipsa
1794 947 1833 969 10

442 1013 498 1043 est
519 1006 811 1055 quodammodo
835 1007 978 1044 onmia.

161 1082 184 1107 b·
206 1079 292 1110 albeit
306 1080 326 1106 it
340 1089 392 1107 can
501 1077 680 1115 Secunda
701 1089 790 1126 pars
811 1084 914 1127 patet
934 1089 981 1114 ex
1012 1076 1086 1114 hoc
1111 1076 1217 1126 quod
1245 1076 1375 1114 anima
1395 1075 1511 1113 nichil
1531 1081 1658 1125 potest
1684 1088 1776 1125 cog-

161 1115 244 1140 know
255 1115 373 1147 nothing
386 1123 433 1139 ex-

161 1148 432 1214 ἓξῗὲῑὲξζῐῐὲξξξῑῑ·
445 1161 604 1187 noscere
633 1149 705 1189 nisi
725 1149 775 1186 ad
809 1148 882 1187 hoc
910 1161 932 1186 a
956 1148 1042 1186 Deo
1068 1148 1282 1197 specialiter
1308 1153 1517 1194 moveatur,
1537 1153 1579 1184 ut
1600 1146 1661 1185 hic
1687 1158 1779 1196 sup-

163 1215 366 1248 ¹¹³m¹³¹¹³g¹¹t²
444 1220 627 1269 ponitur;
657 1226 694 1258 et
714 1232 802 1257 cum
833 1220 915 1268 ipse
942 1231 1022 1256 non
1046 1225 1172 1268 potest
1199 1219 1270 1255 nisi
1295 1218 1630 1268 supernaturaliter
1650 1230 1776 1267 agere,

445 1290 942 1340 sequiturconcludendum.
960 1289 1079 1336 Quod
1095 1290 1124 1326 si
1138 1289 1276 1329 alicubi
1293 1290 1338 1327 sit
1349 1289 1480 1328 lumen
1496 1289 1664 1329 infusum
1673 1288 1779 1338 quod
1797 1299 1834 1331 15

446 1362 492 1401 sit
507 1361 714 1399 illustracio
736 1369 916 1407 creature,
938 1367 1091 1399 constat
1111 1360 1216 1410 quod
1236 1373 1316 1399 non
1336 1367 1394 1398 est
1414 1360 1587 1409 spiritum
1608 1366 1780 1397 creatum

445 1432 658 1482 expergisci
686 1444 708 1469 a
737 1432 823 1470 Deo
854 1432 903 1470 ad
932 1431 1076 1481 aliquid
1107 1431 1429 1480 cognoscendum
1458 1431 1530 1468 nisi
1562 1431 1609 1468 de
1636 1436 1782 1480 quanto

448 1503 687 1540 illustraverit
707 1509 1020 1552 cognoscentem.
1070 1502 1283 1541 Illustracio
1299 1501 1455 1551 quidem
1470 1501 1529 1542 vel
1544 1501 1782 1538 illuminacio

449 1586 530 1611 non
560 1581 617 1611 est
646 1574 879 1620 substancia,
910 1573 977 1613 sed
1010 1585 1077 1623 per
1111 1573 1241 1612 lumen
1272 1573 1484 1615 increatum
1517 1571 1783 1613 manifestacio

449 1646 553 1697 prius
582 1645 808 1686 absconditi.
866 1645 917 1682 Et
943 1645 981 1682 in
1011 1645 1074 1681 illa
1099 1651 1186 1685 sunt
1209 1650 1266 1681 tot
1296 1644 1439 1693 gradus
1468 1655 1667 1693 generum,
1689 1648 1781 1693 quot
1798 1659 1838 1682 20

452 1724 540 1754 sunt
561 1716 665 1754 modi
696 1716 894 1766 generales
924 1716 982 1753 vel
1012 1715 1194 1753 individui
1225 1715 1364 1764 quibus
1396 1713 1414 1734 *
1447 1715 1601 1764 spiritus
1634 1721 1782 1755 creatus
1795 1724 1881 1755 29A.

450 1794 579 1837 potest
600 1788 742 1836 aliquid
762 1787 923 1824 evidere.
981 1786 1049 1823 Ille
1079 1798 1172 1835 ergo
1201 1786 1264 1835 qui
1294 1787 1399 1824 solem
1428 1798 1535 1825 suum
1547 1787 1661 1835 facil
1686 1786 1788 1822 oriri

451 1865 559 1907 super
593 1860 705 1898 iustos
735 1863 768 1898 et
794 1859 947 1897 iniustos
976 1864 1158 1905 utrosque
1188 1856 1351 1901 irradiat,
1387 1856 1454 1893 sed
1485 1856 1705 1893 differenter
1734 1855 1782 1893 ad

453 1930 548 1966 fines
586 1930 710 1967 varios
759 1928 972 1966 secundum
1010 1928 1250 1977 exigenciam
1297 1927 1561 1976 pulcritudinis
1608 1927 1784 1965 universi.

453 2000 639 2046 Quamvis
669 2000 796 2048 itaque
825 2012 942 2038 nemo
972 2006 1099 2049 potest
1118 1999 1240 2036 vivere
1263 1999 1342 2036 sine
1372 1998 1446 2036 fide
1466 1997 1592 2036 infusa
1620 2004 1709 2039 actu
1727 1998 1782 2035 vel
1801 2014 1839 2046 25

453 2071 596 2116 habitu,
619 2071 858 2109 Christianus
878 2077 1008 2108 tamen
1036 2069 1232 2112 credendo
1253 2068 1432 2107 articulos
1453 2069 1541 2107 fidei
1562 2068 1609 2105 de
1631 2068 1786 2107 Christo

454 2143 588 2181 dicitur
622 2142 907 2179 antonomatice
948 2141 1087 2180 habere
1125 2140 1257 2177 lumen
1296 2139 1395 2185 fidei,
1429 2145 1470 2177 ut
1508 2139 1698 2177 meritorie
1741 2140 1788 2179 sit

455 2213 588 2254 fidelis.
643 2211 694 2250 Et
722 2220 878 2262 propter
914 2212 1028 2249 talem
1058 2211 1332 2253 excellenciam
1361 2211 1494 2252 dicunt
1523 2211 1644 2248 nostri
1673 2211 1786 2251 nimis

454 2283 667 2333 improvide
693 2283 797 2333 quod
828 2283 948 2321 homo
977 2289 1104 2332 potest
1134 2283 1349 2320 consentire
1378 2282 1504 2332 primo
1533 2281 1721 2331 principio
1749 2287 1787 2318 et

459 2355 538 2392 aliis
559 2355 872 2393 conclusionibus
898 2355 978 2391 sine
1004 2354 1147 2392 lumine
1175 2353 1263 2393 fidei
1290 2352 1627 2401 supernaturaliter
1647 2353 1785 2389 infuso.
1801 2368 1844 2399 30

460 2425 535 2462 Sed
549 2425 820 2463 contradicunt
841 2425 1037 2474 apostolus
1054 2431 1091 2461 et
1111 2424 1328 2461 invincibile
1344 2429 1626 2472 argumentum,
1684 2423 1787 2461 Nam

456 2495 672 2533 secundum
704 2495 933 2545 apostolum,
966 2508 983 2532 2
1017 2494 1107 2532 Cor.
1142 2494 1188 2535 iii.
1222 2505 1257 2542 5,
1289 2494 1377 2532 Non
1411 2508 1537 2531 sumus
1574 2495 1789 2544 sufficientes

458 2569 618 2616 cogz'lare
638 2568 787 2616 aliquid
802 2580 825 2604 a
856 2567 967 2612 nobis,
986 2568 1097 2615 quasi
1123 2579 1173 2604 ex
1200 2566 1311 2612 nobis,
1332 2567 1396 2603 sed
1420 2567 1537 2603 omnis
1566 2565 1788 2615 szffcz'encz'a

525 2672 547 2688 2.
568 2663 627 2688 vim
642 2661 715 2688 AC:
737 2671 796 2687 nna
809 2662 839 2687 B.
960 2663 984 2687 8.
1005 2664 1013 2691 ΙΙ
1028 2662 1118 2688 eciam
1133 2661 1154 2687 B
1169 2661 1184 2687 f.
1200 2670 1247 2692 225
1262 2669 1286 2687 Α.
1414 2670 1453 2693 32,
1476 2670 1489 2686 2
1504 2661 1586 2686 Con:
1608 2661 1671 2686 Cor.
1690 2660 1724 2690 B.

768 2739 815 2760 10.
843 2729 943 2760 Arist.
963 2730 1002 2760 de
1021 2730 1154 2767 Anima,
1172 2729 1217 2764 iii.
1238 2730 1255 2759 8
1274 2739 1303 2770 p.
1323 2737 1382 2771 431
1404 2728 1430 2762 b.

771 2791 818 2817 22.
847 2781 967 2815 Matth.
987 2792 1015 2812 v.
1033 2790 1083 2822 45.
