2008 3305
126 170 209 221 264
894 180 1162 214 APPENDIX.

409 282 491 319 liter
508 295 592 319 cum
614 283 755 320 eisdem
768 283 776 299 ’
804 283 917 329 (cited
933 296 1071 331 among
1090 285 1257 321 Holcot's
1275 286 1395 322 works
1413 297 1454 322 as
1473 286 1482 304 ‘
1498 287 1557 322 De
1575 286 1738 332 praesci-

409 341 510 377 entia
525 349 561 377 et
580 342 915 387 praedestinatione
928 342 975 387 ¹.')

457 402 491 434 A
508 412 588 435 new
606 400 747 435 section
772 400 902 444 begins
928 412 976 435 on
1002 400 1024 435 f.
1046 409 1123 444 117,
1151 401 1364 447 containing
1388 402 1452 438 the
1469 402 1569 437 work
1587 402 1629 437 of
1642 402 1740 437 Alan

410 458 457 493 de
488 458 621 493 Insulis
651 459 698 493 de
728 460 882 493 Planctu
916 460 1084 494 Naturae
1116 459 1262 504 (Migne
1292 470 1370 495 210.
1396 472 1456 505 pp.
1480 459 1685 504 431-482):
1713 458 1741 494 it

408 516 502 552 ends
520 528 567 551 on
585 516 608 550 f.
630 517 694 551 128
710 525 748 560 D,
769 516 951 562 ‘Explicit
968 517 1210 553 Enchiridion
1228 518 1337 553 Alani
1362 518 1504 553 minimi
1529 519 1668 564 capelle
1694 517 1741 552 de

408 574 674 620 conquestione
692 575 846 609 nature.’

454 633 624 667 Another
648 630 800 676 Section,
827 631 1030 677 beginning
1056 643 1103 668 on
1129 632 1151 668 f.
1173 643 1250 678 129,
1278 633 1445 668 contains
1470 645 1493 668 a
1516 632 1667 668 treatise
1692 643 1740 667 on

407 692 676 727 accentuation.
738 693 770 725 It
799 693 952 727 extends
986 698 1024 727 to
1057 692 1079 726 f.
1115 702 1179 735 142
1199 701 1226 726 D
1243 705 1250 727 :
1295 691 1475 737 ‘Explicit
1507 691 1740 727 accentarius

408 749 566 794 scriptus
585 761 682 784 anno
701 749 839 784 domini
860 754 912 784 ΜΟ
931 754 1043 785 ccc¹¹¹⁰
1060 751 1136 784 lxx0
1153 749 1276 785 viim⁰.'

456 809 561 842 After
592 807 664 842 this
698 819 824 842 comes
860 807 897 853 (f.
923 808 1003 853 143)
1038 808 1205 843 Richard
1241 807 1476 853 FitzRalph's
1509 806 1661 842 treatise
1695 807 1742 841 de

411 866 592 910 Pauperie
619 865 830 901 Salvatoris.
882 866 1140 911 Immediately
1156 866 1341 910 following
1364 866 1427 900 the
1451 864 1688 900 termination
1707 864 1750 899 of

409 924 482 959 this
501 924 648 959 treatise
668 924 707 968 (f.
727 933 793 967 217
806 924 849 969 D)
876 936 938 959 are
964 925 1027 960 the
1052 924 1149 959 titles
1175 925 1215 959 of
1236 925 1298 959 the
1324 924 1502 959 divisions
1528 924 1568 958 of
1591 924 1646 958 six
1671 934 1745 958 ser-

411 994 519 1017 mons
540 981 629 1026 (not,
649 993 690 1017 as
710 983 808 1017 Coxe
828 994 912 1027 says
927 982 950 1026 ²,
975 994 996 1017 a
1020 983 1120 1017 table
1145 983 1186 1017 of
1207 989 1377 1017 contents
1403 982 1444 1016 of
1466 983 1529 1016 the
1554 981 1746 1026 foregoing

411 1039 526 1084 work)
544 1051 551 1083 ;
571 1039 711 1074 similar
728 1039 764 1074 in
784 1040 924 1085 subject
942 1048 979 1076 to
997 1039 1233 1086 FitzRalph's
1252 1041 1398 1086 printed
1417 1051 1586 1075 sermons
1599 1040 1664 1074 but
1679 1046 1744 1074 not

412 1098 585 1143 agreeing
607 1098 644 1132 in
663 1098 786 1133 detail.
836 1099 917 1133 The
942 1110 1111 1134 sermons
1134 1099 1359 1134 themselves
1378 1110 1441 1133 are
1458 1104 1521 1133 not
1538 1097 1660 1142 given,
1677 1098 1743 1132 but

412 1157 558 1191 instead
584 1157 623 1191 of
644 1157 746 1191 them
767 1156 805 1201 (f.
824 1158 891 1191 218
906 1156 943 1202 C)
962 1169 985 1191 a
1004 1157 1116 1192 series
1135 1158 1175 1192 of
1189 1155 1506 1200 determinations,
1526 1156 1744 1201 apparently

412 1226 460 1249 on
481 1216 589 1250 Peter
609 1214 807 1259 Lombard‚
827 1216 927 1251 Sent.
948 1215 968 1250 i.
986 1224 1020 1260 4,
1039 1215 1124 1250 with
1143 1215 1266 1250 which
1283 1216 1346 1251 the
1363 1216 1511 1250 volume
1528 1214 1633 1250 ends.

1042 1375 1114 1413 111.

466 1460 554 1499 The
583 1459 782 1510 following
810 1460 842 1498 is
871 1459 935 1498 the
964 1460 1065 1498 table
1095 1460 1139 1499 of
1168 1466 1346 1499 contents
1376 1459 1420 1498 of
1446 1459 1509 1498 the
1539 1459 1609 1498 last
1637 1459 1743 1498 three

410 1527 535 1565 books
555 1526 599 1564 of
614 1523 862 1575 FitzRalph’s
881 1525 988 1563 work
1003 1539 1069 1563 :—

211 1602 297 1633 LIB.
314 1601 354 1633 V.
455 1597 653 1641 Incipiunt
668 1595 838 1641 capitula
861 1597 990 1641 quinti
1011 1596 1103 1630 libri
1124 1596 1326 1630 tractantis
1341 1596 1386 1630 de
1394 1596 1603 1641 principiis
1618 1595 1742 1629 dz'tan-
1763 1594 1860 1637 [4813

409 1656 509 1689 tibus
524 1656 660 1698 Deum,
679 1654 830 1700 angelos
846 1654 954 1688 bonos
968 1657 1004 1689 et
1019 1655 1148 1698 malos,
1167 1658 1202 1688 et
1217 1654 1385 1688 homines
1402 1654 1510 1688 bonos
1525 1658 1560 1688 et
1576 1654 1706 1688 malos.

366 1722 393 1745 1.
460 1713 626 1748 Primum
659 1712 872 1757 capitulum,
901 1712 1022 1757 posito
1052 1724 1163 1748 sensu
1196 1711 1428 1756 gramaticali
1456 1711 1564 1746 huius
1596 1709 1744 1746 termini

411 1771 516 1807 dives
532 1778 568 1806 et
585 1770 664 1805 eius
683 1781 796 1805 causa
813 1769 1005 1813 materiali,
1025 1770 1248 1806 declarando
1267 1769 1459 1815 supposita
1476 1768 1596 1815 primo
1613 1769 1746 1814 probat

411 1830 510 1875 quod
529 1829 734 1864 dominium
754 1829 791 1862 in
806 1829 890 1863 Deo
908 1839 983 1863 non
1001 1834 1057 1863 est
1085 1828 1272 1863 sufficiens
1288 1827 1490 1863 formaliter
1508 1838 1631 1871 causa,
1651 1826 1745 1861 sicut

411 1898 479 1923 nec
497 1886 693 1933 possessio,
713 1887 837 1921 Deum
857 1885 1011 1921 ditandi.

367 1952 395 1974 2·
461 1945 675 1980 Secundum
694 1943 897 1989 capitulum
914 1943 1042 1979 nititur
1054 1943 1240 1979 affirmare
1255 1943 1353 1989 quod
1372 1953 1441 1978 nec
1454 1941 1525 1978 Dei
1541 1940 1745 1977 dominium

412 2016 481 2040 nec
505 2003 584 2039 eius
610 2002 810 2048 possessio,
834 2013 955 2047 neque
976 2001 1199 2047 principium
1225 2014 1270 2037 ex
1297 2001 1367 2036 illis
1393 2001 1651 2046 compositum,
1677 2010 1746 2034 nec

412 2062 469 2098 ius
486 2061 615 2097 utendi
635 2060 779 2095 diviciis
798 2060 835 2095 in
853 2072 898 2095 eo
917 2059 1114 2102 sufficiens,
1142 2071 1211 2094 nec
1228 2060 1386 2094 facultas
1412 2058 1537 2094 utendi
1557 2057 1744 2092 sufficiens

412 2127 469 2156 est
494 2119 708 2165 apropriata
732 2118 935 2154 formaliter
961 2129 1073 2153 causa
1101 2118 1267 2162 ditandi;
1294 2124 1329 2153 et
1348 2117 1460 2153 obicit
1484 2117 1531 2152 de
1549 2116 1746 2152 heredibus

412 2178 581 2222 divitum,
601 2190 644 2213 ac
662 2176 842 2212 dissolvit.

365 2241 396 2272 3·
461 2236 634 2270 Tercium
665 2235 879 2280 capitulum,
912 2234 1109 2269 obiciendo
1143 2239 1274 2269 contra
1305 2233 1511 2279 precedens
1542 2232 1746 2278 capitulum

415 2293 676 2338 distinguendo
703 2292 977 2338 possessionem
995 2291 1031 2327 in
1051 2292 1234 2327 actualem
1254 2297 1289 2326 et
1308 2291 1533 2326 habitualem
1553 2297 1589 2326 et
1615 2297 1745 2335 poten·
1764 2298 1794 2327 et
1809 2293 1962 2326 habitua-

414 2353 558 2396 cialem,
570 2351 733 2386 ostendit
748 2351 847 2395 quod
859 2350 1067 2395 propinqua
1079 2361 1192 2385 causa
1205 2349 1369 2385 formalis
1381 2348 1524 2384 ditandi
1537 2355 1593 2383 est
1605 2349 1660 2383 ius
1671 2349 1745 2383 suf·
1764 2340 1826 2370 lem
1840 2345 1954 2370 om.M.

414 2410 540 2445 ficiens
559 2416 644 2444 actu
666 2409 723 2444 vel
742 2408 869 2443 habitu
889 2408 966 2443 sive
985 2408 1192 2453 propinqua
1209 2407 1381 2452 potencia
1399 2407 1512 2442 libere
1530 2406 1745 2452 possidendi

414 2467 580 2511 divicias,
601 2479 666 2512 per
683 2466 783 2512 quod
802 2466 858 2501 ius
876 2466 1079 2500 formaliter
1096 2466 1142 2500 de
1161 2465 1368 2510 propinquo
1388 2466 1491 2499 Deus
1509 2471 1565 2499 est
1584 2464 1698 2499 dives.

363 2534 397 2566 4·
463 2528 647 2571 Quartum
673 2524 877 2569 capitulum
903 2529 1031 2558 contra
1057 2521 1259 2558 hoc”obicit
1284 2530 1320 2558 et
1343 2522 1521 2565 dissolvit,
1540 2522 1745 2556 ostendens

414 2585 513 2630 quod
532 2584 587 2618 ius
605 2582 791 2618 sufficiens
809 2582 922 2616 libere
945 2581 1162 2626 possidendi
1184 2580 1338 2616 divicias
1361 2587 1417 2616 est
1444 2592 1557 2615 causa
1581 2580 1747 2614 formalis

413 2647 556 2682 ditandi
577 2658 584 2690 ;
610 2653 646 2681 et
674 2645 912 2680 distinctione
938 2645 1059 2690 posita
1081 2645 1127 2679 de
1158 2644 1345 2679 communi
1368 2643 1545 2687 dominio,
1572 2643 1746 2688 patefacit

412 2705 566 2752 qualiter
585 2716 650 2751 per
667 2714 866 2739 commune
885 2703 990 2738 civile
1010 2702 1217 2737 dominium
1237 2708 1358 2748 potest
1378 2702 1489 2736 homo
1507 2701 1628 2736 ditari.

454 2785 464 2803 ¹
491 2785 580 2823 Bale,
614 2785 733 2825 scripti
763 2784 851 2823 Bryt.
883 2783 992 2814 Catal.
1018 2795 1046 2815 v.
1073 2785 1134 2821 80;
1166 2783 1245 2822 Pits,
1270 2782 1311 2814 de
1336 2782 1435 2823 Angl.
1460 2781 1578 2823 Script.
1603 2792 1634 2823 p.
1659 2780 1745 2823 4643

410 2829 549 2903 Ta2¹²sl¹2ffi³
569 2828 651 2902 Bilbl.
672 2827 862 2865 Brit.-Hib.,
881 2838 912 2868 p.
930 2828 1002 2867 408.

517 2896 523 2902 .
543 2881 582 2912 53
605 2883 622 2902 ν.
