2008 3305
129 208 209 260 298

125 387 182 413 and
195 387 311 419 perfect.

128 1904 171 1931 Of
180 1903 266 1930 God's
278 1902 354 1936 right

128 1939 161 1965 of
171 1947 230 1965 use.

291 2233 396 2268 XIV.

129 2355 172 2383 Of
180 2354 369 2383 annihilation

800 215 1004 247 RICARDI
1037 215 1339 248 ARMACHANI
1808 204 1908 263 [Lm.
1926 219 1954 247 1.

406 327 538 364 tarum,
570 319 616 354 sit
648 319 828 354 naturalis
862 319 972 354 rebus
1006 319 1164 354 creatis:
1202 326 1237 354 et
1267 318 1400 354 estimo
1429 325 1465 354 te
1494 319 1674 354 adiecisse
1702 318 1737 353 in
1754 324 1823 366 [60

407 378 661 423 descripcione
683 378 849 422 predicta
862 378 1041 422 pezfhcta,
1061 377 1147 422 quia
1164 378 1254 412 nulli
1278 385 1444 413 creature
1462 378 1637 423 competit
1654 378 1738 413 talis

406 436 587 480 custodia,
611 442 666 470 set
687 435 856 470 custodia
886 435 1008 470 minus
1036 437 1147 480 plena
1174 442 1237 471 aut
1267 436 1359 471 alias
1393 436 1607 481 imperfecta
1640 448 1738 471 com-

405 495 601 540 paracione
619 493 741 528 divine
760 492 939 528 custodie.

454 554 541 587 RIC.
569 553 684 586 Recte
714 551 766 585 sic
796 551 971 586 estimas:
1001 556 1056 585 set
1087 551 1140 585 sic
1176 551 1335 595 intellige
1371 551 1624 597 imperfectam
1660 561 1769 593 cus-5

405 611 547 646 todiam
581 610 681 655 quod
716 621 791 644 non
826 609 1038 644 necessario
1073 609 1238 644 includat
1264 610 1427 654 aliquam
1461 610 1738 654 turpitudinem,

406 668 672 710 indecenciam,
707 673 770 702 aut
804 667 1002 710 defectum,
1038 673 1093 702 set
1126 668 1225 712 quod
1260 668 1378 702 solum
1412 667 1585 712 importet
1618 668 1738 702 minus

406 726 592 761 sufficiens
619 732 680 760 aut
706 725 828 760 minus
853 725 1067 770 perfectum,
1087 737 1152 760 seu
1177 736 1251 759 non
1278 725 1492 770 simpliciter
1515 732 1550 760 et
1572 725 1740 761 absolute

406 785 629 829 perfectum3
657 795 740 818 cum
764 783 886 828 angeli
913 784 1077 817 habeant
1100 795 1223 818 rerum
1247 783 1447 826 custodias,
1465 790 1502 819 et
1524 795 1587 819 eas
1611 790 1741 828 gerant

406 843 572 884 honeste,
593 842 777 884 decenter,
796 847 831 875 et
852 841 931 876 sine
950 841 1104 876 defectu.
1756 857 1795 879 10

455 902 546 935 IOH.
572 901 737 934 Verbum
771 899 937 944 perfecta
975 899 1025 933 ita
1058 899 1202 944 accipio
1237 904 1273 934 et
1308 899 1360 934 sic
1393 906 1518 944 aperte
1551 899 1741 945 conspicio

406 958 564 1004 qualiter
581 957 816 1002 distinguitur
834 969 955 992 rerum
973 970 994 991 a
1011 956 1028 975 '¹‘
1051 958 1134 991 Deo
1152 957 1340 1002 possessio
1366 969 1388 991 a
1413 969 1630 1003 quacunque
1654 969 1740 1003 pos·
1753 964 1784 992 D

407 1016 573 1052 sessione
600 1028 670 1061 que
696 1022 817 1060 potest
843 1022 1055 1060 competere
1079 1022 1243 1050 creature
1269 1026 1340 1060 que
1367 1027 1513 1061 semper
1537 1023 1594 1051 est
1619 1016 1772 1050 minusa
1788 1027 1950 1057 quacunq.

406 1072 594 1107 sufficiens
613 1072 794 1106 absolute.
1744 1065 1829 1102 poss.
1847 1071 1911 1091 om.
1926 1068 1956 1091 Β·

455 1131 543 1164 RIC.
571 1131 655 1164 Hoc
692 1128 847 1173 proinde
890 1128 1068 1163 intueris:
1111 1135 1147 1163 et
1182 1128 1443 1163 nichilominus
1478 1141 1522 1164 ex
1555 1129 1624 1164 ista
1658 1129 1741 1164 des-
1756 1140 1792 1172 15

406 1187 593 1232 cripcione
620 1194 725 1231 potes
750 1187 940 1222 attendere
967 1187 1153 1232 quomodo
1180 1187 1251 1221 ista
1276 1187 1462 1232 possessio
1497 1187 1671 1232 supponit
1703 1187 1741 1222 in

405 1246 618 1290 possidente
633 1256 754 1279 rerum
768 1257 1024 1290 possessarum
1036 1245 1243 1279 dominium
1255 1257 1382 1280 verum
1394 1252 1504 1290 atque
1518 1246 1738 1290 perfectum3

407 1304 503 1350 quia,
523 1304 553 1339 si
570 1310 757 1348 gereretur
773 1303 853 1338 sine
879 1303 944 1338 tali
970 1303 1148 1346 dominio,
1174 1303 1296 1338 minus
1322 1311 1418 1339 esset
1444 1304 1629 1349 perfecta;
1656 1315 1740 1338 curn

407 1363 469 1397 illa
495 1362 663 1398 custodia
687 1362 733 1397 sit
760 1363 875 1396 multo
905 1362 1108 1407 perfeccior
1137 1374 1207 1407 que
1238 1362 1377 1406 geritur
1406 1374 1450 1397 ex
1475 1362 1550 1397 iure
1575 1373 1619 1397 ac
1635 1362 1740 1397 titulo
1747 1370 1957 1407 gerereturss.

405 1421 585 1463 validiori,
604 1432 715 1466 quam
740 1420 801 1455 illa
827 1432 897 1465 que
922 1432 967 1456 ex
990 1420 1165 1465 fragiliori
1190 1421 1296 1455 titulo
1321 1421 1522 1455 exhibetur.
1574 1422 1680 1464 Item,
1698 1431 1742 1454 ex
1753 1420 1814 1459 que
1828 1420 1869 1440 ex
1898 1433 1905 1441 ·
1924 1433 1932 1441 ·
1950 1433 1958 1441 ·

407 1491 481 1525 quo
505 1479 587 1514 talis
612 1478 781 1513 custodia
804 1484 860 1513 est
886 1479 1048 1524 perfecta
1070 1479 1297 1524 simpliciter,
1323 1479 1476 1514 omnino
1502 1478 1742 1524 consequitur
1753 1457 1830 1484 mm
1847 1463 1911 1484 om'
1926 1460 1956 1483 B'

407 1538 506 1583 quod
524 1549 598 1572 non
616 1537 662 1571 sit
679 1536 817 1571 vicaria
842 1548 906 1571 seu
929 1536 966 1570 in
989 1538 1113 1571 Deum
1136 1538 1184 1572 ab
1211 1537 1284 1571 alio
1308 1537 1485 1580 derivata,
1504 1537 1598 1572 sicut
1616 1536 1739 1581 sepius

408 1596 445 1630 in
471 1595 704 1640 possessione
731 1595 896 1632 humana
921 1595 1121 1640 contingit;
1149 1602 1185 1630 et
1211 1595 1294 1630 ideo
1319 1596 1397 1640 geri
1422 1606 1498 1630 non
1524 1601 1646 1640 potest
1669 1595 1740 1629 nisi

407 1665 430 1688 a
455 1654 605 1688 domino
633 1652 684 1688 rei
714 1664 901 1698 possesse.
952 1654 1059 1695 Item,
1083 1665 1128 1688 ex
1153 1653 1286 1688 eodem
1311 1654 1425 1688 verbo
1442 1654 1609 1698 perfecta
1633 1659 1740 1697 potes

406 1712 598 1747 advertere
616 1711 714 1756 quod
733 1710 903 1745 custodia
923 1710 994 1745 ista
1011 1718 1066 1746 est
1085 1711 1180 1745 iusta
1198 1723 1207 1753 ;
1233 1711 1419 1756 quoniam,
1440 1711 1470 1746 si
1488 1717 1585 1746 esset
1604 1710 1739 1756 iniqua,
1755 1720 1792 1752 25

406 1770 616 1804 nullatenus
642 1775 739 1803 esset
766 1769 939 1813 perfecta,
958 1775 994 1803 et
1017 1769 1257 1804 nihilominus
1283 1781 1327 1804 ex
1353 1769 1434 1813 ipso
1452 1769 1564 1804 verbo
1590 1780 1738 1813 posses·
1751 1755 1887 1829 nulffjt·
1906 1778 1940 1829 't‘

410 1827 523 1863 sionis
542 1826 778 1872 consequitur
796 1826 897 1871 quod
914 1833 969 1861 est
988 1826 1096 1870 iusta,
1111 1827 1217 1861 sicud
1235 1827 1328 1861 infra
1345 1838 1411 1861 suo
1429 1827 1509 1861 loco
1528 1827 1716 1861 clarescet.
1750 1809 1873 1873 Ξῖιῇαᾋ
1891 1809 1922 1872 ἕ,

461 1887 551 1921 ΙΟΗ.
580 1887 657 1920 Ista
674 1885 834 1919 letanter
850 1891 1016 1929 accepto.
1067 1886 1127 1920 De
1152 1885 1230 1920 iure
1256 1884 1381 1920 utendi
1408 1885 1564 1920 ostende
1582 1884 1739 1930 qualiter
1750 1886 1891 1929 latenter
1905 1893 1934 1916 B.

413 1945 498 1979 Deo
517 1942 726 1978 conveniat.

457 2004 546 2037 RIC.
574 2000 794 2035 Dominium
822 2000 896 2035 Dei
924 2000 1146 2035 describitur
1178 2012 1245 2045 per
1278 2000 1333 2035 ius
1367 2000 1444 2036 sive
1478 2000 1738 2036 auctoritatem
1752 2005 1793 2036 30

409 2059 550 2103 utendi,
569 2066 761 2103 tamquam
779 2069 844 2103 per
869 2070 986 2103 genus
1013 2070 1145 2102 suum;
1175 2059 1273 2093 unde
1300 2058 1549 2103 consequitur,
1569 2070 1653 2093 cum
1671 2059 1737 2093 do-

409 2118 567 2153 minium
586 2119 671 2152 Deo
690 2117 902 2161 conveniat,
920 2117 1021 2163 quod
1039 2117 1071 2152 ei
1091 2124 1278 2162 competat
1298 2116 1354 2151 ius
1373 2117 1514 2152 utendi.

460 2233 691 2266 IOHANNES.
718 2230 818 2266 Satis
837 2231 908 2266 hoc
926 2242 1048 2266 cerno.
1100 2231 1158 2265 De
1175 2241 1298 2266 rerum
1316 2230 1605 2275 consumpcione
1619 2241 1642 2265 a
1655 2231 1739 2265 Deo

409 2289 497 2336 quid
516 2289 632 2325 sentis
650 2290 817 2325 ostende.

456 2350 687 2383 RICARDUS.
722 2349 780 2382 Tu
814 2347 874 2382 dic
907 2346 1020 2392 prius,
1055 2345 1085 2381 si
1116 2345 1226 2390 nosti,
1261 2357 1325 2380 cur
1357 2345 1452 2381 inter
1485 2353 1591 2382 actus
1624 2345 1738 2381 divini
1753 2360 1792 2392 35

409 2406 566 2442 dominii
585 2406 924 2441 adnichilacionem
943 2417 1017 2440 non
1037 2417 1211 2439 numeras
1227 2405 1241 2439 ?

459 2467 549 2500 IOH.
577 2464 674 2509 Quia
692 2464 729 2498 in
746 2471 831 2498 actu
851 2463 1152 2508 consumpcionis
1172 2462 1380 2497 includitur.

461 2524 550 2557 RIC.
578 2524 683 2557 Deus
701 2534 789 2566 ergo
803 2521 966 2566 aliquem
985 2528 1108 2556 actum
1126 2520 1238 2555 efficit
1257 2520 1496 2555 nichilando?

458 2581 549 2615 IOH.
577 2580 659 2614 Nisi
685 2587 811 2614 actum
837 2591 915 2614 rem
941 2578 1208 2613 adnichilando
1234 2578 1407 2622 efficeret,
1425 2590 1493 2613 nec
1511 2589 1588 2613 rem
1607 2589 1738 2612 consu-

407 2645 523 2674 meret
542 2650 611 2673 nec
630 2638 780 2683 penitus
799 2637 1056 2672 adnichilaret.
1752 2635 1794 2666 40

456 2697 542 2730 RIC.
573 2695 690 2740 Igitur
708 2695 738 2729 si
757 2701 876 2729 totum
896 2694 1076 2729 mundum
1100 2700 1223 2739 preter
1248 2692 1414 2738 seipsum
1442 2694 1545 2727 Deus
1571 2692 1738 2727 adnichi-

408 2755 511 2797 laret,
530 2753 738 2789 secundum
762 2760 798 2788 te
825 2753 986 2798 aliquem
1013 2759 1136 2786 actum
1164 2752 1349 2786 efficeret:
1376 2758 1412 2786 et
1432 2751 1483 2786 ita
1500 2757 1598 2795 tunc,
1617 2758 1739 2796 preter

408 2814 545 2857 Deum,
564 2811 798 2848 adnichilatis
821 2810 1006 2854 omnibus,
1025 2809 1175 2855 aliquid,
1194 2809 1279 2855 quia
1298 2816 1402 2844 actus
1429 2808 1737 2845 adnichilacionis
