2008 3305
144 220 198 260 60

153 1975 176 1990 2.
198 1964 378 1996 Infirences:

152 2008 180 2024 a.
199 2000 243 2024 As
256 2001 283 2023 to
297 1998 343 2023 tlze

147 2032 295 2064 potentz'al
300 2031 363 2057 and

154 2065 325 2098 intelligible
338 2073 405 2090 esse.

156 2665 178 2689 l1.
202 2665 244 2689 As
257 2666 283 2688 to
297 2663 342 2688 tlze
355 2670 402 2688 ne-

157 2706 267 2731 cessary
276 2699 394 2728 presup-

152 2731 277 2763 position
291 2730 327 2762 os
333 2730 380 2755 tlte

827 224 891 256 DE
925 223 1139 255 DOMiNro
1171 223 1344 254 D1V1No
1566 209 1673 267 [CAP.
1696 222 1753 250 rx.

423 348 493 373 suo
523 347 664 384 genere
694 342 818 372 create
848 335 1029 379 essencie,
1061 334 1147 371 ideo
1176 346 1256 371 non
1295 338 1444 381 ponunt
1482 332 1520 367 in
1554 334 1881 373 numerum[20A

422 406 482 443 vel
512 405 795 442 multitudinem
826 405 1049 454 specierum.
1107 404 1311 452 Oporteret
1340 402 1443 439 enim
1473 401 1580 450 quod
1609 400 1759 437 adintra

424 476 550 513 forent
585 475 763 513 distincte
800 475 972 512 essencie
1003 474 1225 523 participate
1256 473 1400 509 unitate
1431 484 1453 508 a
1483 477 1620 508 natura
1650 482 1757 508 com-

424 546 533 583 muni
563 546 612 583 ad
641 546 715 583 hoc
745 545 852 594 quod
881 545 1028 582 adintra
1049 544 1219 593 speciem
1246 543 1533 587 constituerent,
1562 541 1670 591 quod
1700 547 1757 578 est

425 616 678 666 impossibile,
709 628 797 653 cum
824 616 940 652 unica
964 615 1138 652 essencia
1165 614 1210 651 sit
1241 621 1370 651 eterna
1384 625 1393 659 3
1424 619 1460 649 et
1484 612 1590 661 quod
1616 611 1789 652 habent5

426 687 674 724 existenciam
694 686 733 722 in
753 686 893 723 effectu
914 692 969 723 est
990 685 1202 723 secundum
1228 696 1310 721 esse
1335 683 1565 732 equivocum
1589 694 1610 719 a
1630 682 1758 730 priori.

427 757 636 794 Multitudo
656 769 748 806 ergo
769 756 826 793 vel
855 756 1048 806 pluralitas
1077 756 1276 792 racionum
1302 754 1577 802 exemplarium
1606 753 1645 789 in
1673 751 1760 789 Deo

426 828 575 865 adintra
610 840 690 864 non
720 827 844 876 arguit
883 827 1166 864 multitudinem
1201 825 1418 874 specierum
1445 824 1504 861 vel
1535 830 1759 860 naturarum

426 898 706 942 communium,
745 897 812 934 sed
861 898 1043 934 unitatem
1098 896 1383 945 simplissirnam
1435 900 1567 931 nature
1607 900 1758 937 eterne;

428 981 516 1006 cum
543 974 695 1017 oportet
722 968 829 1018 quod
856 968 1061 1017 singularia
1081 967 1221 1016 speciei
1242 966 1370 1003 dicant
1390 965 1528 1002 multas
1549 964 1759 1013 singulares
1777 976 1814 997 10

427 1039 620 1076 essencias
641 1039 887 1075 materialiter
903 1038 1176 1075 condistinctas
1193 1050 1202 1083 ;
1231 1043 1268 1074 et
1288 1036 1436 1072 nullum
1457 1047 1526 1072 ens
1546 1033 1760 1072 secundum

426 1121 508 1147 esse
541 1109 707 1157 primurn
739 1108 973 1157 intelligibile
1007 1115 1043 1145 et
1075 1107 1287 1145 secundum
1320 1106 1566 1144 existenciam
1599 1106 1637 1142 in
1671 1117 1759 1153 pro-

427 1180 511 1229 prio
543 1191 684 1228 genere
724 1186 779 1216 est
812 1179 925 1216 simul
956 1180 1120 1216 univoce
1155 1177 1403 1227 intelligibile.
1464 1176 1513 1212 Et
1544 1176 1635 1213 hinc
1670 1174 1761 1212 dicit

427 1252 563 1288 beatus
595 1249 791 1287 Iohannes
824 1250 869 1286 de
900 1250 1035 1286 virtute
1058 1249 1247 1286 sermonis
1277 1247 1486 1292 verissime,
1528 1246 1667 1283 Omnia
1688 1252 1762 1293 per

428 1322 547 1369 ipSum
562 1320 678 1370 facta
704 1325 793 1357 sunt
812 1318 911 1370 (Ioh.
933 1320 955 1356 i.
979 1319 1041 1370 3):
1076 1318 1224 1364 Omnia,
1247 1318 1284 1355 id
1315 1324 1381 1363 est,
1410 1329 1548 1354 omnes
1577 1321 1759 1360 creature,
1776 1329 1813 1360 15

427 1392 517 1441 quia
537 1403 617 1428 rem
639 1391 861 1437 increatam,
875 1396 916 1427 ut
937 1391 1102 1440 primam
1124 1389 1348 1434 esseneiam,
1366 1394 1402 1425 et
1422 1393 1624 1436 peccatum
1644 1386 1761 1423 moris

430 1461 654 1499 distribucio
697 1473 777 1498 non
816 1461 917 1510 capit
958 1461 1133 1498 univoce.
1192 1459 1300 1496 Deus
1330 1470 1423 1507 ergo
1462 1465 1518 1494 est
1554 1468 1762 1494 commune

430 1531 630 1580 analogice
669 1531 718 1568 ad
756 1531 829 1568 ista
867 1531 999 1568 omnia
1042 1531 1140 1568 intra
1185 1536 1221 1567 et
1266 1535 1384 1567 extra.
1443 1528 1548 1573 Ideo,
1591 1534 1632 1564 ut
1671 1527 1763 1565 alias

431 1602 593 1648 ostendi,
620 1602 717 1638 inter
746 1608 819 1639 tres
849 1602 1039 1639 maneries
1069 1600 1348 1644 communium,
1371 1599 1523 1644 scilicet,
1550 1598 1761 1643 creacione,

431 1672 711 1722 predicacione,
734 1679 771 1709 et
790 1672 1134 1721 representacione‚
1151 1671 1318 1720 primum
1333 1676 1390 1707 est
1410 1670 1577 1718 primum
1597 1674 1760 1706 metrum
1777 1682 1816 1703 20

431 1750 468 1781 et
495 1743 778 1793 amplissimum
805 1743 992 1788 aliorum3
1023 1748 1060 1779 et
1086 1742 1125 1778 in
1152 1741 1322 1779 secundo
1349 1740 1469 1789 gradu
1496 1752 1564 1776 ens
1591 1746 1763 1777 creatum

431 1821 487 1852 est
526 1814 887 1851 communissimum
922 1813 1123 1862 possibile;
1168 1813 1207 1848 in
1246 1812 1366 1849 tercio
1409 1810 1531 1860 gradu
1571 1811 1639 1847 iste
1688 1816 1762 1847 ter-

431 1885 561 1922 minus
581 1897 651 1922 ens
672 1891 727 1922 est
747 1885 1091 1922 communissimus
1115 1883 1403 1932 significacione
1424 1882 1628 1932 possibilis.

487 1954 548 1991 Ex
579 1967 657 2004 quo
684 1955 796 1993 elicui
820 1955 1029 2004 aliquando
1057 1954 1163 2004 quod
1193 1965 1308 2003 posse
1338 1965 1421 1990 esse
1442 1953 1498 1989 vel
1528 1952 1763 2001 intelligibile

433 2038 514 2063 non
544 2031 600 2063 est
625 2026 871 2063 communius
892 2038 1009 2075 quam
1034 2024 1052 2044 '¹‘
1079 2037 1173 2070 esse,
1197 2025 1292 2062 sicut
1313 2036 1385 2061 nec
1407 2024 1593 2061 terminus
1613 2029 1670 2060 est
1690 2029 1762 2060 ter·
1776 2029 1806 2057 B

432 2096 540 2133 mino
578 2096 832 2133 communior.
895 2095 933 2133 Si
974 2096 1077 2133 enim
1108 2095 1243 2144 aliquis
1276 2095 1461 2132 terminus
1494 2094 1764 2142 superadderet

431 2166 540 2203 illum
573 2167 780 2203 terminum
810 2179 883 2212 ens,
915 2178 974 2203 res
1013 2178 1131 2215 quam
1171 2164 1458 2214 significacione
1491 2164 1764 2213 superadderet

431 2236 529 2274 foret
568 2249 636 2274 ens
667 2237 726 2274 vel
761 2237 894 2275 saltem
928 2237 1002 2274 isto
1036 2237 1201 2274 termino
1235 2249 1297 2272 ens
1332 2235 1539 2284 signabilis.
1595 2235 1646 2272 Et
1677 2246 1765 2271 cum

432 2319 549 2345 omne
584 2307 687 2357 quod
726 2314 852 2357 potest
890 2308 1016 2357 signat
1055 2307 1248 2353 continue,
1282 2306 1450 2356 sequitur
1488 2305 1593 2355 quod
1631 2305 1765 2343 datum

434 2378 588 2427 signum
623 2390 703 2415 non
733 2378 953 2427 superaddit
983 2377 1089 2414 illum
1126 2377 1334 2414 terminum
1364 2389 1426 2413 ens
1460 2376 1499 2413 in
1531 2376 1819 2426 signacione.30

435 2448 631 2497 Signabile
661 2461 754 2498 ergo
783 2448 1016 2496 intelligibile
1037 2447 1094 2484 vel
1124 2447 1305 2496 possibile
1336 2447 1460 2496 signat
1479 2446 1657 2495 primarie
1683 2457 1764 2483 rem

435 2530 510 2568 que
539 2525 665 2567 potest
695 2519 835 2568 signari
856 2518 914 2555 vel
943 2518 1102 2566 intelligi
1132 2518 1212 2555 sine
1242 2529 1336 2563 esse,
1363 2523 1400 2554 et
1428 2529 1495 2566 per
1524 2527 1766 2565 consequens

436 2589 561 2627 solum
582 2589 705 2638 signat
726 2601 806 2626 rem
827 2589 1019 2638 signatam
1040 2589 1114 2625 alio
1135 2588 1299 2625 termino
1320 2587 1665 2624 transcendentem.

491 2659 542 2696 Et
561 2671 608 2696 ex
631 2659 703 2696 isto
724 2660 922 2709 quondam
944 2659 1065 2704 elicui,
1083 2670 1171 2696 cum
1192 2670 1308 2695 omne
1330 2663 1499 2694 creatum
1522 2657 1568 2694 sit
1589 2655 1765 2694 absolute

469 2762 490 2785 3.
513 2752 630 2784 llsorent
652 2753 674 2778 B
689 2752 707 2778 s.
722 2762 767 2778 221
781 2761 805 2778 Α.
845 2754 961 2778 unitate
981 2752 1054 2778 AC:
1082 2752 1164 2777 unice
1188 2751 1217 2776 B.
1336 2760 1358 2782 4.
1380 2750 1505 2776 adintra
1526 2749 1564 2775 B:
1593 2749 1676 2774 intra
1696 2747 1761 2773 AC.

433 2789 474 2811 est
487 2795 541 2811 om.
557 2786 588 2811 B.
655 2795 692 2818 19.
713 2787 880 2812 causacione
895 2786 916 2811 B
930 2793 935 2811 ζ
956 2786 1101 2812 creacione
1115 2786 1139 2810 A
1151 2785 1183 2812 C.
1254 2793 1293 2817 32.
1310 2785 1358 2810 vel
1369 2793 1423 2810 om.
1439 2784 1473 2809 B.
1557 2792 1596 2815 34.
1618 2781 1764 2814 quondam

434 2819 456 2844 B
469 2827 474 2844 z
496 2819 615 2845 condam
632 2820 656 2844 A
667 2820 698 2846 C.
