2008 3305
199 224 284 253 cAP.
307 210 447 268 xvm]
678 221 823 251 LIBER
855 220 1051 252 PRIMUS.
1719 209 1797 262 163

87 339 185 380 55A]
200 337 392 374 subiecto:
428 335 496 373 sed
529 336 559 372 si
592 335 683 372 illud
715 341 985 384 argumentum
1016 334 1241 383 procederet
1273 334 1522 383 intelligendo

198 406 427 444 volicionem
467 405 672 443 formaliter
709 412 750 442 ut
788 405 1016 450 distinctam,
1058 411 1278 453 sequeretur
1317 417 1384 453 per
1421 405 1524 442 idem

199 477 302 527 quod
331 477 497 526 quelibet
516 477 654 513 volicio
675 482 846 513 creature
869 476 915 512 sit
935 487 1033 524 eque
1063 475 1181 512 libera
1207 475 1302 512 sicut
1323 476 1384 512 illa
1396 488 1405 521 ;
1435 476 1525 524 quia

200 560 317 596 quam
346 547 462 584 libere
482 547 561 583 vult
580 558 809 595 quecunque
839 546 1020 594 potencia
1039 545 1200 591 volitiva,
1223 552 1301 582 tam
1332 546 1449 582 libera
1469 552 1526 582 est

168 629 269 661 5sua
302 617 451 663 volicio,
486 623 522 653 et
556 623 685 653 tamen
720 623 872 653 constat
901 616 1007 664 quod
1036 616 1221 664 equivoce
1252 616 1385 653 dieitur
1419 623 1526 653 aetus

200 688 294 724 liber
314 699 402 724 curn
424 699 492 724 sua
510 686 699 735 potencia.

255 757 536 795 Verumtamen
574 762 760 805 quantum
799 756 848 793 ad
887 763 1155 804 argumentum
1194 763 1251 793 est
1293 756 1430 805 triplex
1469 769 1526 794 re·
1540 765 1803 825 ss-Thsseeffl‘f‘stffl'i-

202 828 383 877 sponsio:
413 828 538 876 prima
559 827 658 864 dicta
684 827 828 864 docens
858 826 962 875 quod
992 839 1064 864 nec
1093 834 1201 864 actus
1223 828 1427 865 voluntatis
1457 840 1527 865 nee
1555 809 1633 869 ἴδ’

202 898 275 935 Dei
306 897 443 934 volicio
472 897 625 934 relativa
657 897 747 934 dicit
780 897 818 933 in
851 897 1000 935 volente
1034 897 1250 934 absolutam
1284 910 1353 946 per
1384 909 1424 934 se
1458 910 1526 946 po-

152 974 377 1005 rotestatem
412 968 572 1004 existere
611 974 736 1016 preter
768 968 987 1016 potenciam
1025 969 1239 1015 volitivam;
1279 969 1367 1006 ideo
1399 981 1529 1006 essen-

204 1039 345 1076 cialiter
375 1038 623 1087 intelligendo
659 1038 883 1075 conceditur
920 1038 1027 1087 quod
1065 1039 1235 1088 quelibet
1274 1039 1357 1076 talis
1390 1039 1528 1077 volicio

204 1110 251 1147 sit
279 1109 535 1147 essencialiter
564 1109 691 1157 ipsum
720 1109 863 1146 volens.
922 1108 1102 1146 Secunda
1137 1111 1351 1158 responsio,
1386 1110 1529 1147 conde·
1576 1124 1600 1150 b.

159 1189 189 1218 Β
204 1180 392 1218 scendens
413 1179 562 1216 formali
582 1179 834 1225 distinccioni‚
856 1179 947 1217 dicit
967 1180 1073 1229 quod
1093 1192 1173 1218 non
1193 1187 1271 1217 tam
1292 1180 1410 1218 libera
1432 1179 1450 1199 *
1473 1187 1530 1218 est

204 1251 287 1288 talis
316 1251 452 1288 volicio
483 1262 599 1298 quarn
634 1250 749 1287 libere
779 1250 858 1287 vult
892 1251 1073 1300 potencia
1102 1251 1265 1295 volitiva,
1296 1263 1387 1288 cum
1421 1263 1530 1288 com-

154 1334 192 1366 15
206 1321 432 1370 paraciones
453 1332 531 1357 non
552 1327 639 1356 sunt
659 1321 843 1365 univoce3
875 1320 941 1357 sed
961 1321 1302 1369 proporcionaliter
1321 1321 1441 1359 modo
1462 1333 1532 1358 suo

204 1398 260 1430 est
279 1391 415 1429 volicio
442 1391 594 1428 liberior
623 1403 702 1440 quo
730 1391 880 1428 volitiva
907 1392 994 1428 velit
1023 1391 1185 1438 liberius,
1209 1403 1289 1428 non
1318 1392 1532 1429 secundum

205 1463 367 1512 gradum
396 1461 564 1510 paritatis
585 1461 652 1498 sed
674 1461 849 1511 analogie
869 1462 926 1499 vel
950 1462 1333 1512 proporcionalitatis.
1391 1462 1532 1499 Tereia
1578 1476 1599 1494 c-

206 1532 410 1581 responsio
440 1532 529 1569 dicit
553 1532 672 1581 quod,
695 1532 790 1570 sicut
810 1532 963 1570 volitiva
992 1540 1119 1570 creata
1148 1533 1302 1570 liberius
1333 1539 1388 1570 est
1415 1545 1532 1582 quam

206 1603 283 1640 vult
304 1610 388 1640 actu
409 1603 546 1648 elicito,
568 1614 656 1639 cum
676 1615 753 1639 una
774 1604 821 1639 sit
841 1603 997 1652 propria
1025 1603 1153 1652 passio
1173 1610 1210 1640 et
1230 1604 1331 1640 aliud
1355 1604 1533 1641 accidens

155 1691 194 1713 20
208 1673 563 1721 contingentissime
593 1673 824 1719 inexistens3
855 1674 908 1711 sic
928 1673 1034 1711 Deus
1063 1674 1217 1711 liberius
1241 1681 1298 1711 est
1318 1686 1435 1724 quam
1456 1674 1534 1711 vult

208 1755 492 1793 quamcumque
527 1750 742 1780 creaturam
781 1744 955 1790 existere,
995 1745 1085 1793 quia
1123 1745 1230 1782 aliter
1264 1757 1343 1782 non
1377 1745 1534 1782 liberius

207 1815 433 1864 produceret
473 1813 656 1863 Spiritum
695 1820 870 1851 sanctum
909 1826 1025 1863 quam
1060 1816 1272 1865 quamlibet
1307 1822 1533 1853 creaturam.

209 1885 396 1931 Quamvis
425 1885 528 1921 enim
558 1884 711 1922 libertas
740 1890 887 1921 remota
916 1897 993 1934 qua
1012 1884 1121 1922 Deus
1149 1885 1326 1934 producit
1353 1885 1534 1923 effectum

210 1957 257 1993 sit
291 1955 417 1992 divina
454 1955 628 1992 essencia
656 1961 693 1992 et
722 1955 777 1992 sic
807 1967 970 2000 summa,
1003 1962 1133 1992 tamen
1162 1956 1315 1994 libertas
1344 1957 1534 2005 proxima,

159 2043 196 2074 25
211 2037 287 2074 qua
308 2025 525 2062 immediate
546 2024 755 2062 formaliter
775 2024 882 2062 Deus
904 2025 1016 2063 efficit
1036 2025 1110 2063 hoc
1131 2032 1312 2072 creatum,
1334 2033 1389 2064 est
1409 2027 1536 2075 passio

211 2108 278 2133 sue
313 2095 572 2144 contingentis
603 2095 761 2143 agencie
791 2108 813 2132 a
843 2108 994 2132 summa
1028 2096 1197 2133 libertate
1231 2096 1441 2134 formaliter
1471 2097 1533 2134 de-

212 2167 340 2203 rivata.
415 2165 464 2202 Et
498 2165 667 2214 quelibet
711 2165 866 2201 istarum
906 2167 1018 2202 trium
1057 2167 1353 2215 responsionum
1391 2167 1538 2205 videtur

211 2236 328 2274 michi
357 2235 579 2284 probabilis,
602 2241 638 2272 et
668 2242 724 2272 est
753 2235 1015 2285 discrepancia
1043 2237 1177 2285 pocius
1206 2237 1245 2273 in
1274 2237 1399 2286 logica
1420 2249 1537 2287 quam

210 2308 250 2344 in
270 2319 309 2344 re
329 2307 423 2355 ipsa.

161 2395 202 2425 30
269 2376 345 2414 Sed
364 2382 404 2412 ut
420 2376 518 2413 dicte
534 2376 803 2424 responsiones
823 2377 947 2425 magis
968 2384 1189 2426 appareant,
1207 2384 1294 2414 sunt
1309 2379 1379 2416 tria
1394 2384 1539 2427 puncta
1552 2393 1576 2417 3·
1594 2382 1819 2415 Tkreefurllter

213 2448 332 2485 lacius
363 2446 604 2483 disserenda:
635 2446 771 2495 primo,
800 2446 831 2483 si
857 2447 993 2484 volicio
1025 2447 1150 2485 divina
1183 2455 1219 2485 et
1251 2450 1411 2486 effectus
1441 2455 1539 2486 tem·
1551 2420 1743 2493 Ξῗιῖἵῖἶῗὴρ

214 2518 356 2567 poralis
386 2529 426 2554 se
456 2523 614 2554 causant
642 2517 846 2566 reciproce,
868 2517 973 2567 quod
999 2530 1119 2555 unum
1144 2519 1294 2556 illorum
1316 2527 1372 2557 est
1391 2520 1539 2569 reliquo
1554 2500 1800 2559 Eississffivl’lfltgleof

215 2587 453 2637 prestancius
482 2594 519 2623 et
548 2587 651 2635 prius
681 2587 926 2635 simpliciter:
957 2600 1047 2624 nam
1078 2589 1116 2625 in
1146 2595 1325 2638 quattuor
1352 2590 1541 2639 exemplis
1554 2566 1739 2630 iaetti'fgceffporal

217 2657 431 2695 Aristotelis
460 2657 632 2706 superius
661 2657 826 2694 recitatis
855 2664 956 2705 patet
987 2658 1092 2706 quod
1122 2671 1242 2696 unum
1274 2661 1466 2709 reciproce
1500 2672 1540 2697 se

661 2751 682 2774 7.
705 2743 713 2770 11
727 2744 933 2774 augumentum
949 2743 980 2768 B.
992 2743 1009 2768 f.
1024 2752 1071 2775 237
1083 2752 1105 2769 B.

623 2818 672 2847 54.
698 2809 796 2840 Arist.
817 2809 912 2850 Phys.
931 2809 962 2840 ii.
982 2818 998 2847 3
1017 2820 1048 2850 p.
1071 2819 1140 2850 195.

928 2883 955 2908 M
980 2884 997 2907 2
