2095 3278
203 236 286 283 350
858 233 1062 265 RICARDI
1094 231 1401 265 ARMACHANI
1865 223 1966 277 [Lm.
1981 234 2029 262 11.

483 338 728 382 retinueritis,
756 341 901 372 retenta
929 341 1028 381 sunt,
1058 339 1110 371 Io.
1138 349 1194 371 xx.
1224 347 1290 380 233
1318 348 1393 371 non
1423 336 1542 371 solum
1572 336 1716 371 locutus
1753 340 1810 371 est
1823 340 1912 382 [180

482 396 659 441 apostolis
677 407 744 440 pro
763 407 802 430 se
821 395 909 440 ipsis
929 396 1100 430 Salvator
1117 400 1254 438 noster,
1273 400 1328 429 set
1347 401 1413 439 pro
1437 394 1513 428 suis
1537 393 1811 429 successoribus

483 454 776 499 quibuscunque,
797 453 889 487 sicut
908 452 969 496 ibi,
984 453 1089 495 Ecce,
1108 463 1172 498 ego
1190 452 1377 486 vobiscum
1395 463 1478 485 sum
1500 451 1670 485 omnibus
1686 451 1813 485 diebus
1824 448 1912 497 Mat...

483 523 600 557 usque
632 512 686 545 ad
713 511 1070 545 consummacionem
1103 511 1227 553 seculi,
1262 521 1306 544 ex
1340 508 1449 544 simili
1491 510 1605 543 modo
1638 508 1813 554 loquendi
1825 500 1924 522 XXVH'
1944 499 1995 521 ²⁰·

480 576 595 614 atque
621 569 784 603 donandi
810 574 846 603 et
872 568 1000 613 primis
1026 574 1061 602 et
1087 567 1245 612 posteris
1271 579 1310 602 se
1327 567 1454 602 volens
1479 567 1674 602 ostendere
1699 575 1841 608 unum5

439 640 467 670 3.
484 628 672 671 utriusque
692 626 879 670 Scripture
897 632 1097 660 auctorem.
1150 626 1255 668 Item,
1271 636 1313 659 ex
1327 636 1399 669 quo
1416 636 1474 659 res
1489 625 1559 668 ille,
1575 624 1680 659 sicuti
1696 625 1814 659 celum

483 691 520 720 et
555 685 658 720 stelle
702 684 783 727 celi,
817 690 969 728 propter
1003 683 1096 718 filios
1131 694 1228 726 suos,
1265 683 1372 717 sicuti
1406 688 1557 727 propter
1589 693 1687 725 eum,
1716 682 1815 716 facta

484 744 641 785 fuerunt,
661 742 760 787 quod
778 742 912 786 probat
931 741 1021 776 satis
1046 742 1209 786 ipsarum
1228 752 1350 775 rerum
1375 740 1594 785 obsequium
1620 740 1816 785 prestitum

485 800 645 846 posteris
668 800 747 845 ipso
773 800 947 842 extincto,
967 799 1204 844 consequitur
1221 798 1319 843 quod
1346 798 1397 832 ita
1415 797 1484 842 ipsi
1505 797 1669 842 ipsarum
1692 809 1816 832 rerum

485 859 685 900 debebant,
701 863 739 892 ut
758 857 848 902 ipse,
863 857 999 891 habere
1014 856 1218 890 dominium
1234 868 1242 899 ;
1262 867 1417 901 quarum
1431 867 1553 890 rerum
1572 854 1816 890 commutacio
1831 862 1872 884 10

485 922 521 951 et
547 915 794 960 reciprocacio
820 915 894 949 vite
920 914 1083 949 hominis
1111 914 1278 948 mortalis
1300 913 1494 959 aptissima
1517 925 1624 948 cursu
1651 913 1816 958 ipsorum

485 973 677 1008 celestium
688 974 893 1017 agebantur
907 983 1023 1017 usque
1036 971 1072 1006 in
1086 983 1249 1016 presens,
1262 977 1298 1006 et
1312 971 1517 1006 secundum
1530 970 1817 1016 promissionem

490 1031 574 1075 Dei,
589 1033 680 1066 Gen.
694 1030 768 1065 viii.
782 1040 837 1073 22,
852 1041 968 1075 usque
984 1029 1021 1064 in
1035 1030 1148 1064 finem
1163 1028 1274 1064 seculi
1294 1029 1332 1064 id
1345 1030 1489 1064 efficere
1506 1040 1579 1063 non
1593 1029 1791 1064 cessabunt
1808 1040 1815 1063 :

487 1090 652 1132 Cunctis,
671 1088 799 1133 inquit,
814 1088 940 1122 diebus
956 1092 1053 1122 terre
1069 1089 1241 1121 sementis
1258 1091 1293 1121 et
1303 1088 1441 1130 messis,
1455 1091 1490 1121 et
1496 1087 1635 1132 fmgus
1647 1090 1683 1120 et
1701 1086 1819 1121 *estas
1829 1089 1862 1117 D

442 1154 473 1185 4·
487 1152 523 1182 et
546 1149 688 1192 yemps,
718 1157 797 1180 nox
827 1150 863 1180 et
892 1146 969 1180 dies
997 1157 1071 1180 non
1104 1147 1340 1190 requiescent.
1390 1146 1426 1179 N
1430 1156 1472 1180 ec
1501 1150 1645 1189 oportet
1678 1143 1716 1179 in
1745 1144 1817 1179 isto
1833 1154 1871 1186 15

487 1205 632 1240 diucius
647 1203 847 1246 immorari,
862 1203 1048 1248 quoniam,
1064 1215 1147 1238 cum
1166 1214 1276 1238 cause
1293 1203 1527 1248 accepcionis
1545 1202 1649 1237 istius
1663 1201 1817 1237 dominii

490 1263 605 1308 (iuxta
621 1268 781 1298 tractata
804 1260 985 1306 superius)
1006 1261 1057 1296 ita
1082 1261 1215 1305 genitis
1234 1262 1281 1296 ab
1299 1261 1434 1304 Adam,
1454 1268 1492 1295 ut
1511 1260 1593 1304 sibi,
1613 1261 1659 1295 ab
1678 1260 1819 1305 origine

488 1321 732 1364 convenisset,
760 1320 913 1355 effectus
941 1330 1079 1363 earum,
1110 1319 1262 1363 scilicet,
1296 1318 1418 1364 ipsum
1452 1319 1668 1362 dominium,
1699 1318 1751 1353 ita
1779 1324 1819 1353 ut

488 1380 579 1425 ipse,
612 1378 667 1413 sui
697 1377 833 1423 posteri
864 1377 1104 1412 habuissent:
1141 1377 1233 1411 alias
1259 1376 1361 1412 enim
1389 1377 1457 1421 ipsi
1487 1376 1657 1411 homines
1686 1376 1722 1411 in
1753 1387 1821 1411 sua

491 1437 633 1482 origine
669 1435 860 1471 deterioris
895 1434 1122 1470 condicionis
1157 1446 1269 1480 quam
1311 1442 1432 1470 cetere
1474 1441 1640 1469 creature
1674 1434 1711 1468 in
1744 1434 1818 1469 suis
1835 1444 1876 1466 20

489 1495 667 1540 gradibus
710 1493 931 1538 extitissent,
973 1493 1079 1528 sicuti
1127 1493 1294 1538 superius
1337 1493 1374 1528 in
1416 1493 1572 1528 materia
1613 1492 1722 1527 simili
1764 1498 1820 1528 est

489 1554 703 1589 deductum.

433 1676 478 1710 X,
542 1670 773 1704 IOHANNES.
801 1669 859 1703 Ex
884 1678 957 1712 quo
983 1667 1107 1701 Adam
1132 1673 1168 1702 et
1195 1678 1325 1702 ornnes
1351 1666 1414 1701 filii
1441 1666 1520 1701 eius
1549 1664 1734 1701 iustificati
1759 1676 1824 1710 per

212 1736 309 1776 christ
327 1739 356 1773 ap
377 1734 422 1760 his
493 1727 658 1772 graciam
676 1726 857 1771 recipiunt
884 1725 921 1759 in
947 1725 1100 1760 instanti
1128 1724 1404 1759 iustificacionis
1430 1725 1529 1759 istud
1555 1724 1730 1768 originale
1757 1723 1823 1758 do-

212 1775 401 1830 ¹r¹}{{5r„¹,²}c{1{'1¹}e
492 1785 658 1827 minium,
697 1795 930 1828 consequens
964 1789 1020 1818 est
1055 1783 1154 1827 quod
1189 1782 1358 1817 Christus
1396 1782 1495 1817 istud
1537 1782 1744 1817 dominium
1786 1780 1822 1815 in
1838 1788 1877 1820 25

213 1834 469 1898 ffliffggrlnlordship
493 1842 644 1878 instanti
680 1841 883 1876 creacionis
917 1840 1040 1875 anime
1075 1852 1139 1875 sue
1173 1840 1210 1874 in
1244 1847 1347 1875 utero
1382 1839 1545 1884 Virginis
1582 1839 1710 1874 matris
1744 1839 1824 1873 eius

493 1900 696 1946 acceperit:
731 1899 831 1944 quod
856 1897 969 1933 michi
996 1898 1048 1932 ita
1078 1909 1225 1932 cassum
1251 1909 1294 1932 ac
1322 1898 1547 1943 superfluum
1572 1898 1717 1932 videtur
1743 1908 1825 1932 esse

494 1960 532 1995 in
560 1958 720 2002 Christo,
740 1957 833 1992 sicut
859 1963 899 1991 tu
925 1967 1037 2001 supra
1061 1956 1228 2000 probasti
1254 1967 1364 1990 omne
1390 1955 1595 1990 dominium
1620 1956 1824 1990 humanum

496 2017 722 2062 superfluum
752 2028 795 2050 ac
821 2026 968 2050 cassum
994 2026 1075 2049 esse
1102 2014 1140 2048 in
1167 2015 1272 2057 Deo;
1310 2025 1395 2048 cum
1425 2014 1590 2048 divinum
1618 2013 1825 2048 dominium

497 2075 646 2110 Christo
674 2074 830 2110 sufficiat
860 2073 897 2107 in
927 2072 1055 2107 ordine
1085 2071 1240 2107 dominii
1268 2072 1316 2106 ad
1345 2083 1493 2106 omnem
1523 2082 1630 2106 usum
1660 2077 1825 2106 creature
1839 2079 1881 2111 50

496 2134 759 2177 cuiuscunque.
1838 2131 1944 2163 cuz‘9q2
1961 2139 1993 2164 Β.

456 2208 482 2230 1.
548 2193 776 2226 RICARDUS.
804 2189 915 2234 Quod
946 2188 1115 2223 Christus
1145 2188 1182 2223 in
1214 2187 1403 2222 creacione
1437 2187 1559 2222 anime
1593 2199 1658 2222 sue
1687 2187 1826 2232 recepit

498 2249 596 2284 istud
614 2249 790 2292 originale
808 2246 1024 2290 dominium,
1043 2257 1180 2290 negare
1197 2256 1272 2280 non
1290 2246 1420 2288 audeo,
1438 2245 1525 2290 quia
1543 2245 1611 2287 illa,
1629 2252 1708 2280 esto
1726 2246 1824 2290 quod
1839 2244 1920 2294 qu3'a
1945 2269 1956 2295 ·.
1976 2269 1984 2277 .
2007 2269 2016 2277 .

497 2307 646 2342 racione
665 2305 813 2341 deitatis
839 2311 900 2339 aut
921 2304 1073 2338 dominii
1100 2303 1247 2338 racione
1274 2303 1422 2338 deitatis
1441 2303 1542 2348 quod
1567 2303 1705 2345 habuit,
1724 2314 1825 2338 crea-
1838 2288 1969 2363 ‘sentam
1993 2336 2007 2363 t

496 2366 588 2401 turis
615 2364 665 2399 uti
693 2364 840 2409 penitus
859 2362 1047 2397 voluisset.
1087 2361 1361 2396 Nichilominus
1388 2361 1510 2395 adhuc
1540 2361 1628 2406 ipse,
1648 2367 1825 2406 tanquam
1840 2332 2021 2408 gffi·essfzu)

497 2435 605 2458 verus
631 2424 754 2466 homo,
782 2427 931 2466 propter
956 2432 1065 2465 quem
1091 2426 1258 2454 creature
1287 2419 1430 2454 fuerant
1455 2419 1624 2463 primitus
1650 2418 1826 2463 institute,

497 2482 548 2516 uti
568 2482 661 2515 iuste
678 2486 821 2525 poterat
840 2479 1011 2513 omnibus
1030 2477 1241 2512 huiusmodi
1261 2476 1459 2520 creaturis;
1487 2483 1522 2511 et
1540 2476 1670 2511 iustius
1685 2475 1827 2511 cunctis

498 2539 724 2580 horninibus,
742 2537 828 2582 quia
855 2537 953 2571 solus
980 2536 1017 2570 in
1044 2536 1196 2580 origine,
1222 2542 1400 2580 tanquam
1426 2546 1534 2569 verus
1561 2546 1604 2569 ac
1631 2534 1827 2579 singularis

499 2599 606 2631 heres
637 2596 691 2631 sui
722 2595 830 2640 primi
856 2594 1030 2640 parentis,
1062 2594 1245 2628 iusticiam
1275 2593 1411 2637 recepit
1439 2599 1475 2627 et
1501 2592 1677 2636 graciam,
1707 2591 1826 2627 eciam

499 2655 598 2689 iuxta
624 2655 768 2697 legem3
805 2652 889 2697 quia
916 2658 1071 2696 peccato
1098 2651 1278 2695 originali,
1306 2651 1452 2685 racione
1482 2650 1607 2685 delicti
1639 2650 1693 2684 sui
1720 2650 1882 2695 primi40

499 2711 673 2757 parentis,
693 2723 767 2745 non
794 2710 911 2755 potuit
937 2721 1019 2744 esse
1045 2709 1235 2751 obnoxius,
1255 2709 1342 2754 quia
1367 2709 1483 2742 fuerat
1507 2719 1613 2743 verus
1642 2710 1765 2743 Deus:
1791 2715 1827 2743 et

499 2771 547 2805 ob
566 2771 637 2804 hoc
656 2769 691 2804 in
710 2776 790 2803 ortu
808 2780 881 2802 non
901 2774 1044 2802 tanturn
1063 2767 1189 2802 debuit
1208 2779 1289 2801 esse
1315 2767 1430 2801 iustus
1457 2772 1512 2800 set
1531 2766 1739 2801 necessario
1762 2766 1828 2800 fuit

501 2829 629 2863 iustus.
680 2829 761 2863 Nec
788 2827 885 2862 istud
912 2825 1118 2861 dominium
1145 2825 1210 2860 fuit
1239 2825 1273 2859 in
1302 2824 1450 2859 Christo
1474 2835 1621 2859 cassum
1640 2830 1674 2860 et
1702 2835 1827 2869 super-
