<?xml version="1.0" encoding="UTF-8"?>
<!DOCTYPE html PUBLIC "-//W3C//DTD XHTML 1.0 Transitional//EN"
    "http://www.w3.org/TR/xhtml1/DTD/xhtml1-transitional.dtd">
<html xmlns="http://www.w3.org/1999/xhtml" xml:lang="en" lang="en">
 <head>
  <title>
</title>
<meta http-equiv="Content-Type" content="text/html;charset=utf-8" />
  <meta name='ocr-system' content='tesseract 3.04.00' />
  <meta name='ocr-capabilities' content='ocr_page ocr_carea ocr_par ocr_line ocrx_word'/>
</head>
<body>
  <div class='ocr_page' id='page_1' title='image "./dedominiodivinol00wycl_0522.png"; bbox 0 0 2095 3278; ppageno 0'>
   <div class='ocr_carea' id='block_1_1' title="bbox 203 949 470 977">
    <p class='ocr_par' dir='ltr' id='par_1_1' title="bbox 203 949 470 977">
     <span class='ocr_line' id='line_1_1' title="bbox 203 949 470 977; baseline 0.007 -2"><span class='ocrx_word' id='word_1_1' title='bbox 203 950 248 976; x_wconf 86' lang='lat' dir='ltr'>Of</span> <span class='ocrx_word' id='word_1_2' title='bbox 256 949 303 975; x_wconf 82' lang='lat' dir='ltr'>the</span> <span class='ocrx_word' id='word_1_3' title='bbox 316 950 397 976; x_wconf 84' lang='lat' dir='ltr'>other</span> <span class='ocrx_word' id='word_1_4' title='bbox 409 956 470 977; x_wconf 87' lang='lat' dir='ltr'>acts</span> 
     </span>
    </p>
   </div>
   <div class='ocr_carea' id='block_1_2' title="bbox 202 984 376 1017">
    <p class='ocr_par' dir='ltr' id='par_1_2' title="bbox 202 984 376 1017">
     <span class='ocr_line' id='line_1_2' title="bbox 202 984 376 1017; baseline 0 -7"><span class='ocrx_word' id='word_1_5' title='bbox 202 985 235 1010; x_wconf 91' lang='lat' dir='ltr'>of</span> <span class='ocrx_word' id='word_1_6' title='bbox 244 984 376 1017; x_wconf 82' lang='lat' dir='ltr'>lordship.</span> 
     </span>
    </p>
   </div>
   <div class='ocr_carea' id='block_1_3' title="bbox 201 1528 428 1629">
    <p class='ocr_par' dir='ltr' id='par_1_3' title="bbox 201 1528 428 1629">
     <span class='ocr_line' id='line_1_3' title="bbox 203 1528 428 1561; baseline 0.004 -7"><span class='ocrx_word' id='word_1_7' title='bbox 203 1528 381 1561; x_wconf 78' lang='lat' dir='ltr'>Description</span> <span class='ocrx_word' id='word_1_8' title='bbox 396 1529 428 1555; x_wconf 85' lang='lat' dir='ltr'>of</span> 
     </span>
     <span class='ocr_line' id='line_1_4' title="bbox 202 1562 363 1596; baseline 0.006 -9"><span class='ocrx_word' id='word_1_9' title='bbox 202 1562 363 1596; x_wconf 79' lang='lat' dir='ltr'>hereditary</span> 
     </span>
     <span class='ocr_line' id='line_1_5' title="bbox 201 1596 337 1629; baseline 0.007 -7"><span class='ocrx_word' id='word_1_10' title='bbox 201 1596 337 1629; x_wconf 85' lang='lat' dir='ltr'>lordship.</span> 
     </span>
    </p>
   </div>
   <div class='ocr_carea' id='block_1_4' title="bbox 373 2105 469 2137">
    <p class='ocr_par' dir='ltr' id='par_1_4' title="bbox 373 2105 469 2137">
     <span class='ocr_line' id='line_1_6' title="bbox 373 2105 469 2137; baseline 0.01 -1"><span class='ocrx_word' id='word_1_11' title='bbox 373 2105 469 2137; x_wconf 87' lang='lat' dir='ltr'>XVI.</span> 
     </span>
    </p>
   </div>
   <div class='ocr_carea' id='block_1_5' title="bbox 201 2162 414 2197">
    <p class='ocr_par' dir='ltr' id='par_1_5' title="bbox 201 2162 414 2197">
     <span class='ocr_line' id='line_1_7' title="bbox 201 2162 414 2197; baseline 0.005 -8"><span class='ocrx_word' id='word_1_12' title='bbox 201 2162 275 2189; x_wconf 81' lang='lat' dir='ltr'>Civil</span> <span class='ocrx_word' id='word_1_13' title='bbox 290 2163 414 2197; x_wconf 87' lang='lat' dir='ltr'>lordship</span> 
     </span>
    </p>
   </div>
   <div class='ocr_carea' id='block_1_6' title="bbox 201 2198 1811 2264">
    <p class='ocr_par' dir='ltr' id='par_1_6' title="bbox 201 2198 1811 2264">
     <span class='ocr_line' id='line_1_8' title="bbox 201 2198 1811 2264; baseline -0.002 -8"><span class='ocrx_word' id='word_1_14' title='bbox 201 2198 304 2263; x_wconf 57' lang='grc' dir='ltr'>ἓὲἕιὲἕ</span> <span class='ocrx_word' id='word_1_15' title='bbox 314 2198 467 2258; x_wconf 51' lang='grc' dir='ltr'>(ξῖῗειέιὲεςὰ</span> <span class='ocrx_word' id='word_1_16' title='bbox 481 2221 568 2256; x_wconf 92' lang='lat' dir='ltr'>illud</span> <span class='ocrx_word' id='word_1_17' title='bbox 588 2222 792 2256; x_wconf 91' lang='lat' dir='ltr'>dominium</span> <span class='ocrx_word' id='word_1_18' title='bbox 811 2221 1060 2256; x_wconf 88' lang='lat' dir='ltr'>adventicium</span> <span class='ocrx_word' id='word_1_19' title='bbox 1078 2220 1245 2264; x_wconf 84' lang='lat' dir='ltr'>originali</span> <span class='ocrx_word' id='word_1_20' title='bbox 1265 2219 1429 2254; x_wconf 89' lang='lat' dir='ltr'>dominio</span> <span class='ocrx_word' id='word_1_21' title='bbox 1449 2230 1514 2253; x_wconf 88' lang='lat' dir='ltr'>seu</span> <span class='ocrx_word' id='word_1_22' title='bbox 1533 2218 1719 2253; x_wconf 89' lang='lat' dir='ltr'>adiectum</span> <span class='ocrx_word' id='word_1_23' title='bbox 1737 2230 1811 2253; x_wconf 91' lang='lat' dir='ltr'>non</span> 
     </span>
    </p>
   </div>
   <div class='ocr_carea' id='block_1_7' title="bbox 201 2265 408 2292">
    <p class='ocr_par' dir='ltr' id='par_1_7' title="bbox 201 2265 408 2292">
     <span class='ocr_line' id='line_1_9' title="bbox 201 2265 408 2292; baseline 0.01 -2"><span class='ocrx_word' id='word_1_24' title='bbox 201 2265 281 2290; x_wconf 86' lang='lat' dir='ltr'>when</span> <span class='ocrx_word' id='word_1_25' title='bbox 295 2265 408 2292; x_wconf 81' lang='lat' dir='ltr'>offered.</span> 
     </span>
    </p>
   </div>
   <div class='ocr_carea' id='block_1_8' title="bbox 879 189 2029 249">
    <p class='ocr_par' dir='ltr' id='par_1_8' title="bbox 879 189 2029 249">
     <span class='ocr_line' id='line_1_10' title="bbox 879 189 2029 249; baseline 0.002 -17"><span class='ocrx_word' id='word_1_26' title='bbox 879 200 1082 233; x_wconf 82' lang='lat' dir='ltr'>RICARDI</span> <span class='ocrx_word' id='word_1_27' title='bbox 1114 201 1421 234; x_wconf 82' lang='lat' dir='ltr'>ARMACHANI</span> <span class='ocrx_word' id='word_1_28' title='bbox 1850 189 2029 249; x_wconf 79' lang='lat' dir='ltr'>[LIB.1v.</span> 
     </span>
    </p>
   </div>
   <div class='ocr_carea' id='block_1_9' title="bbox 480 311 2020 1686">
    <p class='ocr_par' dir='ltr' id='par_1_9' title="bbox 483 311 1921 356">
     <span class='ocr_line' id='line_1_11' title="bbox 483 311 1921 356; baseline 0.003 -11"><span class='ocrx_word' id='word_1_29' title='bbox 483 314 624 346; x_wconf 70' lang='lat' dir='ltr'>terram</span> <span class='ocrx_word' id='word_1_30' title='bbox 640 324 653 347; x_wconf 81' lang='lat'>.·</span> <span class='ocrx_word' id='word_1_31' title='bbox 677 313 815 347; x_wconf 77' lang='lat' dir='ltr'>servite</span> <span class='ocrx_word' id='word_1_32' title='bbox 832 313 996 348; x_wconf 80' lang='lat' dir='ltr'>Domino</span> <span class='ocrx_word' id='word_1_33' title='bbox 1012 315 1052 348; x_wconf 81' lang='lat' dir='ltr'>in</span> <span class='ocrx_word' id='word_1_34' title='bbox 1071 315 1205 349; x_wconf 80' lang='lat' dir='ltr'>timore</span> <span class='ocrx_word' id='word_1_35' title='bbox 1221 320 1257 349; x_wconf 81' lang='lat' dir='ltr'>et</span> <span class='ocrx_word' id='word_1_36' title='bbox 1273 316 1439 349; x_wconf 75' lang='lat' dir='ltr'>exultate</span> <span class='ocrx_word' id='word_1_37' title='bbox 1464 315 1499 348; x_wconf 87' lang='lat' dir='ltr'>ei</span> <span class='ocrx_word' id='word_1_38' title='bbox 1519 326 1601 349; x_wconf 78' lang='lat' dir='ltr'>cum</span> <span class='ocrx_word' id='word_1_39' title='bbox 1627 317 1786 349; x_wconf 78' lang='lat' dir='ltr'>tremore</span> <span class='ocrx_word' id='word_1_40' title='bbox 1793 326 1815 356; x_wconf 73' lang='lat'>,·</span> <span class='ocrx_word' id='word_1_41' title='bbox 1829 311 1921 355; x_wconf 77' lang='lat'>[450</span> 
     </span>
    </p>

    <p class='ocr_par' dir='ltr' id='par_1_10' title="bbox 484 369 1816 416">
     <span class='ocr_line' id='line_1_12' title="bbox 484 369 1816 416; baseline 0.003 -14"><span class='ocrx_word' id='word_1_42' title='bbox 484 369 747 413; x_wconf 67' lang='lat' dir='ltr'>apprehendite</span> <span class='ocrx_word' id='word_1_43' title='bbox 778 372 1031 416; x_wconf 60' lang='lat' dir='ltr'>disciplinam,</span> <span class='ocrx_word' id='word_1_44' title='bbox 1066 383 1110 405; x_wconf 78' lang='lat' dir='ltr'>ne</span> <span class='ocrx_word' id='word_1_45' title='bbox 1137 373 1288 415; x_wconf 76' lang='lat' dir='ltr'>quando</span> <span class='ocrx_word' id='word_1_46' title='bbox 1321 373 1516 406; x_wconf 78' lang='lat' dir='ltr'><em>irascatur</em></span> <span class='ocrx_word' id='word_1_47' title='bbox 1547 372 1745 415; x_wconf 80' lang='lat' dir='ltr'><em>Dominus,</em></span> <span class='ocrx_word' id='word_1_48' title='bbox 1780 376 1816 406; x_wconf 82' lang='lat' dir='ltr'>et</span> 
     </span>
    </p>

    <p class='ocr_par' dir='ltr' id='par_1_11' title="bbox 480 429 1813 474">
     <span class='ocr_line' id='line_1_13' title="bbox 480 429 1813 474; baseline 0.003 -14"><span class='ocrx_word' id='word_1_49' title='bbox 480 429 645 471; x_wconf 72' lang='lat' dir='ltr'>pereatis</span> <span class='ocrx_word' id='word_1_50' title='bbox 663 429 707 462; x_wconf 84' lang='lat' dir='ltr'>de</span> <span class='ocrx_word' id='word_1_51' title='bbox 724 429 791 462; x_wconf 80' lang='lat' dir='ltr'>via</span> <span class='ocrx_word' id='word_1_52' title='bbox 808 430 921 463; x_wconf 78' lang='lat' dir='ltr'>iusta.</span> <span class='ocrx_word' id='word_1_53' title='bbox 975 429 1157 474; x_wconf 89' lang='lat' dir='ltr'>Numquit</span> <span class='ocrx_word' id='word_1_54' title='bbox 1182 436 1239 464; x_wconf 91' lang='lat' dir='ltr'>est</span> <span class='ocrx_word' id='word_1_55' title='bbox 1264 429 1441 472; x_wconf 88' lang='lat' dir='ltr'>erudiciO,</span> <span class='ocrx_word' id='word_1_56' title='bbox 1458 429 1627 474; x_wconf 85' lang='lat' dir='ltr'><strong>numquit</strong></span> <span class='ocrx_word' id='word_1_57' title='bbox 1655 436 1710 464; x_wconf 86' lang='lat' dir='ltr'>est</span> <span class='ocrx_word' id='word_1_58' title='bbox 1737 440 1813 465; x_wconf 89' lang='lat' dir='ltr'>ser-</span> 
     </span>
    </p>

    <p class='ocr_par' dir='ltr' id='par_1_12' title="bbox 484 485 1813 532">
     <span class='ocr_line' id='line_1_14' title="bbox 484 485 1813 532; baseline 0.002 -13"><span class='ocrx_word' id='word_1_59' title='bbox 484 485 580 519; x_wconf 88' lang='lat' dir='ltr'>vitus</span> <span class='ocrx_word' id='word_1_60' title='bbox 601 485 753 520; x_wconf 89' lang='lat' dir='ltr'>Domini</span> <span class='ocrx_word' id='word_1_61' title='bbox 773 486 810 520; x_wconf 89' lang='lat' dir='ltr'>in</span> <span class='ocrx_word' id='word_1_62' title='bbox 829 486 973 530; x_wconf 89' lang='lat' dir='ltr'>timore,</span> <span class='ocrx_word' id='word_1_63' title='bbox 992 487 1161 532; x_wconf 82' lang='lat' dir='ltr'>numquit</span> <span class='ocrx_word' id='word_1_64' title='bbox 1180 488 1428 532; x_wconf 81' lang='lat' dir='ltr'><strong>apprehensio</strong></span> <span class='ocrx_word' id='word_1_65' title='bbox 1447 487 1651 532; x_wconf 82' lang='lat' dir='ltr'>discipline,</span> <span class='ocrx_word' id='word_1_66' title='bbox 1666 498 1714 522; x_wconf 88' lang='lat' dir='ltr'>ne</span> <span class='ocrx_word' id='word_1_67' title='bbox 1732 487 1813 532; x_wconf 88' lang='lat' dir='ltr'>quis</span> 
     </span>
    </p>

    <p class='ocr_par' dir='ltr' id='par_1_13' title="bbox 483 543 1846 590">
     <span class='ocr_line' id='line_1_15' title="bbox 483 543 1846 590; baseline 0.004 -14"><span class='ocrx_word' id='word_1_68' title='bbox 483 543 648 587; x_wconf 81' lang='lat' dir='ltr'>exquirat</span> <span class='ocrx_word' id='word_1_69' title='bbox 674 544 765 588; x_wconf 88' lang='lat' dir='ltr'>legis</span> <span class='ocrx_word' id='word_1_70' title='bbox 792 544 864 579; x_wconf 90' lang='lat' dir='ltr'>Dei</span> <span class='ocrx_word' id='word_1_71' title='bbox 891 544 1095 579; x_wconf 88' lang='lat' dir='ltr'>remedium</span> <span class='ocrx_word' id='word_1_72' title='bbox 1123 544 1169 579; x_wconf 89' lang='lat' dir='ltr'>de</span> <span class='ocrx_word' id='word_1_73' title='bbox 1200 544 1268 580; x_wconf 91' lang='lat' dir='ltr'>sibi</span> <span class='ocrx_word' id='word_1_74' title='bbox 1301 544 1402 579; x_wconf 87' lang='lat' dir='ltr'>illata</span> <span class='ocrx_word' id='word_1_75' title='bbox 1432 545 1563 580; x_wconf 89' lang='lat' dir='ltr'>iniuria</span> <span class='ocrx_word' id='word_1_76' title='bbox 1592 545 1846 590; x_wconf 87' lang='lat' dir='ltr'>prohibere?5</span> 
     </span>
    </p>

    <p class='ocr_par' dir='ltr' id='par_1_14' title="bbox 482 601 2020 646">
     <span class='ocr_line' id='line_1_16' title="bbox 482 601 2020 646; baseline 0.001 -11"><span class='ocrx_word' id='word_1_77' title='bbox 482 601 675 636; x_wconf 89' lang='lat' dir='ltr'>Veraciter</span> <span class='ocrx_word' id='word_1_78' title='bbox 691 613 765 636; x_wconf 80' lang='lat' dir='ltr'>non</span> <span class='ocrx_word' id='word_1_79' title='bbox 782 607 837 636; x_wconf 78' lang='lat' dir='ltr'>est</span> <span class='ocrx_word' id='word_1_80' title='bbox 852 602 914 636; x_wconf 71' lang='lat' dir='ltr'>hec</span> <span class='ocrx_word' id='word_1_81' title='bbox 930 603 1119 646; x_wconf 66' lang='lat' dir='ltr'>sapiencia</span> <span class='ocrx_word' id='word_1_82' title='bbox 1137 602 1331 637; x_wconf 77' lang='lat' dir='ltr'><em>desursum</em></span> <span class='ocrx_word' id='word_1_83' title='bbox 1345 603 1571 645; x_wconf 77' lang='lat' dir='ltr'>descendens,</span> <span class='ocrx_word' id='word_1_84' title='bbox 1587 606 1642 637; x_wconf 80' lang='lat' dir='ltr'>set</span> <span class='ocrx_word' id='word_1_85' title='bbox 1653 607 1813 646; x_wconf 78' lang='lat' dir='ltr'>terrena,</span> <span class='ocrx_word' id='word_1_86' title='bbox 1828 606 1894 639; x_wconf 87' lang='lat' dir='ltr'>Iac.</span> <span class='ocrx_word' id='word_1_87' title='bbox 1907 606 1952 638; x_wconf 85' lang='lat' dir='ltr'>iii.</span> <span class='ocrx_word' id='word_1_88' title='bbox 1970 615 2020 646; x_wconf 86' lang='lat'>15.</span> 
     </span>
    </p>

    <p class='ocr_par' dir='ltr' id='par_1_15' title="bbox 483 659 1814 704">
     <span class='ocr_line' id='line_1_17' title="bbox 483 659 1814 704; baseline 0.002 -12"><span class='ocrx_word' id='word_1_89' title='bbox 483 660 674 701; x_wconf 79' lang='lat' dir='ltr'>animalis,</span> <span class='ocrx_word' id='word_1_90' title='bbox 692 660 886 702; x_wconf 78' lang='lat' dir='ltr'>diabolica,</span> <span class='ocrx_word' id='word_1_91' title='bbox 906 666 941 694; x_wconf 90' lang='lat' dir='ltr'>et</span> <span class='ocrx_word' id='word_1_92' title='bbox 964 659 1176 694; x_wconf 89' lang='lat' dir='ltr'>hominibus</span> <span class='ocrx_word' id='word_1_93' title='bbox 1202 671 1225 694; x_wconf 91' lang='lat' dir='ltr'>a</span> <span class='ocrx_word' id='word_1_94' title='bbox 1248 659 1397 694; x_wconf 90' lang='lat' dir='ltr'>diabolo</span> <span class='ocrx_word' id='word_1_95' title='bbox 1419 659 1608 704; x_wconf 90' lang='lat' dir='ltr'>inspirata.</span> <span class='ocrx_word' id='word_1_96' title='bbox 1660 660 1814 694; x_wconf 83' lang='lat' dir='ltr'>Constat</span> 
     </span>
    </p>

    <p class='ocr_par' dir='ltr' id='par_1_16' title="bbox 484 715 1861 762">
     <span class='ocr_line' id='line_1_18' title="bbox 484 715 1861 762; baseline 0.001 -13"><span class='ocrx_word' id='word_1_97' title='bbox 484 715 593 760; x_wconf 87' lang='lat' dir='ltr'>igitur</span> <span class='ocrx_word' id='word_1_98' title='bbox 610 716 846 760; x_wconf 78' lang='lat' dir='ltr'>donaciones,</span> <span class='ocrx_word' id='word_1_99' title='bbox 872 717 1183 761; x_wconf 88' lang='lat' dir='ltr'>permutaciones,</span> <span class='ocrx_word' id='word_1_100' title='bbox 1204 717 1221 735; x_wconf 60' lang='lat'>³²</span> <span class='ocrx_word' id='word_1_101' title='bbox 1242 729 1286 752; x_wconf 89' lang='lat' dir='ltr'>ac</span> <span class='ocrx_word' id='word_1_102' title='bbox 1311 717 1548 752; x_wconf 84' lang='lat' dir='ltr'>vendiciones</span> <span class='ocrx_word' id='word_1_103' title='bbox 1575 728 1685 762; x_wconf 90' lang='lat' dir='ltr'>posse</span> <span class='ocrx_word' id='word_1_104' title='bbox 1710 728 1814 751; x_wconf 87' lang='lat' dir='ltr'>vera·</span> <span class='ocrx_word' id='word_1_105' title='bbox 1829 720 1861 748; x_wconf 93' lang='lat' dir='ltr'><strong>D</strong></span> 
     </span>
    </p>

    <p class='ocr_par' dir='ltr' id='par_1_17' title="bbox 483 774 1815 820">
     <span class='ocr_line' id='line_1_19' title="bbox 483 774 1815 820; baseline 0.001 -12"><span class='ocrx_word' id='word_1_106' title='bbox 483 774 575 809; x_wconf 90' lang='lat' dir='ltr'>citer</span> <span class='ocrx_word' id='word_1_107' title='bbox 598 775 756 810; x_wconf 86' lang='lat' dir='ltr'>exerceri</span> <span class='ocrx_word' id='word_1_108' title='bbox 776 775 855 810; x_wconf 92' lang='lat' dir='ltr'>sine</span> <span class='ocrx_word' id='word_1_109' title='bbox 880 774 1085 810; x_wconf 80' lang='lat' dir='ltr'>tradicione</span> <span class='ocrx_word' id='word_1_110' title='bbox 1108 775 1288 820; x_wconf 86' lang='lat' dir='ltr'>corporali</span> <span class='ocrx_word' id='word_1_111' title='bbox 1318 787 1441 810; x_wconf 87' lang='lat' dir='ltr'>rerum</span> <span class='ocrx_word' id='word_1_112' title='bbox 1472 775 1815 810; x_wconf 87' lang='lat' dir='ltr'>communicacione</span> 
     </span>
    </p>

    <p class='ocr_par' dir='ltr' id='par_1_18' title="bbox 483 832 1869 878">
     <span class='ocr_line' id='line_1_20' title="bbox 483 832 1869 878; baseline -0.001 -11"><span class='ocrx_word' id='word_1_113' title='bbox 483 842 548 867; x_wconf 87' lang='lat' dir='ltr'>seu</span> <span class='ocrx_word' id='word_1_114' title='bbox 574 833 823 868; x_wconf 89' lang='lat' dir='ltr'>translacione</span> <span class='ocrx_word' id='word_1_115' title='bbox 851 832 963 868; x_wconf 91' lang='lat' dir='ltr'>solius</span> <span class='ocrx_word' id='word_1_116' title='bbox 991 832 1157 876; x_wconf 90' lang='lat' dir='ltr'>dominii,</span> <span class='ocrx_word' id='word_1_117' title='bbox 1183 833 1253 868; x_wconf 90' lang='lat' dir='ltr'>nisi</span> <span class='ocrx_word' id='word_1_118' title='bbox 1282 840 1463 878; x_wconf 88' lang='lat' dir='ltr'>quatenus</span> <span class='ocrx_word' id='word_1_119' title='bbox 1496 833 1683 878; x_wconf 86' lang='lat' dir='ltr'>possessio</span> <span class='ocrx_word' id='word_1_120' title='bbox 1716 832 1814 868; x_wconf 90' lang='lat' dir='ltr'>actui</span> <span class='ocrx_word' id='word_1_121' title='bbox 1830 843 1869 866; x_wconf 93' lang='lat'>10</span> 
     </span>
    </p>

    <p class='ocr_par' dir='ltr' id='par_1_19' title="bbox 482 890 1982 994">
     <span class='ocr_line' id='line_1_21' title="bbox 482 890 1982 935; baseline 0 -10"><span class='ocrx_word' id='word_1_122' title='bbox 482 890 546 925; x_wconf 88' lang='lat' dir='ltr'>tali</span> <span class='ocrx_word' id='word_1_123' title='bbox 565 891 611 925; x_wconf 92' lang='lat' dir='ltr'>de</span> <span class='ocrx_word' id='word_1_124' title='bbox 631 890 777 925; x_wconf 87' lang='lat' dir='ltr'>iusticia</span> <span class='ocrx_word' id='word_1_125' title='bbox 793 897 850 925; x_wconf 88' lang='lat' dir='ltr'>est</span> <span class='ocrx_word' id='word_1_126' title='bbox 867 902 1024 934; x_wconf 83' lang='lat' dir='ltr'>annexa,</span> <span class='ocrx_word' id='word_1_127' title='bbox 1043 898 1083 925; x_wconf 92' lang='lat' dir='ltr'>ut</span> <span class='ocrx_word' id='word_1_128' title='bbox 1100 891 1271 926; x_wconf 85' lang='lat' dir='ltr'>diximus.</span> <span class='ocrx_word' id='word_1_129' title='bbox 1826 904 1932 935; x_wconf 83' lang='lat' dir='ltr'>supra,</span> <span class='ocrx_word' id='word_1_130' title='bbox 1950 904 1982 935; x_wconf 88' lang='lat' dir='ltr'>p.</span> 
     </span>
     <span class='ocr_line' id='line_1_22' title="bbox 531 937 1901 994; baseline -0.001 -11"><span class='ocrx_word' id='word_1_131' title='bbox 531 950 621 983; x_wconf 86' lang='lat' dir='ltr'><strong>IOH.</strong></span> <span class='ocrx_word' id='word_1_132' title='bbox 650 949 775 984; x_wconf 85' lang='lat' dir='ltr'>Placet</span> <span class='ocrx_word' id='word_1_133' title='bbox 794 948 905 983; x_wconf 87' lang='lat' dir='ltr'>michi</span> <span class='ocrx_word' id='word_1_134' title='bbox 925 948 1006 992; x_wconf 90' lang='lat' dir='ltr'>ista,</span> <span class='ocrx_word' id='word_1_135' title='bbox 1026 948 1131 993; x_wconf 88' lang='lat' dir='ltr'>quasi</span> <span class='ocrx_word' id='word_1_136' title='bbox 1149 949 1317 994; x_wconf 89' lang='lat' dir='ltr'>aliqualis</span> <span class='ocrx_word' id='word_1_137' title='bbox 1331 955 1432 984; x_wconf 87' lang='lat' dir='ltr'>extra</span> <span class='ocrx_word' id='word_1_138' title='bbox 1442 955 1607 984; x_wconf 90' lang='lat' dir='ltr'>nostram</span> <span class='ocrx_word' id='word_1_139' title='bbox 1618 948 1813 983; x_wconf 88' lang='lat' dir='ltr'>materiam</span> <span class='ocrx_word' id='word_1_140' title='bbox 1826 937 1901 978; x_wconf 73' lang='lat'><strong>464·</strong></span> 
     </span>
    </p>

    <p class='ocr_par' dir='ltr' id='par_1_20' title="bbox 482 1006 1813 1052">
     <span class='ocr_line' id='line_1_23' title="bbox 482 1006 1813 1052; baseline 0.001 -12"><span class='ocrx_word' id='word_1_141' title='bbox 482 1006 671 1051; x_wconf 85' lang='lat' dir='ltr'>digressio.</span> <span class='ocrx_word' id='word_1_142' title='bbox 722 1008 771 1041; x_wconf 88' lang='lat' dir='ltr'>Et</span> <span class='ocrx_word' id='word_1_143' title='bbox 803 1007 849 1041; x_wconf 90' lang='lat' dir='ltr'>de</span> <span class='ocrx_word' id='word_1_144' title='bbox 879 1007 1168 1051; x_wconf 88' lang='lat' dir='ltr'>consumpcione</span> <span class='ocrx_word' id='word_1_145' title='bbox 1198 1006 1262 1050; x_wconf 90' lang='lat' dir='ltr'>rei,</span> <span class='ocrx_word' id='word_1_146' title='bbox 1292 1006 1411 1051; x_wconf 90' lang='lat' dir='ltr'>qualis</span> <span class='ocrx_word' id='word_1_147' title='bbox 1441 1007 1617 1052; x_wconf 89' lang='lat' dir='ltr'>competit</span> <span class='ocrx_word' id='word_1_148' title='bbox 1647 1013 1813 1041; x_wconf 84' lang='lat' dir='ltr'>creature</span> 
     </span>
    </p>

    <p class='ocr_par' dir='ltr' id='par_1_21' title="bbox 481 1064 1813 1109">
     <span class='ocr_line' id='line_1_24' title="bbox 481 1064 1813 1109; baseline -0.001 -10"><span class='ocrx_word' id='word_1_149' title='bbox 481 1064 651 1108; x_wconf 89' lang='lat' dir='ltr'>mortali;</span> <span class='ocrx_word' id='word_1_150' title='bbox 688 1070 724 1099; x_wconf 92' lang='lat' dir='ltr'>et</span> <span class='ocrx_word' id='word_1_151' title='bbox 754 1064 801 1099; x_wconf 89' lang='lat' dir='ltr'>de</span> <span class='ocrx_word' id='word_1_152' title='bbox 832 1064 1144 1108; x_wconf 86' lang='lat' dir='ltr'>multiplicacione</span> <span class='ocrx_word' id='word_1_153' title='bbox 1174 1075 1218 1099; x_wconf 90' lang='lat' dir='ltr'>ac</span> <span class='ocrx_word' id='word_1_154' title='bbox 1248 1064 1492 1099; x_wconf 87' lang='lat' dir='ltr'>conversione</span> <span class='ocrx_word' id='word_1_155' title='bbox 1519 1076 1656 1107; x_wconf 90' lang='lat' dir='ltr'>earum,</span> <span class='ocrx_word' id='word_1_156' title='bbox 1684 1064 1813 1109; x_wconf 91' lang='lat' dir='ltr'>quales</span> 
     </span>
    </p>

    <p class='ocr_par' dir='ltr' id='par_1_22' title="bbox 482 1121 1868 1167">
     <span class='ocr_line' id='line_1_25' title="bbox 482 1121 1868 1167; baseline -0.001 -10"><span class='ocrx_word' id='word_1_157' title='bbox 482 1122 666 1157; x_wconf 88' lang='lat' dir='ltr'>cernimus</span> <span class='ocrx_word' id='word_1_158' title='bbox 695 1133 761 1166; x_wconf 90' lang='lat' dir='ltr'>per</span> <span class='ocrx_word' id='word_1_159' title='bbox 787 1122 939 1156; x_wconf 90' lang='lat' dir='ltr'>colonos</span> <span class='ocrx_word' id='word_1_160' title='bbox 967 1121 1149 1166; x_wconf 86' lang='lat' dir='ltr'>exerceri;</span> <span class='ocrx_word' id='word_1_161' title='bbox 1177 1129 1213 1157; x_wconf 92' lang='lat' dir='ltr'>et</span> <span class='ocrx_word' id='word_1_162' title='bbox 1241 1123 1288 1157; x_wconf 89' lang='lat' dir='ltr'>de</span> <span class='ocrx_word' id='word_1_163' title='bbox 1318 1121 1597 1167; x_wconf 89' lang='lat' dir='ltr'>permutacione</span> <span class='ocrx_word' id='word_1_164' title='bbox 1626 1133 1748 1157; x_wconf 89' lang='lat' dir='ltr'>rerum</span> <span class='ocrx_word' id='word_1_165' title='bbox 1778 1128 1814 1156; x_wconf 91' lang='lat' dir='ltr'>et</span> <span class='ocrx_word' id='word_1_166' title='bbox 1830 1129 1868 1162; x_wconf 90' lang='lat'>15</span> 
     </span>
    </p>

    <p class='ocr_par' dir='ltr' id='par_1_23' title="bbox 481 1179 1814 1227">
     <span class='ocr_line' id='line_1_26' title="bbox 481 1179 1814 1227; baseline -0.002 -12"><span class='ocrx_word' id='word_1_167' title='bbox 481 1180 710 1223; x_wconf 87' lang='lat' dir='ltr'>vendicione,</span> <span class='ocrx_word' id='word_1_168' title='bbox 738 1180 1054 1225; x_wconf 88' lang='lat' dir='ltr'>inpignoracione,</span> <span class='ocrx_word' id='word_1_169' title='bbox 1081 1180 1281 1223; x_wconf 86' lang='lat' dir='ltr'>locacione,</span> <span class='ocrx_word' id='word_1_170' title='bbox 1306 1192 1398 1225; x_wconf 88' lang='lat' dir='ltr'>quas</span> <span class='ocrx_word' id='word_1_171' title='bbox 1424 1179 1814 1227; x_wconf 74' lang='lat' dir='ltr'>niercatoresdomini</span> 
     </span>
    </p>

    <p class='ocr_par' dir='ltr' id='par_1_24' title="bbox 480 1237 1993 1282">
     <span class='ocr_line' id='line_1_27' title="bbox 480 1237 1993 1282; baseline -0.002 -10"><span class='ocrx_word' id='word_1_172' title='bbox 480 1239 661 1273; x_wconf 89' lang='lat' dir='ltr'>bonorum</span> <span class='ocrx_word' id='word_1_173' title='bbox 679 1250 829 1273; x_wconf 89' lang='lat' dir='ltr'>suorum</span> <span class='ocrx_word' id='word_1_174' title='bbox 844 1238 889 1273; x_wconf 90' lang='lat' dir='ltr'>de</span> <span class='ocrx_word' id='word_1_175' title='bbox 904 1237 975 1273; x_wconf 90' lang='lat' dir='ltr'>illis</span> <span class='ocrx_word' id='word_1_176' title='bbox 991 1250 1055 1273; x_wconf 92' lang='lat' dir='ltr'>seu</span> <span class='ocrx_word' id='word_1_177' title='bbox 1068 1238 1104 1272; x_wconf 93' lang='lat' dir='ltr'>in</span> <span class='ocrx_word' id='word_1_178' title='bbox 1117 1238 1187 1273; x_wconf 92' lang='lat' dir='ltr'>illis</span> <span class='ocrx_word' id='word_1_179' title='bbox 1201 1244 1392 1282; x_wconf 88' lang='lat' dir='ltr'>exercent;</span> <span class='ocrx_word' id='word_1_180' title='bbox 1412 1244 1448 1273; x_wconf 90' lang='lat' dir='ltr'>et</span> <span class='ocrx_word' id='word_1_181' title='bbox 1463 1238 1509 1273; x_wconf 93' lang='lat' dir='ltr'>de</span> <span class='ocrx_word' id='word_1_182' title='bbox 1522 1237 1758 1282; x_wconf 88' lang='lat' dir='ltr'>proteccione</span> <span class='ocrx_word' id='word_1_183' title='bbox 1769 1247 1813 1271; x_wconf 93' lang='lat' dir='ltr'>ac</span> <span class='ocrx_word' id='word_1_184' title='bbox 1826 1238 1863 1270; x_wconf 84' lang='lat' dir='ltr'>de</span> <span class='ocrx_word' id='word_1_185' title='bbox 1879 1248 1945 1270; x_wconf 90' lang='lat' dir='ltr'>om.</span> <span class='ocrx_word' id='word_1_186' title='bbox 1963 1246 1993 1270; x_wconf 87' lang='grc' dir='ltr'>Β.</span> 
     </span>
    </p>

    <p class='ocr_par' dir='ltr' id='par_1_25' title="bbox 480 1295 1813 1341">
     <span class='ocr_line' id='line_1_28' title="bbox 480 1295 1813 1341; baseline -0.001 -11"><span class='ocrx_word' id='word_1_187' title='bbox 480 1296 714 1341; x_wconf 88' lang='lat' dir='ltr'>repeticione,</span> <span class='ocrx_word' id='word_1_188' title='bbox 733 1296 859 1341; x_wconf 90' lang='lat' dir='ltr'>quales</span> <span class='ocrx_word' id='word_1_189' title='bbox 877 1302 1094 1330; x_wconf 88' lang='lat' dir='ltr'>exercentur</span> <span class='ocrx_word' id='word_1_190' title='bbox 1116 1307 1183 1340; x_wconf 90' lang='lat' dir='ltr'>per</span> <span class='ocrx_word' id='word_1_191' title='bbox 1205 1295 1378 1329; x_wconf 89' lang='lat' dir='ltr'>dominos</span> <span class='ocrx_word' id='word_1_192' title='bbox 1396 1306 1404 1336; x_wconf 78' lang='grc' dir='ltr'><strong>ς</strong></span> <span class='ocrx_word' id='word_1_193' title='bbox 1432 1301 1468 1330; x_wconf 92' lang='lat' dir='ltr'>et</span> <span class='ocrx_word' id='word_1_194' title='bbox 1492 1295 1651 1330; x_wconf 89' lang='lat' dir='ltr'>breviter</span> <span class='ocrx_word' id='word_1_195' title='bbox 1669 1295 1715 1330; x_wconf 89' lang='lat' dir='ltr'>de</span> <span class='ocrx_word' id='word_1_196' title='bbox 1733 1306 1813 1329; x_wconf 89' lang='lat' dir='ltr'>om-</span> 
     </span>
    </p>

    <p class='ocr_par' dir='ltr' id='par_1_26' title="bbox 480 1346 1814 1398">
     <span class='ocr_line' id='line_1_29' title="bbox 480 1346 1814 1398; baseline -0.001 -10"><span class='ocrx_word' id='word_1_197' title='bbox 480 1354 588 1388; x_wconf 84' lang='lat' dir='ltr'>nibus</span> <span class='ocrx_word' id='word_1_198' title='bbox 606 1354 750 1389; x_wconf 89' lang='lat' dir='ltr'>actibus</span> <span class='ocrx_word' id='word_1_199' title='bbox 769 1353 1066 1398; x_wconf 87' lang='lat' dir='ltr'>competentibus</span> <span class='ocrx_word' id='word_1_200' title='bbox 1085 1352 1251 1388; x_wconf 87' lang='lat' dir='ltr'>dominio</span> <span class='ocrx_word' id='word_1_201' title='bbox 1269 1346 1437 1398; x_wconf 87' lang='lat' dir='ltr'>originali</span> <span class='ocrx_word' id='word_1_202' title='bbox 1452 1359 1488 1388; x_wconf 90' lang='lat' dir='ltr'>et</span> <span class='ocrx_word' id='word_1_203' title='bbox 1506 1354 1680 1396; x_wconf 83' lang='lat' dir='ltr'>humano,</span> <span class='ocrx_word' id='word_1_204' title='bbox 1695 1352 1814 1387; x_wconf 91' lang='lat' dir='ltr'>domi-</span> 
     </span>
    </p>

    <p class='ocr_par' dir='ltr' id='par_1_27' title="bbox 480 1410 1870 1457">
     <span class='ocr_line' id='line_1_30' title="bbox 480 1410 1870 1457; baseline -0.002 -11"><span class='ocrx_word' id='word_1_205' title='bbox 480 1411 551 1446; x_wconf 89' lang='lat' dir='ltr'>niis</span> <span class='ocrx_word' id='word_1_206' title='bbox 571 1423 663 1457; x_wconf 87' lang='lat' dir='ltr'>quos</span> <span class='ocrx_word' id='word_1_207' title='bbox 681 1412 727 1446; x_wconf 91' lang='lat' dir='ltr'>de</span> <span class='ocrx_word' id='word_1_208' title='bbox 745 1412 816 1446; x_wconf 89' lang='lat' dir='ltr'>illis</span> <span class='ocrx_word' id='word_1_209' title='bbox 835 1412 989 1456; x_wconf 90' lang='lat' dir='ltr'>loquens</span> <span class='ocrx_word' id='word_1_210' title='bbox 1008 1411 1045 1445; x_wconf 92' lang='lat' dir='ltr'>in</span> <span class='ocrx_word' id='word_1_211' title='bbox 1070 1411 1190 1456; x_wconf 88' lang='lat' dir='ltr'>primo</span> <span class='ocrx_word' id='word_1_212' title='bbox 1216 1410 1324 1445; x_wconf 90' lang='lat' dir='ltr'>huius</span> <span class='ocrx_word' id='word_1_213' title='bbox 1347 1422 1392 1445; x_wconf 91' lang='lat' dir='ltr'>ac</span> <span class='ocrx_word' id='word_1_214' title='bbox 1415 1410 1530 1445; x_wconf 88' lang='lat' dir='ltr'>tercio</span> <span class='ocrx_word' id='word_1_215' title='bbox 1555 1410 1814 1454; x_wconf 73' lang='lat' dir='ltr'>nominasti,—-</span> <span class='ocrx_word' id='word_1_216' title='bbox 1829 1420 1870 1443; x_wconf 91' lang='lat'>20</span> 
     </span>
    </p>

    <p class='ocr_par' dir='ltr' id='par_1_28' title="bbox 482 1467 1814 1514">
     <span class='ocr_line' id='line_1_31' title="bbox 482 1467 1814 1514; baseline -0.002 -10"><span class='ocrx_word' id='word_1_217' title='bbox 482 1470 573 1504; x_wconf 89' lang='lat' dir='ltr'>satis</span> <span class='ocrx_word' id='word_1_218' title='bbox 599 1469 728 1504; x_wconf 90' lang='lat' dir='ltr'>videor</span> <span class='ocrx_word' id='word_1_219' title='bbox 754 1469 867 1504; x_wconf 86' lang='lat' dir='ltr'>michi</span> <span class='ocrx_word' id='word_1_220' title='bbox 894 1469 1021 1504; x_wconf 89' lang='lat' dir='ltr'>videre</span> <span class='ocrx_word' id='word_1_221' title='bbox 1051 1469 1151 1514; x_wconf 89' lang='lat' dir='ltr'>quod</span> <span class='ocrx_word' id='word_1_222' title='bbox 1181 1475 1395 1513; x_wconf 89' lang='lat' dir='ltr'>competunt</span> <span class='ocrx_word' id='word_1_223' title='bbox 1425 1468 1523 1503; x_wconf 89' lang='lat' dir='ltr'>civili</span> <span class='ocrx_word' id='word_1_224' title='bbox 1554 1467 1720 1503; x_wconf 91' lang='lat' dir='ltr'>dominio</span> <span class='ocrx_word' id='word_1_225' title='bbox 1748 1479 1814 1502; x_wconf 92' lang='lat' dir='ltr'>suo</span> 
     </span>
    </p>

    <p class='ocr_par' dir='ltr' id='par_1_29' title="bbox 482 1525 1816 1562">
     <span class='ocr_line' id='line_1_32' title="bbox 482 1525 1816 1562; baseline -0.001 0"><span class='ocrx_word' id='word_1_226' title='bbox 482 1527 595 1562; x_wconf 84' lang='lat' dir='ltr'>modo</span> <span class='ocrx_word' id='word_1_227' title='bbox 624 1535 659 1562; x_wconf 90' lang='lat' dir='ltr'>et</span> <span class='ocrx_word' id='word_1_228' title='bbox 687 1528 756 1562; x_wconf 91' lang='lat' dir='ltr'>sub</span> <span class='ocrx_word' id='word_1_229' title='bbox 784 1539 873 1562; x_wconf 93' lang='lat' dir='ltr'>usus</span> <span class='ocrx_word' id='word_1_230' title='bbox 906 1527 1055 1562; x_wconf 90' lang='lat' dir='ltr'>nomine</span> <span class='ocrx_word' id='word_1_231' title='bbox 1089 1527 1334 1561; x_wconf 90' lang='lat' dir='ltr'>continentur.</span> <span class='ocrx_word' id='word_1_232' title='bbox 1387 1526 1501 1562; x_wconf 91' lang='lat' dir='ltr'>Unde</span> <span class='ocrx_word' id='word_1_233' title='bbox 1534 1525 1645 1561; x_wconf 91' lang='lat' dir='ltr'>michi</span> <span class='ocrx_word' id='word_1_234' title='bbox 1671 1525 1816 1560; x_wconf 89' lang='lat' dir='ltr'>videtur</span> 
     </span>
    </p>

    <p class='ocr_par' dir='ltr' id='par_1_30' title="bbox 484 1583 1814 1630">
     <span class='ocr_line' id='line_1_33' title="bbox 484 1583 1814 1630; baseline -0.001 -11"><span class='ocrx_word' id='word_1_235' title='bbox 484 1585 687 1619; x_wconf 88' lang='lat' dir='ltr'>dominium</span> <span class='ocrx_word' id='word_1_236' title='bbox 711 1585 976 1620; x_wconf 88' lang='lat' dir='ltr'>hereditarium</span> <span class='ocrx_word' id='word_1_237' title='bbox 995 1585 1072 1620; x_wconf 89' lang='lat' dir='ltr'>sive</span> <span class='ocrx_word' id='word_1_238' title='bbox 1090 1591 1287 1630; x_wconf 86' lang='lat' dir='ltr'>paternum</span> <span class='ocrx_word' id='word_1_239' title='bbox 1313 1584 1365 1618; x_wconf 91' lang='lat' dir='ltr'>ita</span> <span class='ocrx_word' id='word_1_240' title='bbox 1390 1595 1501 1629; x_wconf 90' lang='lat' dir='ltr'>posse</span> <span class='ocrx_word' id='word_1_241' title='bbox 1527 1583 1697 1627; x_wconf 90' lang='lat' dir='ltr'>describi,</span> <span class='ocrx_word' id='word_1_242' title='bbox 1716 1584 1814 1628; x_wconf 88' lang='lat' dir='ltr'>quod</span> 
     </span>
    </p>

    <p class='ocr_par' dir='ltr' id='par_1_31' title="bbox 481 1641 1813 1686">
     <span class='ocr_line' id='line_1_34' title="bbox 481 1641 1813 1686; baseline -0.002 -8"><span class='ocrx_word' id='word_1_243' title='bbox 481 1650 538 1678; x_wconf 88' lang='lat' dir='ltr'>est</span> <span class='ocrx_word' id='word_1_244' title='bbox 556 1643 754 1678; x_wconf 88' lang='lat' dir='ltr'>racionalis</span> <span class='ocrx_word' id='word_1_245' title='bbox 773 1649 940 1677; x_wconf 89' lang='lat' dir='ltr'>creature</span> <span class='ocrx_word' id='word_1_246' title='bbox 958 1642 1124 1677; x_wconf 88' lang='lat' dir='ltr'>mortalis</span> <span class='ocrx_word' id='word_1_247' title='bbox 1143 1643 1210 1685; x_wconf 90' lang='lat' dir='ltr'>ius,</span> <span class='ocrx_word' id='word_1_248' title='bbox 1230 1643 1307 1677; x_wconf 91' lang='lat' dir='ltr'>sive</span> <span class='ocrx_word' id='word_1_249' title='bbox 1325 1641 1527 1676; x_wconf 87' lang='lat' dir='ltr'>auctoritas</span> <span class='ocrx_word' id='word_1_250' title='bbox 1540 1641 1631 1686; x_wconf 87' lang='lat' dir='ltr'>legis</span> <span class='ocrx_word' id='word_1_251' title='bbox 1646 1641 1813 1686; x_wconf 87' lang='lat' dir='ltr'>positive,</span> 
     </span>
    </p>
   </div>
   <div class='ocr_carea' id='block_1_10' title="bbox 482 1699 2032 1746">
    <p class='ocr_par' dir='ltr' id='par_1_32' title="bbox 482 1699 2032 1746">
     <span class='ocr_line' id='line_1_35' title="bbox 482 1699 2032 1746; baseline -0.001 -11"><span class='ocrx_word' id='word_1_252' title='bbox 482 1701 596 1736; x_wconf 92' lang='lat' dir='ltr'>libere</span> <span class='ocrx_word' id='word_1_253' title='bbox 614 1700 828 1746; x_wconf 88' lang='lat' dir='ltr'>possidendi</span> <span class='ocrx_word' id='word_1_254' title='bbox 846 1701 1089 1736; x_wconf 86' lang='lat' dir='ltr'>hereditatem</span> <span class='ocrx_word' id='word_1_255' title='bbox 1108 1707 1303 1745; x_wconf 88' lang='lat' dir='ltr'>paternam</span> <span class='ocrx_word' id='word_1_256' title='bbox 1324 1699 1374 1744; x_wconf 90' lang='lat' dir='ltr'>(et</span> <span class='ocrx_word' id='word_1_257' title='bbox 1392 1711 1437 1734; x_wconf 90' lang='lat' dir='ltr'>ea</span> <span class='ocrx_word' id='word_1_258' title='bbox 1453 1700 1560 1744; x_wconf 91' lang='lat' dir='ltr'>plene</span> <span class='ocrx_word' id='word_1_259' title='bbox 1577 1699 1705 1734; x_wconf 91' lang='lat' dir='ltr'>utendi</span> <span class='ocrx_word' id='word_1_260' title='bbox 1724 1711 1812 1734; x_wconf 92' lang='lat' dir='ltr'>con-</span> <span class='ocrx_word' id='word_1_261' title='bbox 1825 1707 1855 1733; x_wconf 86' lang='lat' dir='ltr'>et</span> <span class='ocrx_word' id='word_1_262' title='bbox 1864 1712 1916 1733; x_wconf 83' lang='lat' dir='ltr'>ea.</span> <span class='ocrx_word' id='word_1_263' title='bbox 1928 1726 1935 1732; x_wconf 94' lang='lat'><em>.</em></span> <span class='ocrx_word' id='word_1_264' title='bbox 1947 1726 1954 1733; x_wconf 90' lang='lat'><strong>.</strong></span> <span class='ocrx_word' id='word_1_265' title='bbox 1967 1711 2032 1733; x_wconf 79' lang='lat' dir='ltr'>rac.</span> 
     </span>
    </p>
   </div>
   <div class='ocr_carea' id='block_1_11' title="bbox 480 1752 1950 1803">
    <p class='ocr_par' dir='ltr' id='par_1_33' title="bbox 480 1752 1950 1803">
     <span class='ocr_line' id='line_1_36' title="bbox 480 1752 1950 1803; baseline -0.001 -11"><span class='ocrx_word' id='word_1_266' title='bbox 480 1758 647 1793; x_wconf 87' lang='lat' dir='ltr'>formiter</span> <span class='ocrx_word' id='word_1_267' title='bbox 664 1757 819 1803; x_wconf 87' lang='lat' dir='ltr'>racioni)</span> <span class='ocrx_word' id='word_1_268' title='bbox 840 1770 884 1794; x_wconf 92' lang='lat' dir='ltr'>ac</span> <span class='ocrx_word' id='word_1_269' title='bbox 910 1758 1119 1793; x_wconf 89' lang='lat' dir='ltr'>dominium</span> <span class='ocrx_word' id='word_1_270' title='bbox 1145 1757 1195 1793; x_wconf 88' lang='lat' dir='ltr'>rei</span> <span class='ocrx_word' id='word_1_271' title='bbox 1222 1758 1358 1792; x_wconf 87' lang='lat' dir='ltr'>donate</span> <span class='ocrx_word' id='word_1_272' title='bbox 1377 1757 1454 1791; x_wconf 90' lang='lat' dir='ltr'>sive</span> <span class='ocrx_word' id='word_1_273' title='bbox 1472 1758 1614 1800; x_wconf 88' lang='lat' dir='ltr'>legate:</span> <span class='ocrx_word' id='word_1_274' title='bbox 1642 1762 1678 1791; x_wconf 91' lang='lat' dir='ltr'>et</span> <span class='ocrx_word' id='word_1_275' title='bbox 1697 1756 1748 1791; x_wconf 88' lang='lat' dir='ltr'>ita</span> <span class='ocrx_word' id='word_1_276' title='bbox 1766 1757 1813 1791; x_wconf 91' lang='lat' dir='ltr'>de</span> <span class='ocrx_word' id='word_1_277' title='bbox 1827 1755 1892 1777; x_wconf 75' lang='lat'>01¹²·</span> <span class='ocrx_word' id='word_1_278' title='bbox 1911 1752 1950 1776; x_wconf 87' lang='lat' dir='ltr'>M.</span> 
     </span>
    </p>
   </div>
   <div class='ocr_carea' id='block_1_12' title="bbox 480 1814 1869 2034">
    <p class='ocr_par' dir='ltr' id='par_1_34' title="bbox 480 1814 1869 2034">
     <span class='ocr_line' id='line_1_37' title="bbox 482 1814 1814 1861; baseline -0.002 -10"><span class='ocrx_word' id='word_1_279' title='bbox 482 1816 627 1859; x_wconf 90' lang='lat' dir='ltr'>ceteris,</span> <span class='ocrx_word' id='word_1_280' title='bbox 641 1816 792 1860; x_wconf 88' lang='lat' dir='ltr'>scilicet,</span> <span class='ocrx_word' id='word_1_281' title='bbox 807 1816 954 1861; x_wconf 86' lang='lat' dir='ltr'>emptis,</span> <span class='ocrx_word' id='word_1_282' title='bbox 969 1816 1219 1858; x_wconf 85' lang='lat' dir='ltr'>commutatis,</span> <span class='ocrx_word' id='word_1_283' title='bbox 1234 1814 1411 1849; x_wconf 88' lang='lat' dir='ltr'>laboricio</span> <span class='ocrx_word' id='word_1_284' title='bbox 1429 1826 1494 1849; x_wconf 90' lang='lat' dir='ltr'>seu</span> <span class='ocrx_word' id='word_1_285' title='bbox 1512 1814 1583 1849; x_wconf 92' lang='lat' dir='ltr'>alio</span> <span class='ocrx_word' id='word_1_286' title='bbox 1595 1824 1814 1859; x_wconf 89' lang='lat' dir='ltr'>quocunque</span> 
     </span>
     <span class='ocr_line' id='line_1_38' title="bbox 481 1872 1813 1919; baseline -0.002 -10"><span class='ocrx_word' id='word_1_287' title='bbox 481 1874 586 1919; x_wconf 85' lang='lat' dir='ltr'>legali</span> <span class='ocrx_word' id='word_1_288' title='bbox 615 1874 710 1909; x_wconf 87' lang='lat' dir='ltr'>iusto</span> <span class='ocrx_word' id='word_1_289' title='bbox 735 1875 839 1909; x_wconf 87' lang='lat' dir='ltr'>titulo</span> <span class='ocrx_word' id='word_1_290' title='bbox 865 1874 1067 1919; x_wconf 88' lang='lat' dir='ltr'>acquisitis,</span> <span class='ocrx_word' id='word_1_291' title='bbox 1086 1873 1199 1908; x_wconf 89' lang='lat' dir='ltr'>michi</span> <span class='ocrx_word' id='word_1_292' title='bbox 1219 1873 1363 1908; x_wconf 88' lang='lat' dir='ltr'>videtur</span> <span class='ocrx_word' id='word_1_293' title='bbox 1388 1873 1487 1917; x_wconf 90' lang='lat' dir='ltr'>quod</span> <span class='ocrx_word' id='word_1_294' title='bbox 1514 1872 1678 1917; x_wconf 88' lang='lat' dir='ltr'>ipsorum</span> <span class='ocrx_word' id='word_1_295' title='bbox 1696 1872 1813 1906; x_wconf 92' lang='lat' dir='ltr'>domi-</span> 
     </span>
     <span class='ocr_line' id='line_1_39' title="bbox 480 1929 1814 1976; baseline -0.002 -9"><span class='ocrx_word' id='word_1_296' title='bbox 480 1932 595 1975; x_wconf 92' lang='lat' dir='ltr'>nium,</span> <span class='ocrx_word' id='word_1_297' title='bbox 622 1932 751 1967; x_wconf 87' lang='lat' dir='ltr'>addita</span> <span class='ocrx_word' id='word_1_298' title='bbox 777 1932 990 1966; x_wconf 89' lang='lat' dir='ltr'>huiusmodi</span> <span class='ocrx_word' id='word_1_299' title='bbox 1017 1931 1233 1966; x_wconf 88' lang='lat' dir='ltr'>differencia</span> <span class='ocrx_word' id='word_1_300' title='bbox 1257 1942 1323 1976; x_wconf 89' lang='lat' dir='ltr'>per</span> <span class='ocrx_word' id='word_1_301' title='bbox 1347 1941 1460 1973; x_wconf 88' lang='lat' dir='ltr'>quam</span> <span class='ocrx_word' id='word_1_302' title='bbox 1485 1929 1673 1965; x_wconf 85' lang='lat' dir='ltr'>restriccio</span> <span class='ocrx_word' id='word_1_303' title='bbox 1699 1930 1738 1965; x_wconf 88' lang='lat' dir='ltr'>fit</span> <span class='ocrx_word' id='word_1_304' title='bbox 1765 1930 1814 1964; x_wconf 91' lang='lat' dir='ltr'>ad</span> 
     </span>
     <span class='ocr_line' id='line_1_40' title="bbox 481 1987 1869 2034; baseline -0.004 -9"><span class='ocrx_word' id='word_1_305' title='bbox 481 1990 757 2034; x_wconf 89' lang='lat' dir='ltr'>possessionem</span> <span class='ocrx_word' id='word_1_306' title='bbox 776 2001 898 2025; x_wconf 89' lang='lat' dir='ltr'>rerum</span> <span class='ocrx_word' id='word_1_307' title='bbox 916 1990 1072 2033; x_wconf 88' lang='lat' dir='ltr'>illarum,</span> <span class='ocrx_word' id='word_1_308' title='bbox 1091 1995 1248 2034; x_wconf 88' lang='lat' dir='ltr'>possunt</span> <span class='ocrx_word' id='word_1_309' title='bbox 1266 1987 1438 2024; x_wconf 86' lang='lat' dir='ltr'>describi.</span> <span class='ocrx_word' id='word_1_310' title='bbox 1828 1997 1869 2027; x_wconf 82' lang='lat'>30</span> 
     </span>
    </p>
   </div>
   <div class='ocr_carea' id='block_1_13' title="bbox 528 2102 2009 2147">
    <p class='ocr_par' dir='ltr' id='par_1_35' title="bbox 528 2102 2009 2147">
     <span class='ocr_line' id='line_1_41' title="bbox 528 2102 2009 2147; baseline -0.001 -7"><span class='ocrx_word' id='word_1_311' title='bbox 528 2107 760 2140; x_wconf 85' lang='lat' dir='ltr'><strong>RICARDUS.</strong></span> <span class='ocrx_word' id='word_1_312' title='bbox 790 2106 948 2140; x_wconf 89' lang='lat' dir='ltr'>Provide</span> <span class='ocrx_word' id='word_1_313' title='bbox 962 2106 1031 2139; x_wconf 92' lang='lat' dir='ltr'>hec</span> <span class='ocrx_word' id='word_1_314' title='bbox 1041 2105 1107 2139; x_wconf 91' lang='lat' dir='ltr'>tibi</span> <span class='ocrx_word' id='word_1_315' title='bbox 1127 2104 1300 2139; x_wconf 89' lang='lat' dir='ltr'>videntur</span> <span class='ocrx_word' id='word_1_316' title='bbox 1318 2116 1325 2138; x_wconf 90' lang='lat'>:</span> <span class='ocrx_word' id='word_1_317' title='bbox 1345 2110 1380 2139; x_wconf 91' lang='lat' dir='ltr'>et</span> <span class='ocrx_word' id='word_1_318' title='bbox 1397 2102 1662 2138; x_wconf 87' lang='lat' dir='ltr'>nichilominus</span> <span class='ocrx_word' id='word_1_319' title='bbox 1673 2114 1717 2137; x_wconf 89' lang='lat' dir='ltr'>ex</span> <span class='ocrx_word' id='word_1_320' title='bbox 1730 2114 1811 2147; x_wconf 84' lang='lat' dir='ltr'>pre·</span> <span class='ocrx_word' id='word_1_321' title='bbox 1825 2110 1926 2142; x_wconf 85' lang='lat' dir='ltr'><em>XVI.</em></span> <span class='ocrx_word' id='word_1_322' title='bbox 1944 2120 2009 2142; x_wconf 84' lang='lat' dir='ltr'>om,</span> 
     </span>
    </p>
   </div>
   <div class='ocr_carea' id='block_1_14' title="bbox 479 2154 2083 2239">
    <p class='ocr_par' dir='ltr' id='par_1_36' title="bbox 479 2154 2083 2239">
     <span class='ocr_line' id='line_1_42' title="bbox 479 2154 2083 2239; baseline -0.003 -41"><span class='ocrx_word' id='word_1_323' title='bbox 479 2164 605 2198; x_wconf 87' lang='lat' dir='ltr'>missis</span> <span class='ocrx_word' id='word_1_324' title='bbox 618 2164 654 2198; x_wconf 88' lang='lat' dir='ltr'>in</span> <span class='ocrx_word' id='word_1_325' title='bbox 667 2175 888 2208; x_wconf 90' lang='lat' dir='ltr'>quocunque</span> <span class='ocrx_word' id='word_1_326' title='bbox 899 2174 1033 2207; x_wconf 89' lang='lat' dir='ltr'>genere</span> <span class='ocrx_word' id='word_1_327' title='bbox 1046 2163 1180 2197; x_wconf 89' lang='lat' dir='ltr'>adiecti</span> <span class='ocrx_word' id='word_1_328' title='bbox 1194 2161 1345 2196; x_wconf 88' lang='lat' dir='ltr'>dominii</span> <span class='ocrx_word' id='word_1_329' title='bbox 1359 2168 1466 2206; x_wconf 92' lang='lat' dir='ltr'>potes</span> <span class='ocrx_word' id='word_1_330' title='bbox 1478 2160 1703 2205; x_wconf 89' lang='lat' dir='ltr'>perpendere</span> <span class='ocrx_word' id='word_1_331' title='bbox 1712 2161 1811 2205; x_wconf 91' lang='lat' dir='ltr'>quod</span> <span class='ocrx_word' id='word_1_332' title='bbox 1823 2154 2029 2239; x_wconf 45' lang='grc' dir='ltr'>Ξ-ᾏίὲῑὲὃῑῐῑιίῡέἶ,</span> <span class='ocrx_word' id='word_1_333' title='bbox 2081 2163 2083 2209; x_wconf 68' lang='lat' dir='ltr'><em>J</em></span> 
     </span>
     <span class='ocr_line' id='line_1_43' title="bbox 1847 2212 2083 2236; baseline 0 -9"><span class='ocrx_word' id='word_1_334' title='bbox 1847 2221 1854 2227; x_wconf 73' lang='grc' dir='ltr'>ι</span> <span class='ocrx_word' id='word_1_335' title='bbox 1929 2220 1938 2236; x_wconf 71' lang='grc'>,</span> <span class='ocrx_word' id='word_1_336' title='bbox 1970 2221 1976 2227; x_wconf 75' lang='grc' dir='ltr'>ι</span> <span class='ocrx_word' id='word_1_337' title='bbox 2024 2219 2031 2227; x_wconf 74' lang='lat' dir='ltr'>u</span> <span class='ocrx_word' id='word_1_338' title='bbox 2081 2212 2083 2221; x_wconf 61' lang='lat'><em>7</em></span> 
     </span>
    </p>
   </div>
   <div class='ocr_carea' id='block_1_15' title="bbox 479 2275 1868 2839">
    <p class='ocr_par' dir='ltr' id='par_1_37' title="bbox 479 2275 1868 2839">
     <span class='ocr_line' id='line_1_44' title="bbox 479 2275 1812 2321; baseline -0.002 -7"><span class='ocrx_word' id='word_1_339' title='bbox 479 2279 689 2314; x_wconf 90' lang='lat' dir='ltr'>necessario</span> <span class='ocrx_word' id='word_1_340' title='bbox 713 2286 768 2314; x_wconf 88' lang='lat' dir='ltr'>set</span> <span class='ocrx_word' id='word_1_341' title='bbox 785 2278 988 2313; x_wconf 87' lang='lat' dir='ltr'>voluntarie</span> <span class='ocrx_word' id='word_1_342' title='bbox 1013 2277 1179 2313; x_wconf 90' lang='lat' dir='ltr'>dominio</span> <span class='ocrx_word' id='word_1_343' title='bbox 1202 2276 1370 2321; x_wconf 87' lang='lat' dir='ltr'>originali</span> <span class='ocrx_word' id='word_1_344' title='bbox 1390 2275 1619 2320; x_wconf 82' lang='lat' dir='ltr'>annectitur3</span> <span class='ocrx_word' id='word_1_345' title='bbox 1648 2287 1732 2310; x_wconf 89' lang='lat' dir='ltr'>cum</span> <span class='ocrx_word' id='word_1_346' title='bbox 1750 2288 1812 2311; x_wconf 89' lang='lat' dir='ltr'>vo-</span> 
     </span>
     <span class='ocr_line' id='line_1_45' title="bbox 481 2333 1866 2381; baseline -0.002 -10"><span class='ocrx_word' id='word_1_347' title='bbox 481 2337 679 2372; x_wconf 89' lang='lat' dir='ltr'>luntarium</span> <span class='ocrx_word' id='word_1_348' title='bbox 711 2337 757 2371; x_wconf 90' lang='lat' dir='ltr'>sit</span> <span class='ocrx_word' id='word_1_349' title='bbox 788 2336 920 2381; x_wconf 90' lang='lat' dir='ltr'>cuique</span> <span class='ocrx_word' id='word_1_350' title='bbox 955 2337 1027 2371; x_wconf 86' lang='lat' dir='ltr'>tale</span> <span class='ocrx_word' id='word_1_351' title='bbox 1062 2335 1269 2370; x_wconf 89' lang='lat' dir='ltr'>dominium</span> <span class='ocrx_word' id='word_1_352' title='bbox 1299 2341 1493 2379; x_wconf 84' lang='lat' dir='ltr'>acceptare</span> <span class='ocrx_word' id='word_1_353' title='bbox 1522 2333 1598 2368; x_wconf 88' lang='lat' dir='ltr'>sive</span> <span class='ocrx_word' id='word_1_354' title='bbox 1628 2345 1812 2378; x_wconf 90' lang='lat' dir='ltr'>respuere,</span> <span class='ocrx_word' id='word_1_355' title='bbox 1827 2341 1866 2374; x_wconf 83' lang='lat'>35</span> 
     </span>
     <span class='ocr_line' id='line_1_46' title="bbox 481 2390 1812 2440; baseline -0.002 -11"><span class='ocrx_word' id='word_1_356' title='bbox 481 2395 631 2440; x_wconf 87' lang='lat' dir='ltr'>quando</span> <span class='ocrx_word' id='word_1_357' title='bbox 650 2401 713 2429; x_wconf 87' lang='lat' dir='ltr'>aut</span> <span class='ocrx_word' id='word_1_358' title='bbox 731 2394 1004 2429; x_wconf 87' lang='lat' dir='ltr'>hereditacione</span> <span class='ocrx_word' id='word_1_359' title='bbox 1021 2400 1084 2428; x_wconf 91' lang='lat' dir='ltr'>aut</span> <span class='ocrx_word' id='word_1_360' title='bbox 1102 2393 1332 2428; x_wconf 89' lang='lat' dir='ltr'>mercacione</span> <span class='ocrx_word' id='word_1_361' title='bbox 1346 2398 1408 2426; x_wconf 90' lang='lat' dir='ltr'>aut</span> <span class='ocrx_word' id='word_1_362' title='bbox 1426 2390 1728 2426; x_wconf 89' lang='lat' dir='ltr'>remuneracione</span> <span class='ocrx_word' id='word_1_363' title='bbox 1748 2403 1812 2426; x_wconf 89' lang='lat' dir='ltr'>seu</span> 
     </span>
     <span class='ocr_line' id='line_1_47' title="bbox 480 2448 1812 2497; baseline -0.002 -10"><span class='ocrx_word' id='word_1_364' title='bbox 480 2452 669 2497; x_wconf 86' lang='lat' dir='ltr'>legacione</span> <span class='ocrx_word' id='word_1_365' title='bbox 702 2458 764 2487; x_wconf 91' lang='lat' dir='ltr'>aut</span> <span class='ocrx_word' id='word_1_366' title='bbox 798 2451 1077 2497; x_wconf 89' lang='lat' dir='ltr'>permutacione</span> <span class='ocrx_word' id='word_1_367' title='bbox 1105 2461 1170 2485; x_wconf 89' lang='lat' dir='ltr'>seu</span> <span class='ocrx_word' id='word_1_368' title='bbox 1204 2449 1483 2485; x_wconf 86' lang='lat' dir='ltr'>mendicacione</span> <span class='ocrx_word' id='word_1_369' title='bbox 1515 2449 1572 2483; x_wconf 93' lang='lat' dir='ltr'>vel</span> <span class='ocrx_word' id='word_1_370' title='bbox 1605 2448 1812 2484; x_wconf 89' lang='lat' dir='ltr'>donacione</span> 
     </span>
     <span class='ocr_line' id='line_1_48' title="bbox 480 2507 1812 2555; baseline -0.003 -10"><span class='ocrx_word' id='word_1_371' title='bbox 480 2510 688 2555; x_wconf 89' lang='lat' dir='ltr'>acquiritur.</span> <span class='ocrx_word' id='word_1_372' title='bbox 743 2510 927 2554; x_wconf 88' lang='lat' dir='ltr'>Scriptum</span> <span class='ocrx_word' id='word_1_373' title='bbox 939 2516 994 2544; x_wconf 90' lang='lat' dir='ltr'>est</span> <span class='ocrx_word' id='word_1_374' title='bbox 1008 2508 1119 2552; x_wconf 89' lang='lat' dir='ltr'>enim,</span> <span class='ocrx_word' id='word_1_375' title='bbox 1138 2508 1230 2543; x_wconf 83' lang='lat' dir='ltr'>Cedo</span> <span class='ocrx_word' id='word_1_376' title='bbox 1243 2507 1662 2552; x_wconf 49' lang='lat' dir='ltr'>iuripropinquitati&amp;</span> <span class='ocrx_word' id='word_1_377' title='bbox 1677 2509 1720 2540; x_wconf 79' lang='lat' dir='ltr'>tu</span> <span class='ocrx_word' id='word_1_378' title='bbox 1734 2518 1812 2541; x_wconf 85' lang='lat' dir='ltr'>meo</span> 
     </span>
     <span class='ocr_line' id='line_1_49' title="bbox 481 2561 1809 2613; baseline -0.005 -11"><span class='ocrx_word' id='word_1_379' title='bbox 481 2572 583 2602; x_wconf 77' lang='lat' dir='ltr'>utere</span> <span class='ocrx_word' id='word_1_380' title='bbox 604 2569 814 2613; x_wconf 72' lang='lat' dir='ltr'>privilegio</span> <span class='ocrx_word' id='word_1_381' title='bbox 843 2578 915 2612; x_wconf 81' lang='lat' dir='ltr'>quo</span> <span class='ocrx_word' id='word_1_382' title='bbox 942 2578 999 2600; x_wconf 84' lang='lat' dir='ltr'>me</span> <span class='ocrx_word' id='word_1_383' title='bbox 1023 2571 1141 2600; x_wconf 75' lang='lat' dir='ltr'>lacere</span> <span class='ocrx_word' id='word_1_384' title='bbox 1166 2566 1321 2600; x_wconf 77' lang='lat' dir='ltr'>libenter</span> <span class='ocrx_word' id='word_1_385' title='bbox 1338 2565 1521 2610; x_wconf 70' lang='lat' dir='ltr'>profiteor</span> <span class='ocrx_word' id='word_1_386' title='bbox 1546 2564 1663 2608; x_wconf 88' lang='lat' dir='ltr'>(Ruth</span> <span class='ocrx_word' id='word_1_387' title='bbox 1682 2563 1727 2597; x_wconf 91' lang='lat' dir='ltr'>iv.</span> <span class='ocrx_word' id='word_1_388' title='bbox 1745 2561 1782 2606; x_wconf 85' lang='lat'>6)</span> <span class='ocrx_word' id='word_1_389' title='bbox 1801 2573 1809 2597; x_wconf 74' lang='grc' dir='ltr'><strong><em>ε</em></strong></span> 
     </span>
     <span class='ocr_line' id='line_1_50' title="bbox 480 2620 1868 2670; baseline -0.006 -9"><span class='ocrx_word' id='word_1_390' title='bbox 480 2626 542 2660; x_wconf 92' lang='lat' dir='ltr'>ubi</span> <span class='ocrx_word' id='word_1_391' title='bbox 568 2632 714 2661; x_wconf 88' lang='lat' dir='ltr'>constat</span> <span class='ocrx_word' id='word_1_392' title='bbox 740 2626 839 2670; x_wconf 91' lang='lat' dir='ltr'>quod</span> <span class='ocrx_word' id='word_1_393' title='bbox 866 2624 1072 2659; x_wconf 90' lang='lat' dir='ltr'>dominium</span> <span class='ocrx_word' id='word_1_394' title='bbox 1097 2623 1361 2658; x_wconf 88' lang='lat' dir='ltr'>hereditarium</span> <span class='ocrx_word' id='word_1_395' title='bbox 1387 2622 1505 2656; x_wconf 87' lang='lat' dir='ltr'>fuerat</span> <span class='ocrx_word' id='word_1_396' title='bbox 1530 2621 1755 2662; x_wconf 88' lang='lat' dir='ltr'>abdicatum,</span> <span class='ocrx_word' id='word_1_397' title='bbox 1781 2620 1810 2654; x_wconf 88' lang='lat' dir='ltr'>si</span> <span class='ocrx_word' id='word_1_398' title='bbox 1825 2631 1868 2662; x_wconf 92' lang='lat'>40</span> 
     </span>
     <span class='ocr_line' id='line_1_51' title="bbox 481 2678 1811 2727; baseline -0.004 -10"><span class='ocrx_word' id='word_1_399' title='bbox 481 2684 539 2718; x_wconf 90' lang='lat' dir='ltr'>ille</span> <span class='ocrx_word' id='word_1_400' title='bbox 558 2683 763 2718; x_wconf 85' lang='lat' dir='ltr'>dominium</span> <span class='ocrx_word' id='word_1_401' title='bbox 782 2682 883 2727; x_wconf 89' lang='lat' dir='ltr'>prius</span> <span class='ocrx_word' id='word_1_402' title='bbox 901 2683 1083 2724; x_wconf 85' lang='lat' dir='ltr'>habebat3</span> <span class='ocrx_word' id='word_1_403' title='bbox 1112 2681 1141 2716; x_wconf 91' lang='lat' dir='ltr'>si</span> <span class='ocrx_word' id='word_1_404' title='bbox 1160 2692 1248 2716; x_wconf 89' lang='lat' dir='ltr'>vero</span> <span class='ocrx_word' id='word_1_405' title='bbox 1266 2692 1339 2715; x_wconf 91' lang='lat' dir='ltr'>non</span> <span class='ocrx_word' id='word_1_406' title='bbox 1358 2679 1487 2714; x_wconf 84' lang='lat' dir='ltr'>habuit</span> <span class='ocrx_word' id='word_1_407' title='bbox 1505 2678 1574 2713; x_wconf 89' lang='lat' dir='ltr'>nisi</span> <span class='ocrx_word' id='word_1_408' title='bbox 1594 2678 1649 2714; x_wconf 90' lang='lat' dir='ltr'>ius</span> <span class='ocrx_word' id='word_1_409' title='bbox 1660 2678 1811 2723; x_wconf 90' lang='lat' dir='ltr'>propin-</span> 
     </span>
     <span class='ocr_line' id='line_1_52' title="bbox 480 2735 1811 2786; baseline -0.005 -10"><span class='ocrx_word' id='word_1_410' title='bbox 480 2741 642 2786; x_wconf 89' lang='lat' dir='ltr'>quitatis,</span> <span class='ocrx_word' id='word_1_411' title='bbox 661 2741 898 2785; x_wconf 87' lang='lat' dir='ltr'>consequitur</span> <span class='ocrx_word' id='word_1_412' title='bbox 911 2740 1010 2785; x_wconf 91' lang='lat' dir='ltr'>quod</span> <span class='ocrx_word' id='word_1_413' title='bbox 1029 2740 1076 2773; x_wconf 91' lang='lat' dir='ltr'>ad</span> <span class='ocrx_word' id='word_1_414' title='bbox 1096 2739 1183 2774; x_wconf 90' lang='lat' dir='ltr'>illud</span> <span class='ocrx_word' id='word_1_415' title='bbox 1203 2739 1257 2773; x_wconf 88' lang='lat' dir='ltr'>ius</span> <span class='ocrx_word' id='word_1_416' title='bbox 1273 2749 1345 2772; x_wconf 91' lang='lat' dir='ltr'>non</span> <span class='ocrx_word' id='word_1_417' title='bbox 1360 2737 1524 2782; x_wconf 87' lang='lat' dir='ltr'>sequitur</span> <span class='ocrx_word' id='word_1_418' title='bbox 1537 2735 1606 2771; x_wconf 91' lang='lat' dir='ltr'>nisi</span> <span class='ocrx_word' id='word_1_419' title='bbox 1623 2735 1811 2770; x_wconf 89' lang='lat' dir='ltr'>mediante</span> 
     </span>
     <span class='ocr_line' id='line_1_53' title="bbox 480 2792 1809 2839; baseline -0.005 -6"><span class='ocrx_word' id='word_1_420' title='bbox 480 2800 668 2834; x_wconf 88' lang='lat' dir='ltr'>voluntate</span> <span class='ocrx_word' id='word_1_421' title='bbox 688 2798 905 2833; x_wconf 82' lang='lat' dir='ltr'>dominium.</span> <span class='ocrx_word' id='word_1_422' title='bbox 957 2796 1172 2832; x_wconf 88' lang='lat' dir='ltr'>Dominium</span> <span class='ocrx_word' id='word_1_423' title='bbox 1201 2802 1323 2831; x_wconf 89' lang='lat' dir='ltr'>autem</span> <span class='ocrx_word' id='word_1_424' title='bbox 1351 2795 1529 2839; x_wconf 88' lang='lat' dir='ltr'>originale</span> <span class='ocrx_word' id='word_1_425' title='bbox 1554 2792 1717 2828; x_wconf 88' lang='lat' dir='ltr'>abdicari</span> <span class='ocrx_word' id='word_1_426' title='bbox 1736 2803 1809 2827; x_wconf 91' lang='lat' dir='ltr'>non</span> 
     </span>
    </p>
   </div>
   <div class='ocr_carea' id='block_1_16' title="bbox 2080 1817 2084 2483">
    <p class='ocr_par' dir='ltr' id='par_1_38' title="bbox 2080 1817 2084 2483">
     <span class='ocr_line' id='line_1_54' title="bbox 2080 1817 2084 2483; baseline 0 0"><span class='ocrx_word' id='word_1_427' title='bbox 2080 1817 2084 2483; x_wconf 95' lang='lat' dir='ltr'> </span> 
     </span>
    </p>
   </div>
   <div class='ocr_carea' id='block_1_17' title="bbox 2076 2685 2080 3278">
    <p class='ocr_par' dir='ltr' id='par_1_39' title="bbox 2076 2685 2080 3278">
     <span class='ocr_line' id='line_1_55' title="bbox 2076 2685 2080 3278; baseline 0 0"><span class='ocrx_word' id='word_1_428' title='bbox 2076 2685 2080 3278; x_wconf 95' lang='lat' dir='ltr'> </span> 
     </span>
    </p>
   </div>
  </div>
 </body>
</html>
