2095 3278
56 163 285 216 CAP.XV11.]
621 169 685 201 DE
717 168 958 202 PAUPERIE
991 166 1303 200 SALVATORIS.
1789 168 1813 211 3
1818 163 1872 210 59

164 274 259 316 200]
272 275 396 320 gracia
427 285 493 310 sua
522 273 708 318 originalis
742 284 816 308 non
846 278 925 307 tota
955 277 1010 307 set
1039 272 1076 306 in
1106 278 1210 316 parte
1240 271 1309 306 sibi
1338 270 1457 306 suerat
1486 270 1596 305 recol-

272 334 360 376 lata,
387 343 471 367 cum
500 331 625 376 gracia
652 330 767 375 (iuxta
795 329 990 375 premissa)
1019 330 1065 364 sit
1094 329 1314 374 principium
1343 328 1500 363 formale
1530 328 1596 362 do-

272 389 386 432 minii,
401 389 551 424 omnino
570 388 808 434 consequitur
825 387 925 433 quod
943 387 1149 422 dominium
1168 386 1205 421 in
1223 385 1460 422 restitucione
1478 386 1598 420 fuerat

227 454 260 483 D
275 446 541 492 sincorpatum.

320 507 407 539 RIC.
433 506 520 539 Non
538 504 683 540 videtur
705 503 816 538 michi
834 514 901 548 par
922 502 1022 537 racio
1041 502 1087 537 de
1104 501 1229 546 gracia
1247 507 1283 536 et
1305 501 1469 546 corporis
1493 500 1598 535 liber-

242 568 370 608 5tate:
398 562 517 607 primo
542 562 692 607 quidem
718 561 892 606 quoniam
917 571 991 594 non
1016 566 1094 595 tota
1119 559 1317 604 corporalis
1344 559 1421 593 eius
1448 559 1598 593 libertas
1612 570 1634 619 ἕ·
1657 559 1713 619 Ιέῑε
1726 559 1824 592 bodily

272 621 338 655 fuit
356 632 422 665 per
437 626 632 665 peccatum
653 619 801 662 amissa,
822 625 876 653 set
899 618 1016 653 fuerat
1042 617 1237 652 imminuta
1254 628 1319 661 per
1340 623 1508 660 mortem,
1529 616 1599 651 sci-
1611 602 1736 665 Γὲἶῗοῗεᾞ
1749 598 1868 653 31²3?OE

273 677 369 721 licet,
387 689 453 722 per
469 677 596 712 mortis
614 677 885 720 necessitatem,
904 675 1010 710 sicuti
1028 675 1110 709 Ade
1134 686 1200 719 pro
1218 686 1314 719 pena
1331 686 1354 708 a
1373 675 1455 709 Deo
1480 674 1600 709 fuerat
1612 666 1752 693 ent¹‘e‘y;

55 746 231 774 commuta·
274 735 561 779 comminatum
587 736 636 769 In
649 745 871 779 quacunque
884 734 943 768 die
953 745 1000 767 ex
1010 744 1050 767 eo
1068 733 1276 774 comederis,
1294 735 1411 766 morte
1429 733 1602 766 morieris

56 791 128 817 tum
142 793 172 817 Β·
276 793 386 837 (Gen.
405 793 439 828 ii.
462 792 517 837 17)
536 804 544 828 :
572 804 617 827 ex
633 804 706 838 quo
725 792 834 836 dicto,
852 798 891 827 ut
908 798 1009 836 puto,
1027 789 1169 835 accepit
1187 791 1377 834 apostolus
1396 789 1484 824 illud
1502 789 1600 834 quod

223 864 263 888 10
275 851 374 893 dicit,
403 851 600 885 statutum
628 854 683 884 est
712 849 925 885 hominibus
949 849 1063 883 semel
1089 848 1188 882 mori
1218 847 1281 892 (ad
1311 847 1427 882 Hebr.
1455 847 1499 881 ix.
1528 847 1600 891 27).

274 911 404 945 Stante
428 920 516 943 vero
548 908 769 944 necessitate
798 907 999 953 corporalis
1026 905 1168 948 mortis,
1197 916 1271 940 non
1299 905 1418 950 potuit
1447 905 1599 940 libertas

273 966 476 1011 corporalis
494 967 604 1011 plena
626 966 767 1001 restitui
786 978 793 1001 :
818 965 943 1010 gracia
959 976 1057 1009 vero,
1078 965 1124 999 de
1142 976 1214 1009 qua
1236 963 1431 1008 loquimur,
1451 963 1600 1005 scilicet,

272 1024 432 1059 reddens
462 1023 650 1058 hominem
679 1024 762 1059 Deo
788 1030 933 1068 gratum
960 1033 1026 1057 seu
1051 1033 1179 1056 carum
1203 1022 1253 1056 ad
1278 1021 1393 1056 vitam
1423 1027 1599 1063 eternam,

273 1081 340 1116 fuit
358 1081 395 1115 in
411 1087 488 1116 toto
513 1081 652 1116 amissa
670 1092 736 1126 per
760 1087 955 1126 peccatum
981 1080 1244 1123 commissum;
1272 1078 1449 1113 naturalis
1473 1085 1599 1113 tamen

57 1144 250 1176 minuatum
274 1139 339 1174 fuit
354 1139 435 1174 Ade
453 1151 520 1184 pro
537 1146 691 1184 peccato
710 1139 889 1174 inflictum
902 1138 979 1174 sive
993 1138 1185 1181 minatum,
1201 1137 1301 1182 quod
1315 1137 1424 1171 istam
1437 1136 1600 1181 graciam

58 1196 89 1226 B,
104 1199 124 1219 a
139 1193 248 1220 autem
275 1197 482 1232 necessario
497 1197 706 1232 excluderet
724 1196 801 1232 sive
819 1196 1011 1239 minueret,
1024 1207 1108 1230 cum
1121 1195 1360 1240 postmodum
1375 1194 1444 1229 sibi
1463 1206 1507 1229 ac
1525 1193 1600 1229 suis

57 1241 160 1264 &³³⁰⁰
273 1255 381 1290 fuerit
401 1255 582 1290 restituta.
633 1256 814 1299 Quamvis
839 1255 939 1290 enim
965 1253 1187 1299 dampnacio
1214 1253 1320 1288 fuerit
1346 1264 1491 1287 annexa
1515 1263 1600 1297 pec-

276 1319 371 1357 cam,
389 1319 515 1348 tamen
533 1324 608 1347 non
625 1313 835 1348 necessario
852 1313 1078 1356 nectebatur,
1094 1317 1149 1346 set
1169 1311 1236 1346 sub
1255 1310 1474 1345 condicione
1493 1310 1602 1345 satis-

274 1371 451 1405 faccionis
480 1371 661 1405 remansit
693 1370 933 1415 postmodum
963 1382 1028 1415 per
1055 1369 1259 1405 Dominum
1284 1375 1451 1403 nostrum
1478 1369 1603 1403 Iesum

223 1442 263 1463 20
278 1428 468 1463 Christum
486 1429 631 1463 sublata
645 1440 653 1473 ς
681 1434 716 1463 et
735 1428 783 1463 ob
801 1428 873 1463 hoc
889 1428 1014 1473 gracia
1028 1428 1187 1463 debebat
1201 1426 1353 1469 restitui,
1369 1425 1455 1471 quia
1467 1426 1546 1460 sine
1559 1437 1603 1460 ea

275 1486 376 1521 salus
394 1498 476 1521 esse
493 1498 567 1521 non
590 1493 728 1531 posset.
775 1487 885 1532 Quod
911 1493 1034 1521 autem
1059 1492 1137 1521 tota
1162 1486 1322 1521 debebat
1343 1484 1498 1527 restitui,
1517 1484 1603 1518 inde
1616 1497 1640 1513 2-
1658 1487 1709 1513 but
1728 1496 1811 1520 grace
1825 1496 1882 1513 was

276 1550 390 1589 patet,
416 1543 591 1589 quoniam
617 1544 647 1579 si
673 1544 793 1579 minor
817 1544 943 1589 gracia
968 1544 1039 1579 sibi
1069 1544 1240 1580 restituta
1270 1543 1399 1578 fuisset
1427 1553 1540 1587 quam
1566 1541 1603 1576 in
1616 1522 1740 1548 resmred
1754 1521 1853 1552 whole,

277 1603 471 1647 peccando
501 1601 723 1647 perdiderat,
756 1609 882 1637 tamen
910 1603 1115 1637 secundum
1141 1602 1300 1646 gradum
1327 1607 1363 1636 et
1390 1610 1605 1635 mensuram

277 1660 401 1703 gracie
419 1660 623 1695 debebatur
640 1660 758 1704 gloria
776 1672 840 1695 seu
857 1660 932 1695 vita
949 1666 1087 1703 eterna,
1105 1659 1262 1704 gloriam
1284 1658 1466 1693 minorem
1489 1658 1605 1692 habu-

225 1728 262 1760 25
278 1717 365 1753 isset
393 1718 589 1753 discedens
618 1717 654 1752 in
683 1717 808 1763 gracia
838 1718 899 1752 illa
929 1718 1092 1752 secunda
1118 1729 1228 1762 quam
1263 1717 1292 1751 si
1319 1716 1540 1751 decessisset
1567 1716 1604 1750 in

276 1775 408 1820 prima.
447 1777 532 1810 Hoc
548 1782 672 1811 autem
685 1787 761 1810 non
775 1782 896 1820 potest
909 1775 1107 1811 convenire
1121 1775 1246 1810 divine
1261 1774 1414 1817 iusticie,
1429 1773 1605 1819 quoniam

276 1845 344 1878 pro
360 1840 518 1878 peccato
536 1845 603 1868 suo
623 1833 750 1869 debuit
768 1833 805 1868 in
822 1834 893 1868 hac
912 1833 987 1868 vita
1002 1845 1068 1878 per
1084 1844 1170 1868 eum
1188 1844 1253 1868 seu
1277 1844 1343 1878 per
1360 1832 1473 1867 alium
1498 1831 1604 1866 satis-

276 1891 479 1926 faccionem
496 1892 645 1936 plenam
664 1891 888 1936 inpendere;
916 1891 1025 1936 igitur
1041 1902 1115 1926 non
1134 1891 1261 1926 debuit
1276 1897 1360 1935 post
1379 1889 1604 1925 satisfaccio-

276 1960 363 1984 nem
389 1949 596 1994 impensam
623 1960 689 1994 pro
719 1949 919 1984 commisso
941 1955 1095 1994 peccato
1122 1948 1254 1994 puniri.
1300 1947 1455 1983 Punitus
1480 1954 1604 1982 autem

224 2021 266 2053 30
278 2007 417 2049 fuisset,
437 2006 466 2041 si
484 2006 536 2042 sic
555 2018 639 2042 cum
655 2018 699 2042 eo
716 2007 844 2042 fuisset
861 2013 997 2051 actum,
1016 2007 1191 2052 quoniam
1214 2006 1437 2051 perdidisset
1460 2012 1604 2051 partem

276 2065 389 2108 glorie
407 2064 477 2100 sibi
496 2065 597 2110 prius
615 2065 739 2100 debite
756 2077 822 2110 per
842 2065 1007 2110 graciam
1032 2064 1132 2110 prius
1158 2064 1326 2099 habitam
1353 2071 1388 2099 et
1414 2064 1604 2106 amissam,

278 2122 452 2167 quoniam
470 2122 592 2156 minor
611 2122 728 2167 gloria
752 2122 886 2157 minori
910 2123 1034 2167 gracie
1059 2122 1346 2167 correspondet:
1374 2121 1498 2164 immo,
1519 2132 1604 2155 con-

278 2180 443 2225 sequitur
460 2181 559 2225 quod
584 2187 671 2215 ante
693 2180 938 2225 adepcionem
955 2180 1071 2225 glorie
1096 2192 1172 2215 non
1197 2180 1326 2215 fuisset
1351 2190 1417 2224 pro
1436 2191 1503 2213 suo
1520 2189 1605 2223 pec-

278 2244 361 2272 cato
379 2238 520 2282 integre
538 2238 780 2281 satisfactum,
795 2245 850 2273 set
867 2245 1075 2273 remaneret
1094 2249 1159 2284 per
1176 2237 1472 2272 subtraccionem
1491 2236 1605 2281 glorie

225 2304 265 2337 35
280 2296 512 2340 puniendus;
540 2307 696 2341 quorum
713 2302 906 2341 utrumque
929 2303 1109 2341 repugnat
1136 2295 1260 2330 divine
1286 2295 1439 2330 iusticie.
1491 2295 1605 2330 Unde

279 2353 513 2398 consequitur
530 2355 628 2398 quod
646 2353 873 2399 quiscunque
890 2361 925 2389 et
945 2354 1154 2399 quicunque
1173 2353 1359 2388 restitutus
1376 2354 1424 2387 ad
1442 2352 1606 2397 graciam

279 2411 483 2446 restituitur
508 2412 557 2446 ad
587 2411 710 2446 minus
739 2412 787 2446 ad
812 2412 910 2457 prius
932 2412 1120 2447 amissam.
1171 2412 1292 2446 Adam
1318 2422 1417 2456 ergo,
1436 2410 1604 2455 quamvis
1618 2413 1674 2450 anfi
1689 2412 1754 2438 thus
1768 2412 1839 2438 lord-

278 2480 354 2503 non
381 2469 430 2503 ad
457 2469 676 2504 exercicium
703 2481 795 2514 eque
818 2469 974 2505 liberum
1003 2469 1058 2504 sui
1089 2469 1254 2512 dominii,
1275 2475 1401 2504 tamen
1425 2468 1474 2503 ad
1506 2468 1605 2503 idem
1618 2447 1690 2478 ⁵h¹p'

279 2526 482 2561 dominium
515 2527 573 2562 vel
605 2527 745 2572 equale,
781 2527 875 2562 sicut
906 2528 955 2562 ad
988 2528 1158 2572 equalem
1191 2526 1369 2571 graciam,
1404 2525 1606 2570 penitendo

224 2595 267 2628 40
280 2585 397 2619 fuerat
413 2583 615 2628 restitutus,
634 2591 669 2619 et
687 2585 825 2630 pariter
841 2585 988 2620 fuerunt
1006 2596 1135 2620 ornnes
1154 2584 1239 2619 iusti
1258 2585 1313 2619 sui
1339 2584 1477 2629 posteri
1503 2584 1606 2618 resti-

62 2655 172 2686 supra,
189 2657 244 2687 pp.
279 2643 345 2676 tuti
363 2654 371 2677 :
399 2654 511 2687 quam
525 2642 799 2678 conclusionem
811 2655 854 2677 ea
869 2654 940 2688 que
953 2654 1064 2687 supra
1077 2643 1299 2677 adduximus
1311 2642 1357 2676 ad
1373 2642 1605 2686 probandum

63 2698 126 2729 340
142 2699 229 2731 seqq·
280 2700 379 2744 quod
402 2700 525 2734 Adam
552 2700 587 2734 in
615 2712 680 2735 sua
705 2700 844 2745 origine
870 2701 996 2735 debuit
1021 2713 1042 2734 a
1069 2712 1134 2735 suo
1158 2711 1302 2735 summe
1327 2700 1437 2742 bono,
1464 2711 1607 2734 summe

281 2764 441 2802 potente,
460 2769 503 2793 ac
527 2769 669 2794 summe
694 2758 860 2803 sapiente
881 2759 1032 2794 Artifice
1059 2758 1157 2793 istud
1181 2769 1303 2793 rerum
1332 2757 1535 2792 dominium
1558 2758 1607 2791 ad
