2008 3305
192 233 278 262 CAP.
301 218 359 277 v.]
652 229 798 261 LIBER
830 226 1054 260 TERTIUs.
1718 220 1798 265 237

76 348 174 390 8213]
188 351 224 382 et
245 345 297 382 sic
326 345 495 394 loquitur
521 344 732 394 apostolus,
759 356 773 381 1
800 344 887 382 Cor.
910 356 970 381 xv.
997 355 1066 389 10;
1101 340 1258 387 Gracia,
1289 339 1422 390 inquit,
1447 337 1528 375 Dei

186 427 267 452 sam
297 415 339 451 id
362 415 462 463 quod
484 427 576 451 sum.
634 414 813 452 Secundo
843 413 1029 462 accipitur
1059 410 1295 450 contractius
1323 422 1394 459 pro
1422 421 1520 458 quo·
1533 416 1747 483 {hezslgeglxglisgr

188 485 279 522 libet
299 484 580 534 supernaturali
601 484 779 534 gratuito,
794 491 836 521 ut
857 489 945 521 sunt
964 495 1103 520 omnes
1123 482 1278 519 virtutes
1303 480 1519 530 theologice
1533 484 1620 510 moral
1633 493 1740 517 graces,

149 562 177 591 c
190 555 247 592 vel
260 555 436 600 morales,
456 562 497 592 ut
516 561 620 604 patet
638 568 652 591 1
674 554 762 593 Cor.
776 555 839 592 xii.
861 567 896 601 4,
920 553 938 573 '¹‘
960 553 1176 590 Divisiones
1195 565 1279 590 vero
1293 552 1520 601 graciarum

156 633 173 664 5
188 629 283 671 sunt,
301 626 392 662 idem
413 629 531 662 aulem
546 624 725 674 Spiritus.
785 624 861 662 Sed
881 624 1010 670 tercio,
1032 624 1156 673 magis
1176 622 1411 672 pertinenter
1430 633 1520 670 pro·
1533 624 1570 651 iii·
1586 625 1633 651 the
1644 625 1753 657 quality
1762 625 1801 658 by

1533 658 1625 685 which
1638 659 1685 684 the
1698 668 1772 684 crea-

187 695 326 744 posito,
358 702 485 744 potest
524 696 655 744 gracia
688 696 811 745 accipi
842 707 912 745 pro
944 695 1049 733 bona
1081 693 1262 743 qualitate
1302 704 1379 741 qua
1413 704 1520 730 crea-
1533 692 1801 759 ffiggsiizgffl-God:

188 772 272 802 tura
293 772 349 803 est
370 765 578 803 formaliter
597 772 706 815 grata
724 765 836 812 Deo;
868 772 905 803 et
932 765 985 803 sic
1012 764 1181 814 loquitur
1209 763 1406 811 Scriptura
1431 774 1521 799 cum

188 835 409 874 doctoribus
430 837 686 874 communiter
706 836 755 874 de
780 836 931 885 gracia:
962 842 1000 873 et
1029 835 1103 881 illa,
1134 840 1322 884 quantum
1352 833 1401 870 ad
1432 845 1520 882 pro-

188 906 357 954 positum
389 907 534 951 attinet,
566 913 624 944 est
662 907 906 945 trimembris.
965 905 1147 952 Quedam
1185 911 1242 942 est
1280 904 1407 953 gracia
1445 915 1521 952 qua
1533 900 1660 967 ἓξὲξ
1672 901 1734 968 ξιξ-

137 983 361 1014 mercatura
389 977 592 1014 racionalis
622 983 678 1014 est
707 983 816 1026 grata
838 977 937 1023 Deo,
969 983 1010 1013 ut
1038 987 1310 1025 quamcunque
1339 974 1520 1013 benefici·
1532 968 1654 1000 ventive·

188 1047 339 1084 enciam
369 1048 418 1085 ab
443 1048 528 1097 ipso
556 1048 714 1096 recipiat
731 1060 740 1094 ;
769 1054 806 1085 et
836 1047 952 1085 talem
981 1047 1151 1097 graciam
1181 1051 1334 1095 oportet
1362 1057 1522 1083 omnem

189 1124 403 1155 creaturam
424 1117 661 1156 racionalem
680 1118 820 1156 habere
840 1130 888 1155 eo
907 1118 992 1167 ipso
1013 1129 1091 1167 quo
1112 1129 1134 1154 a
1153 1115 1241 1154 Deo
1263 1122 1445 1154 causatur
1464 1115 1523 1153 vel

191 1187 441 1226 effectualiter
461 1194 734 1227 conservatur:
765 1195 803 1227 et
824 1189 887 1226 illa
906 1189 1036 1238 gracia
1061 1188 1195 1226 dicitur
1224 1187 1450 1237 preveniens
1475 1186 1524 1224 ad

189 1259 430 1305 merendum,
451 1265 614 1308 peccato
643 1259 795 1297 mortali
823 1259 1119 1309 compossibilis,
1142 1270 1231 1296 cum
1259 1258 1306 1295 sit
1336 1265 1524 1307 perpetuo

138 1329 229 1373 15in
253 1329 480 1378 dampnatis,
508 1341 607 1379 quos
632 1330 739 1367 Deus
762 1337 940 1380 acceptat
968 1336 1005 1367 et
1035 1329 1154 1379 diligit
1185 1329 1232 1367 de
1261 1334 1407 1378 quanto
1438 1329 1523 1366 illos

190 1407 391 1437 conservat
410 1400 450 1436 in
471 1412 567 1438 esse.
624 1400 709 1439 Nec
736 1407 794 1439 est
823 1401 927 1439 racio
955 1412 1071 1450 quare
1098 1406 1272 1437 creatura
1300 1412 1381 1437 non
1403 1399 1522 1437 racio-

184 1471 285 1508 -nalis
314 1483 395 1509 non
425 1478 482 1509 est
513 1484 636 1521 capax
666 1472 750 1509 talis
779 1471 907 1521 gracie
938 1470 1158 1517 subiective,
1179 1470 1252 1507 nisi
1276 1470 1365 1520 quia
1392 1470 1523 1519 gracia

189 1541 290 1579 dicta
319 1541 527 1580 formaliter
553 1543 644 1580 dicit
668 1543 883 1580 subiectum
914 1554 1027 1580 suum
1055 1553 1141 1580 esse
1161 1541 1355 1579 volitivam
1384 1547 1522 1590 poten-

190 1612 302 1658 ciam,
336 1624 412 1662 que
447 1612 638 1662 cognitive
668 1620 704 1650 et
730 1618 952 1662 gratuanter
979 1618 1107 1662 potest
1134 1613 1282 1650 bonum
1315 1611 1522 1661 gratuitum

136 1698 178 1720 20
191 1688 401 1732 acceptare.
460 1682 638 1721 Secunda
666 1683 801 1722 dicitur
830 1683 960 1732 gracia
990 1689 1144 1732 gratum
1174 1682 1332 1727 faciens,
1360 1687 1522 1731 peccato
1534 1684 1734 1752 g-fyglgagfejus-

189 1753 340 1791 mortali
368 1753 556 1803 opposita,
580 1766 654 1804 que
673 1754 732 1792 vel
760 1760 817 1792 est
838 1754 985 1792 iusticia
1005 1753 1063 1791 vel
1083 1754 1208 1802 ipsam
1229 1752 1497 1790 concomitans
1511 1763 1521 1798 3

189 1830 226 1861 et
252 1824 316 1861 illa
344 1831 474 1873 potest
501 1825 741 1875 augmentari
764 1824 823 1863 vel
851 1825 984 1870 minui,
1006 1824 1102 1861 sicut
1131 1829 1259 1873 potest
1282 1823 1456 1861 excidere
1487 1829 1523 1860 et

190 1894 323 1932 redire.
382 1894 458 1952 Segl
487 1896 604 1933 tercia
633 1895 769 1933 dicitur
797 1895 926 1944 gracia
956 1894 1310 1944 predestinacionis,
1339 1906 1413 1943 que
1442 1893 1524 1931 sola
1535 1892 1777 1952 {bsgtirffffigipre‘

191 1965 323 2002 dividit
360 1965 459 2003 inter
488 1966 589 2004 filios
617 1966 726 2015 regni
756 1972 794 2004 et
825 1965 989 2004 carceris
1005 1978 1014 2012 ;
1050 1977 1137 2016 que,
1174 1965 1263 2003 licet
1296 1976 1377 2002 non
1403 1965 1525 2014 possit

142 2040 177 2070 D
194 2034 211 2054 ’¹‘
234 2035 421 2082 excidere,
440 2042 513 2075 stat
532 2043 663 2074 tamen
693 2049 783 2075 cum
813 2043 974 2086 peccato
1004 2036 1169 2083 mortali,
1192 2048 1281 2073 cum
1311 2048 1390 2074 non
1421 2035 1524 2073 iusti-

190 2106 280 2144 ficat
300 2107 509 2144 formaliter
528 2107 728 2145 viatorem.
784 2107 912 2145 Aliam
938 2112 1068 2145 autem
1100 2106 1431 2156 significacionem
1458 2119 1523 2144 ex-

191 2177 321 2225 primit
342 2175 626 2215 Lincolniensis
651 2178 698 2216 de
725 2178 865 2227 gracia,
888 2177 994 2227 quod
1023 2178 1209 2227 accipitur
1238 2190 1309 2227 pro
1336 2178 1442 2215 laude
1469 2179 1529 2215 vel

192 2249 382 2298 affeccione
405 2248 514 2285 debite
542 2255 693 2297 repensa
719 2247 800 2285 Deo
821 2255 893 2297 pro
915 2249 1053 2298 gracia
1064 2249 1315 2299 priussacla.
1370 2248 1421 2286 Et
1450 2249 1524 2286 isto

193 2318 311 2356 modo
331 2318 529 2368 apostolus
550 2319 679 2368 sepius
699 2318 846 2368 gracias
866 2319 944 2366 agit
964 2318 1062 2356 Deo.

139 2403 182 2433 30
251 2388 326 2426 Sed
353 2401 426 2438 pro
456 2389 714 2438 concipienda
743 2390 818 2427 ista
848 2389 983 2438 triplici
1017 2389 1149 2438 gracia
1180 2389 1283 2427 dicta
1315 2388 1525 2426 formaliter

191 2459 409 2510 notandum
428 2460 534 2509 quod
554 2460 728 2497 Verbum
748 2459 835 2507 Dei,
859 2460 956 2497 sicut
975 2465 1032 2497 est
1053 2459 1212 2508 plenum
1231 2459 1406 2496 omnium
1427 2459 1523 2496 raci-

194 2541 315 2567 onum
335 2530 567 2577 uniencium,
593 2530 647 2568 sic
677 2536 733 2568 est
762 2530 921 2579 plenum
949 2529 1183 2567 volicionum
1212 2529 1401 2578 quotlibet
1430 2535 1525 2566 eter-

230 2665 252 2688 5.
269 2657 455 2689 pertinenter
466 2657 491 2684 A
502 2657 525 2684 C
537 2664 543 2683 Ζ
558 2657 791 2690 particulariter
803 2657 835 2683 B.
937 2657 960 2682 6.
982 2665 1042 2689 qua
1056 2656 1078 2682 B
1090 2656 1128 2683 C:
1148 2665 1240 2689 quam
1253 2656 1286 2682 A.
1392 2657 1431 2682 16.
1455 2658 1464 2687 ΙΙ
1477 2665 1527 2684 nec

196 2690 218 2715 B
233 2691 252 2716 f.
267 2701 315 2724 249
325 2699 350 2718 A.
522 2701 560 2723 17.
581 2692 652 2724 quia
664 2691 701 2717 A¹
712 2691 734 2716 B
744 2691 785 2718 C:
805 2690 883 2723 quod
893 2690 930 2716 Α2
943 2690 970 2716 in
984 2698 1070 2722 marg.

381 2817 429 2851 27.
456 2811 495 2843 R.
508 2812 721 2850 Grosseteste,
740 2812 795 2842 ubi
813 2821 919 2852 supra,
938 2811 958 2842 f.
977 2819 1033 2841 121
1052 2818 1070 2840 Β
1090 2811 1233 2851 (Brown,
1246 2810 1268 2842 1.
1280 2811 1335 2851 c.).
