2008 3305
244 210 331 239 CAP.
349 195 415 254 IL]
696 207 839 238 LIBER
871 207 1098 239 TERTIUS.
1766 210 1847 252 213

113 329 212 371 7313]
236 326 377 371 prestat
406 322 509 359 nobis
538 322 705 359 habunde
736 323 859 358 omnia
891 322 944 358 ad
963 322 1187 371 fruendum.
1244 321 1427 368 Qualibet
1466 322 1568 359 enim
1582 326 1701 385 {3323ssss
1710 325 1818 385 {1355oe

239 400 412 430 creatura
444 392 561 429 utitur
591 392 709 429 iustus
743 392 782 429 in
813 391 997 437 Domino,
1035 392 1188 437 scilicet,
1222 392 1268 429 de
1298 399 1444 441 quanto
1478 404 1569 430 usus
1582 394 1707 453 {³55er
1720 401 1794 418 0¹2²·

238 463 380 500 mediat
411 462 460 499 ad
491 462 564 499 Dei
595 462 786 500 honorem
819 468 856 499 et
889 462 1027 499 utentis
1060 462 1284 500 utilitatem:
1327 469 1365 499 et
1399 462 1491 511 quia
1520 463 1567 500 de

238 539 345 571 tanto
365 533 518 570 indubie
539 544 630 570 usus
649 532 869 570 huiusmodi
890 532 1032 569 mediat
1052 533 1101 569 ad
1122 532 1197 569 Dei
1216 532 1457 579 fruicionem,
1478 533 1566 571 ideo

205 612 223 644 5
239 603 417 640 nimirum
438 615 531 640 usus
551 603 604 640 sic
631 602 873 641 modificatus
893 609 1050 640 vocatur
1076 614 1098 639 a
1125 603 1200 639 fine
1227 614 1331 640 nunc
1345 603 1501 653 sruz'cz'o
1530 610 1568 640 et

237 685 341 711 nunc
362 686 460 719 usus,
482 680 519 710 et
549 673 630 710 sine
657 672 720 709 tali
751 672 826 710 fine
855 673 991 709 abusus
1014 672 1161 709 dicitur.
1230 671 1345 710 Unde
1370 673 1465 710 solet
1488 673 1568 711 fieri

237 743 285 780 de
323 743 507 780 fruicione
541 742 765 788 distincci03
805 742 894 791 quia
924 742 998 779 alia
1027 748 1084 779 est
1117 754 1225 791 pura,
1256 742 1330 779 alia
1367 743 1567 792 permixta.

237 812 366 849 Prima
386 819 442 849 est
472 813 570 849 actio
590 812 805 857 voluntatis,
827 812 978 857 scilicet,
1003 812 1163 850 adhesio
1189 824 1278 850 cum
1307 812 1569 850 delectacione

239 895 313 932 que
342 895 434 932 pure
462 883 686 919 terminatur
713 882 762 919 ad
782 882 936 928 Deum;
968 887 1005 919 et
1035 888 1173 929 cetera,
1195 895 1271 932 que
1301 883 1570 920 antecedenter

186 969 226 990 10
239 953 461 990 terminatur
486 953 536 990 ad
559 959 774 990 creaturam
800 958 836 990 et
863 953 1024 990 finaliter
1054 952 1103 989 ad
1131 952 1284 990 Deum:
1316 960 1571 1002 aggregatum

238 1023 342 1061 enim
365 1035 413 1060 ex
439 1023 509 1060 hiis
541 1024 694 1061 sortitur
721 1023 1002 1060 racionabiliter
1035 1035 1180 1061 nomen
1202 1023 1310 1072 finis.
1369 1023 1418 1060 Et
1448 1024 1572 1061 taliter

238 1094 432 1143 apostolus
463 1094 576 1131 utitur
607 1094 845 1140 Philemone,
877 1101 914 1131 et
944 1094 1064 1131 iustus
1103 1094 1315 1131 secundum
1354 1094 1569 1132 doctrinam

238 1164 402 1214 apostoli
432 1164 502 1201 frui
529 1164 643 1202 debet
670 1164 843 1213 qualibet
871 1170 1057 1202 creatura.
1114 1164 1165 1201 Et
1194 1170 1298 1213 patet
1328 1177 1376 1202 ex
1405 1165 1570 1202 decursu

238 1234 435 1283 ewangelii
455 1242 491 1272 et
512 1235 585 1271 fide
606 1235 769 1272 ecclesie
790 1234 894 1284 quod
911 1246 1028 1272 nemo
1048 1241 1214 1271 meretur
1233 1235 1378 1272 utendo
1399 1235 1571 1284 quolibet

186 1321 223 1353 15
239 1304 343 1342 dono
365 1305 448 1350 Dei,
471 1305 543 1341 nisi
564 1304 611 1342 de
632 1311 777 1353 quanto
797 1305 971 1353 graciose
993 1305 1192 1351 excitatur,
1206 1317 1228 1342 a
1249 1304 1336 1342 Deo
1356 1305 1514 1342 trahitur
1533 1311 1570 1343 et
1583 1310 1633 1349 but

239 1375 398 1412 iuvatur.
466 1374 586 1421 Quod
625 1381 755 1412 autem
802 1374 910 1411 Deus
957 1376 1093 1423 repetit
1140 1376 1190 1412 ab
1238 1375 1378 1412 iniusto
1426 1376 1571 1424 patebit
1584 1344 1736 1403 lvlv'hgrfisssh
1737 1354 1815 1403 ffinhe

237 1445 436 1495 posterius,
472 1445 539 1482 ubi
577 1445 827 1483 declarabitur
857 1445 962 1495 quod
997 1445 1154 1495 quilibet
1184 1445 1345 1482 iniustus
1374 1457 1571 1494 occupans
1584 1411 1802 1470 {gigffismsgfft

237 1516 386 1553 donum
401 1515 475 1553 Dei
496 1516 595 1553 male
612 1516 700 1553 fidei
721 1517 768 1553 sit
783 1528 994 1565 possessor.
1052 1516 1103 1553 Et
1123 1522 1227 1565 patet
1247 1528 1295 1553 ex
1315 1516 1394 1553 istis
1409 1522 1573 1566 quatuor

238 1586 530 1624 condicionibus
558 1586 792 1624 excellencia
822 1587 931 1624 modi
961 1586 1089 1632 dandi,
1121 1586 1187 1635 qui
1218 1586 1288 1623 soli
1323 1586 1411 1624 Deo
1446 1593 1572 1636 potest

141 1667 226 1698 74A
240 1663 470 1705 competere.
528 1655 547 1676 *
577 1656 693 1694 Unde
724 1656 1020 1703 Lineolniensis,
1056 1656 1157 1694 dicto
1188 1657 1302 1702 xxvi„
1334 1656 1573 1694 demonstrat

238 1727 343 1776 quod
370 1727 438 1764 iste
458 1727 598 1764 modus
628 1727 745 1764 dandi
766 1726 854 1764 Deo
883 1727 1098 1771 conveniat,
1119 1739 1166 1764 eo
1187 1727 1295 1777 quod
1322 1733 1379 1764 est
1403 1727 1573 1776 optimus

238 1797 377 1835 modus
397 1797 523 1834 dandi.
579 1797 630 1834 Et
650 1803 751 1847 patet
771 1797 986 1835 declaracio
1005 1797 1263 1835 conclusionis
1282 1798 1490 1846 proposite.

295 1867 370 1905 Sed
383 1874 518 1905 contra
534 1867 625 1905 illud
642 1868 826 1914 obiciunt,
844 1869 984 1917 quibus
1005 1880 1085 1905 non
1102 1868 1198 1917 sapit
1213 1868 1406 1917 Scriptura
1421 1869 1478 1906 vel
1492 1869 1573 1906 eius
1619 1876 1641 1903 b.
1659 1877 1828 1909 Objectzbns.

239 1938 365 1976 racio:
414 1938 562 1976 videtur
600 1938 704 1976 enim
742 1938 872 1975 multis
903 1941 911 1957 ‘
926 1938 1032 1988 quod
1068 1939 1266 1976 sentencia
1297 1938 1574 1977 declaracionis

188 2009 424 2052 25‘secundi
453 2009 569 2058 partis
601 2009 647 2046 sit
679 2009 936 2057 multipliciter
967 2009 1236 2058 impossibilis:
1276 2010 1402 2058 primo
1431 2011 1470 2047 in
1495 2010 1570 2048 hoc
1616 2020 1658 2054 (i.)

240 2083 248 2098 ‘
262 2079 368 2128 quod
381 2078 488 2116 Deus
502 2079 566 2116 dat
582 2085 753 2116 creature
768 2079 939 2128 seipsum
954 2091 964 2126 3
991 2080 1164 2117 secundo
1178 2080 1217 2116 in
1235 2079 1310 2118 hoc
1323 2080 1429 2129 quod
1444 2080 1572 2129 aliqua
1616 2090 1672 2124 (ii.)

241 2151 250 2168 ‘
264 2157 446 2196 creatura,
464 2156 501 2187 et
521 2150 734 2199 specialiter
750 2149 956 2195 divisibilis,
976 2150 1021 2187 sit
1041 2150 1079 2186 in
1100 2149 1186 2188 Deo
1203 2163 1212 2196 3
1244 2157 1282 2188 et
1302 2152 1421 2188 tercio
1441 2153 1480 2188 in
1496 2150 1570 2189 hoc
1619 2163 1681 2196 (iii.)

242 2224 250 2239 ‘
265 2220 371 2270 quod
386 2220 492 2257 Deus
506 2221 625 2257 donat
640 2221 789 2269 optimo
801 2220 920 2257 modo
935 2220 1121 2269 possibili.
1165 2220 1329 2258 Videtur
1344 2222 1448 2258 enirn
1465 2222 1569 2270 quod

240 2294 249 2311 ‘
266 2291 402 2328 melius
418 2298 518 2328 esset
538 2290 666 2328 Deum
687 2290 836 2346 realiter
862 2290 1008 2328 auferre
1029 2292 1078 2328 ab
1098 2290 1257 2329 homine
1273 2291 1421 2329 donum
1447 2303 1570 2338 suum,

339 2419 362 2441 7.
383 2409 448 2435 alia
460 2409 486 2435 A
495 2409 534 2436 C:
554 2412 596 2435 est
609 2409 641 2435 B.
785 2418 825 2434 20.
847 2409 1062 2436 Lz'ncolnz'ensz's
1074 2417 1080 2436 :
1100 2411 1239 2436 Lz'ncollr‘z
1251 2410 1318 2442 AC,
1332 2411 1457 2437 Lz'ncoh‘z
1470 2411 1501 2436 B.

287 2496 312 2518 1.
337 2487 390 2519 Cf.
408 2487 448 2518 de
464 2487 524 2519 civ.
541 2488 641 2518 Dom.
659 2487 680 2518 i.
701 2493 717 2527 7
734 2498 766 2527 p.
784 2488 836 2527 48.

286 2548 334 2569 12.
360 2539 498 2569 Philem.
520 2548 579 2576 20;
602 2539 642 2569 cf.
660 2539 870 2580 Fitz-Ralph,
889 2539 930 2570 de
945 2540 1049 2581 Paup.
1066 2539 1154 2571 Salv.
1171 2539 1215 2570 iii.
1236 2548 1286 2571 21.

288 2599 336 2630 15.
368 2591 551 2621 Trahitur:
570 2589 610 2620 cf.
627 2590 702 2630 Joh.
720 2590 762 2621 vi.
780 2600 832 2629 44.

288 2650 337 2672 20.
364 2641 404 2672 R.
423 2641 636 2678 Grosseteste,
653 2640 739 2672 Dict.
758 2641 856 2679 xxvi„
874 2641 946 2672 cod.
965 2641 1061 2673 Bodl.
1080 2642 1143 2680 830
1157 2643 1178 2673 f.
1200 2641 1239 2672 26
1257 2650 1289 2681 B,
1306 2650 1336 2673 C.
1384 2642 1434 2673 Cf.
1451 2642 1492 2673 de
1509 2643 1568 2673 civ.

241 2693 341 2724 Dom.
359 2693 379 2723 i.
396 2692 415 2723 6
433 2703 465 2733 p.
482 2702 535 2732 40,
553 2693 659 2723 where
675 2692 730 2723 the
746 2702 884 2734 passage
900 2693 928 2723 is
946 2693 1045 2724 cited.

288 2754 337 2785 29.
361 2745 486 2775 Melius
509 2749 594 2775 esset.
641 2744 712 2775 The
734 2754 823 2775 same
847 2744 1011 2785 objection
1033 2746 1060 2775 is
1082 2745 1198 2784 raised,
1217 2745 1337 2777 almost
1357 2745 1389 2776 in
1408 2745 1463 2777 the
1480 2756 1569 2777 same

242 2796 359 2834 words,
379 2796 430 2827 De
448 2796 508 2827 civ.
527 2796 626 2827 Dom.
645 2796 666 2827 i.
685 2796 704 2826 6
721 2806 752 2836 p.
770 2805 821 2835 45.
