2008 3305
164 239 251 270 cAP.
275 225 338 284 IL]
641 237 787 269 LIBER
822 238 1019 271 PRIMUS.
1750 245 1774 286 9

75 357 147 398 313]
163 353 425 402 cuiuscunque
455 352 656 390 relacionis
691 354 845 403 proprie
875 361 912 392 et
941 354 1053 392 realis
1088 354 1133 392 sit
1167 354 1308 393 habere
1343 356 1492 394 subiec-

161 430 243 460 tum
274 429 316 460 ut
346 423 610 460 substanciam
641 424 880 471 correlatam,
906 424 1205 463 fundamentum
1239 433 1280 464 ut
1311 427 1492 465 accidens

160 494 393 539 absolutum,
431 500 469 531 et
512 494 717 531 terminum
765 495 814 532 ad
851 507 968 544 quem
1014 495 1274 546 principaliter
1312 497 1492 535 termina-

159 571 243 602 tur:
278 571 319 601 ut
352 564 558 603 similitudo
585 564 685 602 Petri
716 565 765 602 ad
797 564 959 602 Paulum
992 572 1049 603 est
1078 567 1284 605 subiective
1310 567 1349 604 in
1379 568 1493 607 Petro

129 641 198 681 5et
219 635 457 673 terminative
485 635 525 672 in
554 635 686 682 Paulo,
716 635 1051 674 fundamentaliter
1080 643 1208 674 autem
1237 637 1277 674 in
1308 638 1491 688 qualitate

161 705 262 744 Petri
281 712 318 743 et
338 705 446 743 Pauli
466 706 679 743 secundum
701 718 817 756 quam
838 706 1013 744 dicuntur
1032 707 1186 745 similes.
1238 707 1354 746 Unde
1373 722 1489 758 prop-

158 784 216 815 ter
235 776 426 814 defectum
451 777 535 814 talis
562 776 801 815 fundamenti
822 777 861 814 in
881 777 968 815 Deo
988 790 1068 815 non
1090 778 1228 816 dicitur
1254 779 1394 818 relacio
1414 780 1488 818 Dei

159 848 209 886 ad
235 847 377 897 aliquid
407 860 491 886 esse
510 847 622 886 realis
645 860 714 898 per
733 860 774 886 se
805 848 844 885 in
863 860 1014 898 genere,
1035 849 1104 887 sed
1123 862 1196 887 nec
1216 850 1357 888 relacio
1377 851 1490 889 unius

158 918 367 956 accidentis
398 918 448 957 ad
476 918 589 965 aliud,
621 919 687 957 sed
717 919 843 957 solum
872 919 1014 957 relacio
1047 920 1235 968 racionis3
1266 928 1302 959 et
1334 929 1492 972 propter

109 1004 149 1027 10
161 989 354 1027 defectum
380 996 641 1027 extremorum
667 1002 750 1028 non
779 997 835 1028 est
855 990 996 1029 relacio
1019 990 1278 1041 ydemptitatis
1298 1004 1368 1042 per
1387 1005 1427 1030 se
1452 993 1491 1030 in

157 1073 301 1110 genere
322 1060 533 1107 relacionis‚
555 1067 596 1098 ut
616 1061 761 1110 logicus
791 1061 881 1099 satis
905 1062 1020 1100 novit.
1076 1062 1127 1100 Et
1147 1063 1492 1113 correspondenter

157 1137 310 1181 oportet
325 1131 485 1169 inveniri
505 1132 544 1168 in
563 1131 733 1181 qualibet
753 1132 944 1170 relacione
964 1133 1118 1182 propria
1137 1146 1206 1183 per
1232 1146 1271 1172 se
1291 1134 1331 1171 in
1351 1147 1492 1184 genere

157 1203 231 1241 ista
265 1203 346 1248 tria,
377 1209 418 1240 ut
447 1202 536 1240 alibi
568 1203 785 1241 discussum
816 1210 883 1241 est.
940 1204 1007 1241 Ius
1035 1216 1128 1254 ergo
1158 1217 1248 1243 curn
1279 1205 1326 1243 sit
1354 1205 1493 1243 funda-

159 1280 334 1312 mentum
375 1273 546 1319 dominii,
585 1274 673 1312 licet
712 1274 836 1324 sapiat
880 1275 1113 1313 relacionem
1158 1283 1336 1326 respectu
1385 1277 1493 1316 cuius

110 1354 148 1387 15
163 1345 300 1383 dicitur
319 1344 388 1391 ius,
410 1357 490 1383 non
514 1351 643 1383 tamen
673 1352 730 1383 est
751 1345 958 1383 formaliter
979 1346 1103 1396 ipsum
1127 1347 1366 1395 dominium3
1396 1348 1494 1386 sicut

159 1416 214 1454 vis
234 1416 454 1466 generativa
474 1416 591 1466 patris
612 1429 691 1455 non
711 1422 767 1454 est
786 1416 996 1455 formaliter
1016 1418 1100 1468 ipsa
1118 1419 1339 1469 paternitas,
1356 1420 1423 1458 sed
1444 1420 1493 1458 ad

158 1488 282 1537 ipsam
304 1494 345 1525 ut
364 1486 659 1524 fundamentum
679 1500 750 1537 pro
766 1488 896 1538 aliquo
917 1495 1091 1539 tempore
1112 1490 1302 1539 requisita.

211 1558 262 1597 Et
282 1571 350 1608 per
370 1558 475 1595 idem
496 1559 667 1608 sequitur
687 1559 794 1608 quod
813 1565 984 1608 potestas
1004 1573 1085 1599 non
1106 1561 1152 1598 sit
1167 1574 1291 1610 genus
1312 1561 1470 1600 dominii
1484 1575 1491 1600 ε
1505 1576 1530 1602 b.
1544 1583 1737 1609 norapower.

157 1641 250 1666 nam
270 1641 386 1667 omne
407 1629 621 1666 dominium
642 1629 834 1678 dependet
854 1642 876 1667 a
896 1641 1076 1679 possesso
1097 1632 1282 1670 serviente
1303 1633 1362 1670 vel
1383 1645 1492 1672 servo

106 1715 146 1738 20
159 1700 392 1751 principium
413 1700 656 1747 terminante,
678 1701 745 1738 sed
771 1701 877 1738 nulla
902 1708 1071 1751 potestas
1099 1702 1153 1740 sic
1173 1703 1376 1753 dependet,
1397 1716 1492 1754 ergo

158 1771 307 1809 nullum
334 1771 548 1809 dominium
574 1778 632 1810 est
657 1778 837 1822 potestas.
892 1771 1026 1811 Minor
1054 1780 1159 1823 patet
1185 1786 1232 1812 ex
1258 1775 1366 1813 dictis
1391 1776 1568 1814 alibi.The
1580 1786 1732 1820 priesthas

117 1843 146 1873 G
160 1843 264 1880 Nam
286 1842 413 1880 nullus
434 1842 644 1881 catholicus
661 1842 679 1862 ‘¹‘
695 1844 852 1892 negabit
868 1844 960 1894 quin
980 1851 1150 1894 potestas
1172 1845 1336 1884 clavium
1358 1847 1404 1884 sit
1417 1853 1492 1885 tra·
1504 1821 1661 1887 ltzlssssower
1673 1822 1761 1848 ofthe

158 1914 236 1951 dita
256 1913 458 1961 sacerdoti,
481 1913 568 1951 licet
588 1926 668 1951 non
688 1913 830 1952 habeat
850 1927 916 1952 sue
944 1916 1120 1954 subditos
1146 1917 1328 1966 potestati
1341 1929 1350 1964 3
1382 1923 1419 1955 et
1441 1918 1492 1955 ita
1504 1888 1752 1982 ΞΞΞΞΞΞΞΞΟ

156 1984 378 2034 intelligitur
407 1985 454 2023 de
485 1985 654 2034 qualibet
683 1985 756 2023 alia
784 1991 993 2035 potestate:
1023 1999 1126 2036 ymo,
1157 1999 1246 2025 cum
1276 1988 1492 2026 dominium
1504 1997 1606 2022 P0wer·

107 2061 146 2093 25
159 2056 206 2094 sit
237 2055 328 2093 illud
359 2069 438 2106 quo
472 2063 607 2094 natura
639 2057 841 2094 racionalis
875 2057 1084 2096 formaliter
1118 2058 1351 2107 dominatur,
1385 2066 1492 2109 patet

157 2127 264 2177 quod
295 2140 366 2165 nec
394 2128 452 2165 ius
486 2141 558 2166 nec
589 2134 759 2178 potestas
787 2129 833 2166 sit
862 2128 1070 2167 formaliter
1104 2130 1233 2180 ipsum
1263 2131 1491 2169 dominium.

156 2197 273 2236 Unde
299 2197 408 2236 Deus
433 2205 559 2248 potest
587 2199 677 2237 dare
707 2199 854 2237 homini
884 2200 942 2237 ius
969 2207 1005 2238 et
1034 2208 1278 2250 potestatem,
1299 2215 1376 2253 qua
1400 2215 1491 2253 pro-

157 2269 304 2307 ficietur
324 2271 538 2308 successive
561 2270 631 2308 sibi
657 2271 909 2309 servientibus
929 2273 1170 2321 generandis,
1191 2274 1257 2310 ubi
1278 2275 1492 2312 successive

157 2340 331 2389 acquiret
359 2340 574 2379 dominium
609 2353 689 2379 non
722 2342 958 2391 acquirendo
988 2344 1332 2393 proporcionaliter
1364 2351 1493 2394 potes-

107 2415 148 2445 30
160 2418 304 2449 tatem:
354 2418 391 2449 et
429 2411 532 2449 idem
565 2412 712 2450 videtur
750 2413 797 2450 de
829 2413 919 2451 iure.
978 2414 1140 2453 Relacio
1173 2428 1267 2464 ergo
1301 2417 1493 2465 posterius

194 2513 217 2536 3.
239 2504 400 2529 terminum
412 2504 439 2529 A
448 2511 457 2529 .·
474 2505 604 2537 termini,
616 2508 648 2530 ut
660 2504 779 2535 videtur,
796 2504 819 2530 B
830 2505 862 2531 C.
965 2507 988 2532 8.
1006 2506 1058 2532 sed
1068 2507 1094 2532 A
1104 2507 1127 2533 C
1138 2514 1144 2533 ζ
1164 2507 1242 2533 sicut
1254 2507 1286 2533 B.
1392 2517 1431 2533 12.
1450 2508 1492 2534 in-

160 2538 259 2563 veniri
270 2538 295 2562 A
306 2537 328 2564 C
340 2544 346 2564 :
368 2538 498 2564 invenire
512 2538 544 2564 B.
637 2547 677 2570 15.
697 2540 795 2564 tamen
807 2547 860 2564 om.
876 2538 908 2564 Β.
999 2549 1037 2572 17.
1059 2543 1094 2566 ut
1105 2549 1159 2566 om.
1173 2541 1204 2566 B.
1296 2550 1335 2574 19.
1356 2549 1437 2567 omne
1450 2542 1490 2567 B:

160 2579 214 2596 om.
230 2571 257 2596 A
268 2570 299 2596 C.
395 2579 476 2597 serm]
488 2571 575 2603 (Lao)
587 2571 693 2597 conieci
705 2578 711 2597 τ
731 2572 880 2598 codd.suo.
1038 2575 1077 2600 2'0.
1091 2575 1277 2607 principium
1289 2574 1347 2601 AC
1359 2581 1365 2600 :
1379 2576 1493 2608 princi-

154 2605 273 2636 palz'ter
284 2604 316 2630 Β.
418 2606 458 2630 28.
472 2605 649 2637 generandis
661 2605 687 2631 A
697 2605 736 2632 C:
753 2606 956 2638 generandum
971 2606 1002 2632 B.

159 2677 267 2708 which
291 2677 411 2708 should
434 2677 518 2709 have
544 2677 702 2709 followed
726 2678 807 2710 with
833 2689 853 2710 a
879 2679 1137 2721 corresponding
1163 2684 1234 2711 tum
1257 2691 1331 2712 cum
1358 2691 1395 2712 or
1417 2684 1490 2712 tum

158 2740 259 2760 eczam
276 2740 360 2760 cum.

203 2792 232 2821 4.
258 2782 377 2812 Petrus
409 2782 473 2813 and
504 2783 635 2813 Paulus
667 2792 722 2813 are
752 2781 934 2824 Wycliffe's
970 2783 1098 2824 regular
1127 2784 1305 2825 exampleS,
1337 2784 1404 2816 like
1435 2783 1491 2816 the

160 2838 167 2849 ⁴
181 2833 281 2864 Caius
292 2832 299 2843 '
317 2833 381 2863 and
398 2834 406 2849 ‘
419 2832 560 2865 Balbus’
577 2834 614 2865 of
626 2834 682 2865 the
698 2835 943 2875 grammarians.
