2008 3305
206 213 293 241 CAP.
310 200 367 257 v.]
692 212 835 243 LIBER
867 212 1063 244 PRIMUS.
1758 216 1781 257 3
1787 216 1811 256 3

86 329 184 370 10D]
199 325 359 373 septimo
380 325 690 378 Methaphisice),
713 327 765 363 sic
786 339 856 364 nec
878 338 970 363 usus
991 332 1164 363 creature
1186 325 1255 362 nisi
1277 325 1366 374 quia
1387 325 1436 362 ab
1457 336 1529 361 usu

110 400 184 428 uA
197 393 355 431 Domini
374 394 390 413 *
414 396 664 445 exemplatur.

248 464 362 502 Unde
378 465 485 502 Deus
502 464 561 516 (ut
581 465 713 517 supra)
729 466 1008 503 racionabiliter
1024 464 1196 514 capitalis
1210 464 1390 501 dominus
1411 464 1522 501 debet
1534 473 1750 539 ἒὲξωιξῑᾞῖἓὲε
1759 476 1806 536 [ige

192 533 276 571 dici.
333 534 411 581 Qui
437 547 531 584 ergo
556 536 674 573 credit
695 542 863 573 creature
885 535 1097 572 dominium
1118 546 1233 583 posse
1254 533 1327 570 Dei
1347 534 1520 571 dominio
1534 540 1609 567 Lord
1624 541 1650 566 in
1664 542 1747 573 chief,

156 619 175 652 5
190 606 379 655 coequari,
393 606 518 643 videat
538 607 662 655 primo
679 607 710 643 si
735 607 950 643 subiectum
970 611 1006 642 et
1027 616 1140 641 Suum
1161 603 1341 641 accidens
1356 611 1521 652 possunt

186 687 270 713 esse
291 676 329 712 in
349 676 505 713 entitate
526 677 642 725 paria,
664 676 722 714 vel
743 676 773 713 si
799 682 972 713 creatura
995 681 1121 724 potest
1152 674 1276 711 facere
1297 674 1519 723 simpliciter

184 745 353 794 aliquam
387 746 684 784 substancialem
712 746 939 790 essenciam,
968 752 1009 782 ut
1038 745 1110 782 sibi
1139 744 1358 782 dominetur
1387 745 1516 794 quoad

182 816 443 853 substanciam
460 828 470 862 ;
500 823 537 853 et
557 822 708 853 constat
723 815 828 866 quod
848 828 939 852 non.
996 815 1091 853 Ideo
1107 814 1214 852 Deus
1234 827 1314 852 non
1335 816 1512 861 mediate,
1526 821 1782 884 sffgssdssgiyotrdlship

1655 867 1682 883 ia
1696 868 1711 884 e
1724 869 1750 891 y,

180 897 248 934 per
286 887 459 935 regimen
497 886 729 923 vasallorum
771 886 1109 931 subserviencium,
1143 892 1185 922 ut
1232 897 1343 934 reges
1382 887 1510 932 ceteri,
1525 888 1782 951 fflsstkiig'mffiffiffly

128 970 168 992 10
181 957 407 1002 dominatur,
429 968 518 994 cum
548 956 770 994 immediate
799 962 837 994 et
864 969 933 1005 per
961 968 1001 993 se
1030 955 1131 1002 facit,
1156 961 1352 1001 sustentat,
1375 962 1411 993 et
1440 968 1510 1004 gu·
1522 934 1713 1023 ffifrfgiirggg'glnld
1728 942 1777 992 έο-

177 1028 313 1065 bernat
332 1039 450 1064 omne
479 1026 585 1075 quod
609 1027 790 1075 possidet,
812 1027 990 1076 iuvatque
1015 1026 1065 1063 ad
1095 1026 1372 1076 perficiendum
1392 1038 1510 1075 opera
1522 1021 1626 1056 things·

175 1097 388 1135 secundum
408 1109 499 1134 usus
520 1097 613 1134 alios
634 1109 733 1146 quos
753 1097 922 1146 requirit.
980 1097 1068 1145 Ipse
1084 1096 1189 1133 enim
1208 1096 1325 1133 utitur
1340 1096 1510 1146 qualibet

172 1167 326 1216 parciali
346 1174 519 1204 creatura
533 1167 592 1204 vel
613 1167 662 1204 ad
681 1166 866 1204 fabricam
879 1166 936 1204 vel
952 1166 1177 1204 decenciam
1194 1178 1334 1215 magne
1355 1166 1507 1212 domus,

172 1244 210 1274 et
229 1237 311 1286 ipsa
332 1237 450 1274 domo
464 1237 578 1274 utitur
597 1244 639 1274 ut
659 1243 788 1286 partes
808 1237 890 1274 eius
911 1243 1084 1274 recauset
1097 1236 1268 1282 finaliter,
1284 1242 1321 1274 et
1340 1243 1382 1274 ut
1402 1237 1504 1274 beati

120 1307 210 1349 15in
239 1314 344 1345 tanta
371 1307 516 1345 fabrica
545 1307 790 1345 delectentur.
847 1306 964 1344 Unde
993 1306 1146 1344 Baruch
1176 1307 1225 1343 iii.
1247 1309 1391 1355 33—36,
1414 1314 1504 1356 post

169 1376 473 1415 declaracionem
507 1377 669 1414 dominii
698 1377 773 1414 Dei
806 1384 843 1415 et
873 1389 941 1414 sue
971 1376 1243 1426 possessionis,
1275 1376 1507 1425 exprimitur

166 1446 249 1483 eius
281 1459 399 1484 usus:
435 1446 518 1494 Qui,
540 1448 674 1496 inquit,
704 1449 835 1484 emz'llz't
858 1448 982 1492 lucem,
1011 1451 1046 1483 et
1066 1447 1200 1489 vadit;
1230 1451 1337 1483 vocat
1361 1459 1439 1483 eam
1470 1451 1504 1484 et

164 1518 272 1554 audit
304 1530 384 1554 eum
421 1530 502 1554 cum
549 1522 711 1555 tremore.
779 1517 889 1556 Stelle
932 1523 1050 1555 aulem
1089 1518 1266 1554 dederunt
1300 1518 1420 1553 lumen
1459 1518 1498 1553 in

162 1588 335 1625 custodiis
364 1589 452 1634 suis,
486 1592 519 1624 et
549 1589 650 1625 letale
678 1593 788 1625 sunl:
826 1593 948 1626 vocale
977 1593 1073 1634 sunt,
1109 1592 1143 1624 el
1174 1588 1366 1632 dixerunt,
1401 1586 1500 1623 Ecce

110 1673 150 1696 20
162 1670 331 1694 assumus
345 1671 359 1696 .·
383 1662 416 1694 et
431 1659 614 1696 luxerunt
630 1659 667 1695 ez'
681 1671 762 1695 cum
783 1659 1000 1695 z‘ocundz’tale
1019 1660 1088 1706 qui
1087 1659 1188 1708 fecit
1206 1659 1302 1694 illas.
1352 1657 1433 1694 Ha-
1448 1662 1501 1693 est

159 1727 265 1765 Deus
283 1733 412 1765 noster.
469 1729 571 1766 Ecce
592 1729 727 1778 primo,
750 1730 841 1779 quia
861 1741 941 1766 non
962 1736 1019 1766 est
1039 1728 1227 1766 distancia
1248 1728 1432 1777 temporis
1454 1728 1493 1765 in

158 1810 275 1847 opere
301 1799 424 1848 prime
444 1799 550 1844 lucis,
572 1799 658 1837 ideo
685 1800 733 1836 ad
755 1799 1021 1837 denotandum
1048 1798 1153 1848 quod
1181 1798 1391 1835 inanimata
1411 1810 1492 1834 non

156 1869 332 1906 ociantur
365 1881 388 1906 a
417 1868 492 1906 Dei
521 1869 731 1906 ministerio
759 1869 905 1914 dicitur,
933 1873 967 1905 et
995 1869 1125 1906 vadit:
1158 1880 1231 1905 nec
1261 1868 1491 1916 dedignetur

156 1938 456 1988 methaphisicus
476 1939 582 1988 quod
606 1952 720 1989 agere
747 1939 844 1977 lucis
864 1939 910 1976 sit
933 1951 1047 1976 suum
1066 1938 1215 1983 vadere,
1237 1938 1367 1975 audire
1397 1950 1489 1975 cum

104 2025 141 2056 25
156 2015 318 2047 tremore
345 2009 390 2047 sit
411 2022 500 2047 cum
527 2018 633 2047 metu
656 2010 705 2047 ad
726 2010 949 2047 instinctum
979 2008 1052 2046 Dei
1071 2009 1282 2053 intendere,
1303 2009 1409 2046 letari
1441 2010 1487 2046 sit

153 2080 313 2129 quietari
332 2080 372 2117 in
400 2081 478 2118 suis
504 2080 655 2127 finibus,
678 2087 856 2129 prompte
886 2080 1012 2117 dicere
1040 2080 1087 2116 sit
1113 2079 1332 2116 naturaliter
1355 2087 1486 2116 osten-

108 2161 139 2190 Β
154 2149 254 2187 dere.
273 2149 291 2169 *
307 2150 354 2187 In
369 2150 441 2187 isto
457 2150 584 2199 itaque
600 2150 762 2187 naturali
774 2150 985 2187 ministerio
998 2150 1171 2187 consistit
1184 2162 1275 2186 usus
1290 2149 1484 2198 perfectis-

152 2221 271 2258 simus
292 2220 366 2258 Dei
386 2221 518 2258 nostri.
576 2221 717 2259 Talem
731 2233 824 2269 ergo
846 2233 958 2258 usum
979 2221 1096 2258 habet
1115 2220 1224 2257 Deus
1245 2220 1292 2257 de
1313 2221 1483 2269 qualibet

150 2298 341 2344 creatura,
354 2303 434 2329 non
460 2291 509 2328 ad
536 2292 593 2329 sui
623 2292 884 2340 indigenciam
905 2291 964 2328 vel
988 2291 1202 2336 utilitatem,
1225 2291 1294 2328 sed
1318 2304 1366 2328 ex
1396 2292 1479 2328 eius

96 2377 137 2407 30
149 2373 254 2398 mera
273 2362 413 2410 gracia,
433 2373 509 2411 qua
529 2362 606 2398 vult
627 2362 838 2411 producere
860 2361 1049 2398 mundum
1070 2373 1161 2398 cum
1186 2361 1268 2398 eius
1294 2362 1478 2410 partibus,

147 2437 189 2468 ut
218 2431 299 2480 ipse
328 2431 471 2469 fructus
501 2432 661 2469 finaliter
689 2440 727 2469 et
756 2432 912 2468 innixus
941 2431 992 2468 ad
1020 2439 1191 2469 creature
1221 2432 1476 2469 commodum

146 2501 392 2538 collaudetur.
448 2502 538 2551 Ipse
573 2502 676 2538 enirn
710 2509 768 2538 est
800 2503 946 2539 bonum
980 2502 1086 2551 quod
1119 2502 1252 2539 omnia
1285 2508 1474 2551 appetunt

145 2571 287 2620 (primo
320 2570 575 2622 Ethicorum)‚
610 2579 648 2609 et
682 2572 779 2618 finis,
815 2572 946 2620 gracia
980 2573 1089 2609 cuius
1127 2572 1260 2609 omnia
1297 2573 1472 2621 agencia,

176 2657 200 2680 4.
213 2650 293 2679 posse
308 2648 329 2673 B
340 2647 378 2674 C:
398 2657 450 2673 orn.
465 2648 498 2673 A.
590 2657 629 2674 10.
650 2648 825 2673 dominatur
837 2648 878 2674 B:
898 2649 1092 2675 dominantur
1103 2649 1171 2675 AC.
1253 2659 1292 2681 17.
1311 2652 1393 2675 vacat
1405 2659 1470 2675 eam

142 2684 169 2707 et
181 2681 268 2707 audit
282 2682 322 2707 A:
341 2682 454 2707 vocavit
466 2690 530 2707 eam
543 2684 571 2707 et
582 2682 702 2707 audivit
716 2682 737 2707 B
748 2689 753 2706 Ζ
776 2685 860 2707 vocat
876 2684 905 2708 et
916 2683 1003 2708 audit
1017 2683 1048 2708 C.
1162 2692 1202 2715 23.
1221 2683 1335 2709 dicitur
1344 2686 1373 2708 et
1385 2684 1470 2708 vadit

141 2722 196 2739 om.
215 2714 245 2741 B.
348 2723 387 2746 25.
408 2717 487 2740 metu
500 2716 540 2740 A:
561 2718 641 2740 motu
655 2715 694 2741 B:
714 2718 793 2741 meta
805 2715 838 2742 C.
909 2716 1083 2742 letariAC:
1103 2717 1196 2742 locari
1210 2717 1241 2742 B.
1322 2718 1362 2741 26.
1382 2720 1468 2742 natu-

139 2749 250 2774 ralz'ter
259 2748 285 2773 A
295 2747 318 2774 C
328 2754 334 2774 ζ
354 2748 493 2774 naturale
507 2748 541 2775 B.

381 2806 430 2837 33.
456 2798 613 2830 Bonum:
636 2797 738 2829 Arist.
756 2798 833 2829 Eth.
850 2798 980 2830 Nicom.
1000 2799 1020 2829 i.
1040 2806 1055 2840 7
1073 2810 1103 2841 p.
1126 2801 1216 2840 1098.

865 2872 888 2896 D
