2008 3305
166 256 254 284 CAP.
277 240 341 299 11.]
644 250 790 283 LIBER
822 248 1021 281 PRIMUS.
1725 242 1773 271 11

74 374 147 416 3D]
162 369 303 406 creavit
319 374 356 405 et
360 368 463 418 fecit
480 366 552 405 hoc
573 372 610 403 et
629 366 732 404 illud.
792 365 868 403 Sed
890 365 987 402 Gen.
1006 363 1043 401 ii.
1067 376 1101 410 4,
1117 368 1327 412 postquam
1337 360 1504 411 perfecti

162 443 252 477 sunt
282 439 351 474 celz'
379 441 413 474 et
440 441 557 483 terra,
589 436 795 474 introducit
820 435 981 485 Moyses
1013 446 1159 472 nomen
1187 432 1371 470 Domini:
1411 430 1498 476 Iste,

163 509 298 558 inquit,
311 512 405 561 Ι,ςιιηΐ
413 508 674 556 generacz'ones
698 508 768 544 eelz·
784 511 818 544 et
834 511 930 544 terre
949 506 1096 555 quando
1123 508 1241 541 create
1259 507 1358 548 sunt,
1380 504 1420 539 in
1441 503 1498 539 dz'e

163 592 232 629 quo
250 579 350 628 ficit
376 578 562 615 Dominus
586 579 699 615 celum
730 582 764 615 et
791 582 941 614 terram.
999 576 1108 614 Deus
1140 575 1243 613 enim
1277 574 1382 624 prius
1411 572 1499 610 fecit

133 668 150 699 5
166 650 297 688 omnia
317 648 429 687 simul
444 655 652 698 antequam
674 649 894 695 servierunt,
910 654 946 685 et
966 659 1046 685 non
1062 653 1272 696 antequam
1287 644 1499 683 servierunt

164 720 233 757 fuit
262 719 370 757 Deus
399 730 533 756 eorum
565 719 767 757 dominus:
799 719 888 756 ideo
917 730 999 755 non
1032 723 1239 766 antequam
1272 714 1499 752 universitas

165 796 339 827 narratur
357 788 528 839 perfecta
547 796 704 827 vocatur
720 789 828 827 Deus
848 790 1026 826 dominus.
1083 787 1133 825 Et
1153 786 1260 837 quod
1280 785 1498 823 dominium

164 861 211 898 sit
231 867 368 898 natura
387 860 578 909 posterius
595 866 769 898 creatura
785 859 834 897 ad
850 872 969 909 quam
985 858 1247 909 principaliter
1261 856 1499 900 terminatur,

164 937 270 981 patet
303 943 352 968 ex
381 930 455 968 hoc
485 930 591 980 quod
621 931 670 968 ab
703 930 789 980 ipso
822 930 988 968 termino
1009 928 1268 968 essencialiter
1301 926 1498 976 dependet

115 1018 155 1040 10
167 1001 392 1048 dominium,
425 1007 467 1038 ut
498 1013 521 1038 a
552 1013 693 1039 causa:
727 1014 821 1051 ergo
855 1001 941 1039 talis
971 1000 1156 1038 terminus
1190 1006 1247 1037 est
1279 997 1502 1036 naturaliter

164 1073 268 1123 prior
282 1072 467 1110 dominio.
515 1072 577 1109 Ex
594 1084 671 1122 quo
690 1078 795 1122 patet
811 1072 917 1122 quod
937 1071 1043 1122 prius
1062 1077 1120 1109 est
1136 1069 1330 1109 servientis
1350 1068 1501 1106 creacio

164 1155 283 1193 quam
313 1149 370 1181 est
400 1142 486 1188 Dei,
518 1150 696 1193 respectu
726 1143 834 1191 illius,
869 1142 1113 1181 dominacio:
1149 1154 1241 1179 nam
1274 1141 1363 1179 ideo
1394 1139 1502 1177 Deus

165 1214 385 1252 dominatur
404 1220 586 1261 creature,
609 1215 698 1264 quia
719 1221 775 1253 est
796 1215 877 1252 eius
902 1220 1074 1260 creator;
1104 1220 1142 1251 et
1162 1219 1349 1258 creatura,
1369 1211 1460 1261 quia
1481 1223 1503 1248 a

166 1284 255 1322 Deo
285 1290 447 1330 creatur,
467 1284 556 1322 ideo
586 1285 698 1323 servit
727 1284 840 1323 Deo:
870 1297 964 1335 ergo
995 1284 1204 1323 conclusio.
1262 1283 1371 1320 Prius
1398 1281 1502 1320 enirn

117 1373 154 1405 15
167 1356 285 1393 habet
306 1362 479 1393 creatura
500 1367 583 1394 esse
611 1368 633 1393 a
653 1355 752 1403 Deo,
774 1363 811 1394 et
831 1368 899 1405 per
926 1368 1171 1406 consequens
1191 1367 1213 1392 a
1232 1354 1319 1392 Deo
1340 1359 1501 1398 creatur,

167 1432 376 1476 antequam
410 1426 524 1464 servit
558 1425 657 1464 Deo.
715 1426 800 1465 Nec
838 1433 895 1465 est
933 1426 1211 1465 inconveniens
1250 1425 1318 1464 sed
1355 1423 1503 1462 racioni

94 1510 155 1540 4A
167 1508 385 1535 consonum
406 1496 511 1547 quod
538 1504 714 1535 creatura
739 1496 758 1516 *
787 1504 920 1535 causat
940 1497 979 1534 in
1000 1497 1087 1535 Deo
1113 1496 1299 1546 quotlibet
1318 1495 1502 1540 dominia,

167 1580 256 1606 cum
276 1568 475 1617 quodlibet
490 1568 564 1605 tale
580 1568 796 1606 dominium
818 1568 864 1606 sit
883 1567 1169 1606 accidentaliter
1188 1566 1275 1605 Deo
1291 1566 1503 1604 inexistens

168 1639 249 1677 sine
269 1638 350 1677 eius
376 1639 639 1685 mutabilitate,
661 1646 703 1676 ut
724 1639 813 1677 dicit
833 1638 1080 1684 Anshelmus,
1100 1638 1166 1676 ubi
1187 1649 1313 1686 supra.
1371 1635 1503 1674 Nichil

115 1725 155 1748 20
167 1717 298 1748 tamen
326 1715 454 1759 potest
476 1709 600 1747 facere
624 1709 755 1747 Deum
784 1710 985 1748 efficaciter
1008 1709 1068 1746 vel
1100 1708 1262 1746 finaliter
1287 1707 1503 1753 dominum,

166 1786 292 1830 preter
311 1792 352 1818 se
368 1781 494 1830 ipsum
508 1793 518 1827 ;
539 1793 611 1819 nec
633 1780 777 1830 aliquid
798 1780 1008 1818 subiective
1026 1779 1086 1817 vel
1105 1778 1354 1816 materialiter
1370 1783 1505 1816 causat

166 1851 226 1889 vel
262 1850 352 1888 facit
389 1851 518 1889 Deum
552 1852 742 1890 dominari
778 1851 827 1890 ad
866 1851 940 1889 Dei
973 1849 1248 1900 indigenciam‚
1279 1855 1322 1886 ut
1358 1848 1505 1898 patebit

168 1922 359 1972 posterius
380 1922 418 1959 in
438 1934 638 1971 processu.

225 1992 366 2030 Tercio
389 1993 536 2031 videtur
555 1993 802 2043 probabiliter
825 2005 941 2043 posse
968 1993 1040 2031 dici
1061 1992 1167 2043 quod
1186 1991 1260 2030 Dei
1287 1991 1503 2030 dominium
1517 2000 1539 2024 3-
1557 1991 1583 2016 It
1597 1990 1620 2017 is
1632 1990 1766 2025 probable

1516 2025 1578 2050 that
1592 2025 1679 2051 God's
1692 2025 1763 2051 lords

119 2079 157 2111 25
172 2070 227 2102 est
247 2063 453 2101 inmediate
474 2070 511 2101 et
530 2076 599 2113 per
619 2076 659 2102 se
684 2076 732 2102 ex
753 2064 966 2110 creacione,
987 2071 1025 2101 et
1051 2076 1124 2101 nec
1145 2076 1192 2100 ex
1212 2063 1293 2101 eius
1313 2063 1503 2112 guberna·
1516 2058 1783 2125 {?‡{{g}ggvff,ulf0{n

171 2135 281 2172 cione
301 2146 373 2172 nec
393 2135 702 2173 conservacione.
735 2134 810 2173 Pro
830 2147 909 2184 quo
931 2134 1163 2173 declarando
1183 2145 1364 2183 suppono
1385 2133 1489 2183 quod
1516 2134 1592 2158 ¹¹¹³0¹¹
1606 2125 1649 2151 ΜΞ
1665 2135 1783 2158 gove‘n·

1493 2164 1502 2179 ’
1516 2164 1593 2184 ment
1604 2168 1635 2185 or
1647 2159 1783 2188 maintem

171 2205 269 2243 sicut
295 2205 546 2244 conservacio
575 2212 748 2243 creature
777 2212 836 2244 est
863 2206 943 2243 eius
969 2205 1139 2243 servacio
1166 2204 1206 2241 in
1232 2217 1316 2242 esse
1341 2205 1503 2242 naturali
1515 2192 1700 2253 avxffiapfthe

170 2288 193 2314 a
216 2275 371 2322 nichilo,
394 2276 446 2314 sic
475 2276 556 2313 eius
585 2277 820 2325 gubernacio
845 2282 902 2314 est
928 2283 1098 2314 creature
1125 2275 1292 2314 direccio
1319 2276 1400 2314 sine
1429 2275 1503 2313 Dei

170 2347 348 2385 mercede
380 2347 457 2385 sive
487 2359 559 2397 pro
588 2347 742 2385 nichilo.
799 2346 891 2393 Quo
926 2347 1138 2396 supposito,
1169 2353 1274 2397 patet
1297 2347 1351 2385 sic
1380 2347 1504 2397 prima
1516 2351 1754 2414 gififflriesaffirrcgs

119 2440 160 2471 30
174 2418 377 2468 particula:
410 2418 548 2457 Omnis
569 2425 749 2464 creatura,
766 2418 806 2455 in
826 2425 1014 2468 quantum
1037 2418 1270 2464 huiusmodi,
1284 2418 1401 2456 habet
1420 2430 1504 2456 esse
1517 2428 1548 2446 2⁵
1561 2425 1721 2452 creatures;

171 2489 413 2527 subserviens
435 2488 628 2535 Creatori3
658 2501 751 2538 ergo
773 2501 886 2539 super
899 2501 1058 2527 omnem
1078 2496 1304 2536 ereaturam,
1320 2488 1360 2526 in
1380 2501 1503 2539 quan-

170 2566 252 2597 tum
271 2558 503 2606 huiusmodi,
527 2559 642 2597 habet
664 2558 826 2597 Creator
846 2559 1083 2606 dominium;
1115 2566 1152 2597 et
1172 2572 1240 2609 per
1259 2571 1503 2610 consequens

170 2629 325 2668 racione
351 2630 561 2668 creacionis
590 2636 648 2668 est
675 2629 867 2668 dominus.
924 2630 1184 2669 Confirmatur
1211 2643 1261 2669 ex
1289 2630 1366 2669 hoc
1396 2631 1503 2681 quod

206 2736 228 2759 4.
247 2727 392 2753 Dominus
403 2728 430 2753 A
442 2726 481 2759 (in
494 2729 592 2761 marg.)
605 2727 628 2753 C
666 2728 811 2754 Dominus
823 2728 904 2753 Deus
918 2727 950 2753 B.
1012 2727 1181 2760 priusfi’cit
1195 2728 1217 2754 B
1227 2727 1250 2755 C
1261 2735 1267 2755 :
1287 2727 1356 2755 fecit
1360 2728 1450 2761 prius
1462 2728 1497 2755 A.

173 2769 212 2787 20.
232 2763 331 2787 tamen
343 2762 382 2787 A2
395 2762 417 2787 Β
429 2769 435 2788 z
456 2764 518 2787 tam
532 2762 568 2787 Al
581 2762 611 2789 C.
718 2764 761 2789 26.
780 2764 789 2792 ΙΙ
802 2762 879 2795 quod
888 2763 963 2788 sicut
977 2761 999 2787 B
1013 2762 1030 2787 f.
1044 2771 1092 2794 113
1101 2770 1125 2788 c.

599 2856 647 2889 19.
673 2847 714 2879 V.
732 2857 840 2888 supra,
857 2857 888 2889 p.
907 2847 984 2879 101.
1004 2856 1053 2888 24.
