2095 3278
0 177 6 214 l
58 183 148 213 CAP.
171 169 272 227 v11.]
621 178 686 209 DE
718 177 963 210 PAUPERIE
995 175 1311 211 SALVATORIS.
1790 177 1870 220 391

0 249 5 268 χ,

160 293 256 335 28Β]
272 293 387 329 tivum
408 291 552 328 titulum
577 291 791 337 possidendi
818 292 865 326 ab
891 291 972 336 ipso
998 289 1168 335 originali
1195 289 1382 333 domini03
1410 288 1597 334 quoniam,
1608 294 1756 333 asaright
1769 295 1801 321 of

0 350 5 398 ἓξ
56 364 157 396 quam
174 362 204 385 B.
274 351 304 386 si
322 350 445 396 aliquo
463 351 535 385 alio
552 350 657 385 titulo
682 349 808 395 previo
834 348 994 393 positivo
1021 360 1099 383 rem
1126 348 1298 393 quamvis
1324 347 1456 393 aliquis
1482 337 1767 392 possi—{{{{⁴}{⁵,mg
1780 329 1818 361 by

274 409 387 452 deret,
406 419 481 443 non
499 415 598 443 esset
617 408 678 442 illa
696 406 881 453 possessio
899 407 1076 441 naturalis
1092 406 1307 451 simpliciter
1319 418 1388 440 nec
1403 406 1601 441 iustificata
1612 413 1636 430 1·

274 466 494 501 auctoritate
520 465 707 509 originalis
734 464 895 508 dominii,
923 471 978 499 set
1003 463 1149 499 alterius
1179 463 1314 498 adiecti
1343 463 1497 498 dominii
1523 464 1601 498 sive

241 524 360 568 5iuris
380 523 529 559 alterius
548 522 728 568 acquisiti,
755 535 799 558 ex
825 533 897 567 quo
923 523 969 556 ab
996 522 1068 556 alio
1094 522 1170 556 iure
1198 533 1262 556 seu
1288 521 1394 556 titulo
1419 521 1600 566 acquisito

273 581 400 626 previo
420 581 656 626 dependeret.
709 581 814 623 Item,
833 579 922 614 illud
944 579 1062 614 eciam
1085 578 1204 614 adieci
1230 585 1381 623 propter
1402 579 1601 623 impiorum
1612 595 1635 612 2.

273 638 565 683 occupacionem
593 649 715 672 rerum
743 637 933 682 iniquam3
966 636 1152 682 quoniam,
1179 635 1209 670 si
1236 635 1317 681 quis
1343 642 1518 680 peccator
1542 647 1602 670 res

274 702 443 741 occupat,
467 695 528 730 illa
552 695 752 740 occupacio
770 695 932 729 violenta
953 705 1028 729 non
1044 705 1130 729 vere
1158 693 1335 728 naturalis
1361 693 1494 736 existit,
1514 704 1603 738 quo-

273 753 374 788 niam
392 764 457 798 per
473 753 710 797 tyrannidem
728 752 809 787 illas
827 763 1008 797 occupare
1030 758 1213 793 censetur,
1232 751 1320 796 quia
1337 757 1467 785 contra
1484 751 1604 795 legem

221 825 259 847 10
273 811 460 857 suppremi
479 811 621 846 domini
639 811 852 853 earundem,
871 809 1023 852 scilicet,
1041 809 1181 844 domini
1202 809 1273 844 Dei
1292 809 1357 844 sui.

321 871 413 904 IOH.
441 869 638 913 Quomodo
657 867 872 903 innaturalis
890 874 946 903 est
969 867 1030 902 illa
1055 867 1241 912 possessio
1265 867 1313 902 ad
1336 878 1447 912 quam
1469 872 1602 901 natura

274 926 457 972 impellit?
505 927 676 962 Solemus
710 926 808 961 enim
842 938 887 961 ea
920 937 1013 971 quae
1047 936 1091 960 ex
1124 925 1301 960 instinctu
1335 925 1411 959 sive
1440 924 1601 969 impulsu

273 990 404 1018 nature
421 990 595 1028 geruntur
612 984 810 1019 naturalia
827 984 1014 1029 appellare
1031 995 1039 1027 ;
1066 983 1115 1018 ad
1133 983 1242 1018 istam
1260 989 1386 1017 autem
1399 981 1600 1027 possessio-

273 1052 358 1076 nem
375 1053 498 1077 rerum
515 1042 808 1077 necessariarum
825 1042 874 1076 ad
891 1041 1005 1076 vitam
1020 1052 1094 1075 non
1107 1040 1260 1075 dubium
1273 1047 1405 1075 natura
1422 1039 1577 1085 impellit
1593 1051 1601 1083 ;

222 1107 259 1139 15
274 1100 372 1135 unde
388 1100 563 1134 naturalis
581 1100 700 1135 eciam
719 1099 756 1134 in
773 1106 969 1144 peccatore
987 1110 1069 1134 esse
1087 1098 1243 1133 videtur.

322 1159 409 1194 RIC.
436 1160 496 1193 De
521 1158 664 1193 actibus
689 1158 931 1201 naturalibus,
958 1163 1067 1202 prout
1092 1158 1258 1191 naturale
1284 1162 1413 1190 contra
1435 1157 1604 1191 volunta-

274 1216 370 1251 rium
400 1215 647 1260 distinguitur,
677 1227 806 1251 verum
836 1215 952 1258 dicis;
988 1215 1075 1260 quia
1101 1214 1279 1259 quicquid
1309 1214 1447 1258 geritur
1476 1225 1521 1249 ex
1549 1213 1605 1248 in-

0 1310 1 1314 ,
275 1273 412 1309 stinctu
440 1274 516 1309 sive
543 1274 704 1319 impulsu
731 1280 861 1308 nature
890 1284 964 1308 non
992 1273 1161 1308 adhibita
1193 1272 1385 1307 voluntate
1411 1278 1468 1307 est
1499 1278 1605 1306 actus

0 1332 2 1368 I
273 1331 453 1367 naturalis
479 1332 711 1374 censendus;
739 1331 857 1376 qualis
884 1342 959 1365 non
985 1337 1041 1365 est
1063 1337 1167 1366 actus
1189 1336 1387 1375 pretactus.
1439 1331 1498 1364 De
1520 1336 1605 1365 actu

0 1401 3 1424 ν
56 1391 195 1424 violente
211 1399 241 1423 B.
274 1402 339 1425 seu
356 1389 483 1424 habitu
501 1388 671 1434 naturali,
690 1395 798 1434 prout
816 1389 984 1423 naturale
1003 1388 1163 1423 violento
1180 1388 1390 1433 opponitur,
1411 1399 1487 1422 non
1504 1394 1605 1423 recte

274 1448 312 1482 id
343 1447 462 1491 dicis;
490 1446 665 1492 quoniam
690 1446 740 1481 ibi
766 1453 873 1481 actus
898 1453 961 1481 aut
986 1447 1149 1489 habitus,
1176 1452 1215 1481 ut
1242 1445 1288 1480 sit
1315 1446 1506 1489 naturalis,
1531 1457 1606 1480 non

273 1505 470 1549 violentus,
497 1504 779 1539 condicionibus
805 1504 949 1539 duabus
974 1504 1171 1549 perficitur,
1199 1503 1349 1547 scilicet,
1380 1510 1419 1538 ut
1447 1503 1493 1538 sit
1519 1515 1607 1538 con-

272 1562 403 1598 formis
432 1568 562 1597 nature
590 1562 776 1607 impulsui,
804 1568 840 1596 et
868 1567 906 1596 ut
941 1562 987 1596 sit
1023 1561 1235 1604 conformis,
1268 1572 1344 1595 non
1378 1561 1606 1606 discrepans,

273 1620 399 1666 gracie
425 1620 615 1665 spirituali,
642 1631 712 1665 que
738 1626 794 1655 est
819 1620 939 1655 forma
968 1619 1090 1654 omnis
1120 1619 1205 1654 iusti
1235 1619 1431 1654 voluntarii
1459 1619 1607 1654 habitus

220 1686 259 1718 25
274 1685 385 1724 atque
402 1685 533 1713 actus:
562 1684 598 1713 et
622 1679 670 1713 ob
695 1679 778 1722 hoc,
802 1677 889 1723 quia
915 1676 987 1712 ista
1010 1676 1199 1722 possessio
1225 1683 1325 1712 caret
1350 1677 1470 1711 forma
1495 1688 1607 1722 quam

275 1737 426 1772 deberet
443 1737 593 1780 habere,
611 1747 680 1771 nec
697 1747 720 1770 a
737 1736 817 1770 solo
840 1735 997 1770 naturali
1016 1735 1176 1780 impulsu
1200 1735 1380 1779 procedit,
1408 1741 1463 1770 set
1487 1734 1607 1769 eciam

274 1806 298 1829 a
330 1795 519 1829 voluntate
547 1805 623 1829 non
656 1793 762 1837 iusta,
797 1793 1025 1835 innaturalis,
1055 1804 1129 1828 non
1168 1793 1358 1836 naturalis,
1392 1792 1609 1838 simpliciter

273 1852 489 1887 affirmatur.

324 1911 416 1945 IOH.
444 1909 483 1945 Si
502 1908 587 1943 talis
606 1920 727 1944 rerum
745 1920 832 1944 usus
851 1908 928 1943 sive
946 1907 1135 1953 possessio
1153 1907 1190 1942 in
1209 1914 1388 1953 peccante
1406 1907 1609 1943 mortaliter

221 1977 263 2009 30
276 1966 493 2002 innaturalis
530 1967 675 2010 existat,
711 1966 947 2011 consequitur
980 1966 1080 2011 quod
1114 1966 1161 2001 sit
1194 1977 1280 2000 vere
1312 1972 1531 2010 peccatum;
1566 1972 1605 2000 at

275 2030 427 2060 econtra
445 2024 614 2059 omittere
632 2024 705 2059 vite
723 2023 933 2066 necessaria
951 2023 1003 2058 ita
1019 2029 1076 2058 est
1094 2022 1131 2057 in
1149 2029 1344 2067 peccatore
1361 2023 1603 2058 homicidium

276 2088 313 2117 et
331 2088 538 2127 peccatum,
557 2082 649 2116 sicut
668 2081 705 2116 in
724 2081 819 2116 iusto
835 2093 842 2116 :
869 2088 905 2116 et
923 2081 974 2115 ita
992 2081 1230 2126 consequitur
1253 2081 1350 2126 quod
1371 2081 1491 2115 omnis
1518 2092 1603 2126 pec-

275 2146 377 2174 cator
395 2140 432 2174 in
449 2139 549 2174 omni
567 2151 636 2174 usu
654 2139 711 2173 vel
728 2140 845 2173 abusu
863 2150 985 2173 rerum
1002 2149 1046 2173 ac
1064 2138 1298 2183 possessione
1313 2150 1440 2173 earum
1459 2139 1505 2173 sit
1519 2150 1606 2174 vere

275 2198 480 2242 perplexus,
500 2197 551 2232 ita
568 2197 667 2242 quod
691 2196 768 2232 sive
793 2203 916 2231 utatur
942 2195 1018 2231 sive
1044 2196 1190 2231 omittat
1216 2202 1370 2240 peccato
1395 2207 1492 2231 novo
1519 2208 1607 2231 con-

222 2262 262 2295 35
277 2255 488 2299 stringitur3
527 2254 627 2300 quod
658 2260 757 2290 stare
787 2265 862 2289 non
892 2260 1026 2299 potest,
1055 2253 1141 2299 quia
1166 2260 1255 2288 tunc
1290 2254 1402 2289 homo
1436 2260 1607 2299 peccaret

276 2313 425 2347 invitus.

324 2372 411 2406 RIC.
438 2369 623 2406 Ultimum
640 2370 740 2415 quod
758 2369 870 2405 infers
887 2380 963 2404 non
981 2369 1155 2414 sequitur,
1168 2380 1254 2404 cum
1268 2368 1422 2414 quisque
1435 2375 1609 2414 peccator

277 2428 314 2463 in
332 2439 550 2473 quocunque
568 2434 769 2472 momento,
788 2433 827 2462 ut
845 2427 1053 2462 communis
1077 2428 1188 2462 habet
1207 2426 1342 2471 opinio,
1361 2428 1483 2462 valeat
1501 2439 1606 2462 vera-

277 2486 368 2521 citer
392 2485 567 2531 penitere,
594 2492 629 2521 et
656 2485 710 2520 sic
736 2485 816 2520 sine
843 2486 949 2530 culpa
974 2496 1034 2519 res
1060 2483 1193 2529 poterit
1218 2484 1333 2519 libere
1360 2485 1551 2529 possidere
1570 2491 1606 2520 et

222 2552 265 2584 40
278 2555 363 2578 cum
381 2543 505 2588 gracia
522 2543 575 2578 eis
600 2543 652 2578 uti
672 2554 680 2587 ;
706 2542 817 2586 unde,
844 2542 874 2577 si
899 2542 1066 2587 penitere
1090 2541 1247 2577 noluerit
1267 2548 1303 2577 et
1328 2548 1414 2577 ante
1439 2542 1606 2587 peniten-

278 2600 375 2636 ciam
393 2602 503 2636 rebus
517 2606 651 2644 utatur,
678 2600 820 2645 penitat
846 2599 1063 2643 voluntarie,
1090 2611 1166 2634 non
1190 2598 1328 2635 invite:
1356 2605 1394 2634 at
1420 2600 1449 2634 si
1477 2600 1607 2635 dixeri-

278 2669 372 2701 mus,
407 2659 507 2703 quod
540 2658 622 2693 aliis
655 2658 801 2693 videtur
833 2657 1037 2702 probabile,
1072 2657 1173 2702 quod
1208 2669 1282 2692 non
1316 2657 1353 2691 in
1387 2668 1608 2702 quocunque

238 2722 465 2756 cmomento
495 2722 616 2761 potest
645 2715 842 2761 quisquam
872 2721 1045 2760 peccator
1075 2714 1301 2750 sufficienter
1329 2721 1368 2750 ut
1396 2715 1416 2735 ’¹‘
1442 2715 1607 2760 graciam

0 2793 1 2823 3
282 2773 437 2819 recipiat
464 2773 641 2819 penitere,
667 2773 751 2809 licet
778 2773 915 2808 incerto
944 2772 1119 2818 temporis
1145 2778 1263 2808 tractu
1291 2773 1360 2808 hoc
1385 2773 1513 2819 possit,
1539 2773 1605 2809 tibi

0 2827 1 2855 l

0 2857 2 2876 l
