2008 3305
258 244 469 301 CAP.X1V.]
736 255 879 287 LIBER
912 255 1107 287 PRIMUS.
1781 257 1859 299 123

133 374 235 416 40D]
254 370 373 407 homo
394 376 536 419 peccet,
559 369 684 418 placet
705 370 777 407 sibi
798 369 903 419 quod
923 376 1085 418 peccato
1107 369 1242 406 serviat
1259 382 1268 415 3
1299 375 1336 406 et
1356 381 1425 417 per
1444 381 1580 407 conse-

252 451 374 489 quens
393 446 435 476 ut
455 440 506 477 sic
528 439 692 476 serviens
713 440 823 477 servit
844 439 943 477 Deo.
986 439 1097 485 Item,
1116 439 1146 475 si
1167 439 1272 476 Deus
1286 439 1364 475 vult
1379 447 1579 488 peccatum
1592 446 1859 506 filaltfsffijocghxglillllgd

252 522 335 548 esse
370 515 407 548 et
436 517 638 559 peccatum
668 516 726 547 est
755 509 919 547 factibile
950 508 1007 560 (ut
1036 515 1140 558 patet
1174 509 1257 546 Ioh.
1283 506 1376 560 viii.)
1411 510 1579 559 sequitur
1591 513 1860 573 ἱξῖῐὴεῖἔνουὶάεοτη-

253 580 358 630 quod
399 580 486 618 facit
517 586 732 630 peccatum.
789 580 839 617 Et
877 592 965 617 cum
1005 581 1121 617 omnis
1158 581 1228 628 quz'
1244 580 1359 629 facit
1386 585 1578 629 peccalum

219 662 236 694 5
250 663 379 688 servus
405 655 458 687 est
474 652 627 700 peccalz',
649 651 861 688 secundum
882 651 1104 695 Veritatem,
1127 649 1209 687 Ioh.
1230 650 1302 687 viii.
1326 662 1387 698 34,
1410 651 1579 700 sequitur

251 721 357 771 quod
386 721 494 759 Deus
523 722 690 759 serviens
721 728 881 770 peccato
912 734 991 758 non
1022 721 1068 758 sit
1098 733 1273 758 summus
1298 721 1489 767 dominus,
1512 721 1579 759 sed

250 797 453 840 peccatum
466 804 475 838 ;
504 792 609 841 quod
624 798 682 829 est
696 798 830 829 contra
847 791 1036 829 declarata
1052 791 1224 829 secundo
1239 791 1418 840 capitulo.
1467 792 1576 837 Item,
1587 791 1858 857 ᾗίῑῗῐῐῖῐῇᾶῐῐῗῑῑξῦζίζῐξ-

249 873 297 898 ex
318 874 397 911 quo
417 862 541 911 placet
561 861 648 900 Deo
675 862 780 911 quod
808 861 927 899 homo
953 868 1097 911 peccet,
1123 862 1292 911 sequitur
1320 862 1426 911 quod
1453 868 1579 911 potest

248 933 442 981 precipere
462 945 524 970 me
550 945 735 982 peccare;
766 939 803 969 et
828 938 932 982 patet
953 932 1057 981 quod
1082 932 1157 970 hoc
1180 932 1282 970 sacto
1302 933 1426 971 debeo
1445 946 1578 982 parere

197 1017 237 1039 10
249 1003 434 1040 mandato
455 1002 612 1040 Domini
627 1016 636 1049 ;
658 1010 695 1040 et
716 1015 783 1052 per
798 1015 1055 1053 consequens,
1073 1015 1162 1040 cum
1183 1003 1307 1041 debeo
1328 1004 1382 1041 sic
1403 1016 1578 1053 peccare,

247 1073 420 1121 sequitur
439 1073 544 1122 quod
565 1086 643 1111 non
660 1080 863 1122 peccatum
879 1074 946 1111 sed
962 1074 1141 1111 meritum
1158 1074 1205 1111 sit
1220 1082 1438 1123 peccatum.
1473 1075 1577 1112 Nam

247 1143 278 1180 si
314 1142 506 1192 Scripture
541 1149 578 1180 et
610 1144 756 1181 racioni
787 1144 975 1182 debemus
1009 1144 1176 1191 credere,
1208 1151 1314 1194 patet
1349 1145 1454 1194 quod
1489 1146 1575 1194 qui-

152 1220 233 1250 41A
247 1225 401 1264 cunque
439 1215 640 1252 servaverit
679 1215 862 1252 mandata
902 1215 1071 1260 Domini,
1109 1215 1155 1252 de
1191 1222 1298 1253 tanto
1335 1215 1353 1235 *
1390 1216 1509 1266 diligit
1539 1223 1576 1254 et

246 1291 425 1329 meretur,
458 1297 546 1322 cum
578 1297 694 1323 nemo
729 1298 821 1323 sane
851 1285 942 1323 dicit
970 1286 1076 1335 quod
1105 1286 1191 1335 quis
1220 1287 1317 1324 iuste
1345 1287 1577 1336 dampnatur

194 1362 231 1395 15
246 1355 335 1403 quia
366 1355 454 1392 facit
493 1355 597 1405 quod
630 1356 759 1393 debuit
789 1369 836 1393 ex
866 1363 1061 1405 precepto.
1116 1355 1201 1394 Nec
1228 1357 1375 1394 videtur
1404 1358 1575 1407 fingibile

245 1426 350 1475 quin,
373 1426 402 1463 si
432 1426 539 1464 Deus
561 1427 681 1476 diligit
703 1427 808 1477 quod
829 1427 914 1477 quis
941 1434 1083 1476 peccet,
1104 1434 1232 1476 potest
1257 1428 1350 1465 illud
1371 1429 1575 1466 ostendere

243 1504 281 1535 et
309 1497 508 1547 precipere
537 1505 577 1535 ut
605 1510 721 1547 opere
742 1499 990 1547 compleatur.
1048 1498 1158 1544 Item,
1182 1499 1212 1536 si
1233 1498 1341 1537 Deus
1363 1499 1450 1537 velit
1470 1500 1575 1549 quod
1587 1508 1611 1526 2-
1631 1500 1686 1526 and
1701 1500 1744 1527 his
1756 1510 1803 1527 ex-

1586 1535 1678 1566 ample
1692 1535 1786 1561 would

241 1569 363 1606 homo
384 1575 530 1617 peccet,
552 1568 625 1606 hoc
656 1569 771 1606 vellet
791 1569 990 1618 potissime
1011 1576 1167 1618 propter
1187 1570 1335 1607 bonum
1362 1571 1451 1608 inde
1479 1583 1572 1609 con·
1586 1568 1835 1628 {fecthfflsssgffgffi

1503 1642 1570 1679 sed
1585 1635 1743 1699 ἑζῗῐξεῗςοοά
1756 1644 1822 1668 may

245 1650 421 1689 sequens,
452 1639 511 1676 vel
541 1639 824 1688 perfeccionem
853 1639 912 1677 vel
948 1640 1245 1688 pulcritudinem
1273 1641 1461 1688 universi3

191 1725 231 1748 20
243 1722 332 1748 cum
362 1711 489 1748 omnis
520 1710 593 1748 Dei
626 1710 726 1748 actio
761 1711 806 1747 sit
837 1716 968 1748 nostra
1006 1711 1224 1758 instruccio‚
1258 1712 1429 1761 sequitur
1466 1713 1573 1762 quod

241 1781 371 1820 liceret
400 1780 512 1819 nobis
544 1788 745 1831 tamquam
776 1781 859 1819 filiis
883 1781 1112 1819 imitacionis
1143 1782 1267 1820 taliter
1294 1783 1402 1832 sequi
1429 1782 1571 1829 Deum,

240 1851 416 1890 faciendo
438 1849 613 1903 (scilicet)
635 1853 736 1890 mala
756 1857 799 1889 ut
820 1853 913 1890 bona
941 1853 1134 1889 eveniant:
1163 1865 1410 1903 consequens
1437 1860 1571 1892 contra
1583 1853 1850 1920 ζξέῑέξὲξῆἰξὲῐῗξὴ·

241 1923 456 1961 doctrinam
477 1923 652 1973 apostoli,
672 1922 787 1961 Rom.
807 1935 842 1959 v.
859 1929 897 1960 et
917 1923 963 1960 vi.
984 1924 1170 1972 capitulis.
1231 1923 1269 1960 Si
1289 1936 1381 1973 ergo
1402 1936 1474 1962 nos
1490 1937 1571 1962 non

242 1994 430 2031 debemus
450 2001 627 2043 appetere
647 1994 775 2032 media
795 1994 925 2032 illicita
952 1999 1113 2044 propter
1140 1994 1237 2032 fines
1270 1994 1403 2041 licitos,
1423 2002 1571 2044 quanto

189 2075 226 2108 25
241 2065 365 2114 magis
381 2064 488 2102 Deus
502 2065 761 2114 omnipotens,
776 2066 815 2102 in
827 2065 933 2103 cuius
946 2064 1128 2114 potencia
1142 2071 1199 2102 est
1211 2065 1390 2102 ordinare
1411 2077 1571 2103 ornnem

239 2136 357 2173 finem
387 2135 521 2173 utilem
545 2148 613 2185 per
635 2136 763 2173 media
793 2136 896 2174 licita
924 2143 961 2173 et
987 2137 1161 2182 honesta,
1183 2148 1263 2173 non
1287 2135 1460 2185 diligeret
1477 2149 1569 2186 pec-

238 2213 369 2244 catum
388 2213 544 2256 propter
564 2207 683 2244 finem
703 2207 850 2244 licitum
870 2213 908 2244 et
926 2206 1156 2252 honestum;
1187 2218 1291 2256 ymo,
1313 2207 1344 2244 si
1365 2206 1569 2256 diligenter

237 2277 471 2326 inspicimus,
496 2278 667 2328 sequitur
696 2277 802 2327 quod
831 2277 979 2314 nullum
1006 2283 1208 2327 peccatum
1235 2284 1360 2327 potest
1386 2290 1469 2315 esse
1497 2278 1569 2315 illi-

237 2349 365 2394 citum,
387 2349 476 2397 quia
497 2360 650 2386 summo
670 2347 843 2386 Domino
863 2347 950 2385 licet
977 2348 1102 2386 facere
1123 2359 1239 2385 omne
1265 2348 1413 2385 bonum
1435 2349 1567 2386 scibile

185 2430 226 2460 30
239 2418 342 2467 quod
363 2419 482 2457 oculis
504 2420 580 2457 suis
599 2420 738 2469 placet:
764 2431 1006 2469 consequens
1022 2425 1152 2457 tamen
1173 2425 1308 2457 contra
1330 2419 1566 2468 Scripturam

237 2501 326 2526 cum
347 2490 501 2527 racione
521 2491 656 2528 morali
677 2497 886 2540 ponentem
912 2496 1071 2539 peccata
1097 2503 1181 2529 esse
1208 2491 1333 2540 turpia
1360 2497 1396 2528 et
1417 2491 1544 2528 illicita
1556 2504 1565 2537 ;

237 2566 278 2596 ut
298 2566 402 2608 patet
423 2561 469 2597 de
490 2561 710 2609 arguicione
731 2561 902 2599 Herodis
928 2573 998 2610 per
1024 2567 1200 2599 sanctum
1227 2561 1441 2610 Baptistam
1461 2573 1563 2599 asse-

235 2637 384 2667 rentem
405 2631 510 2680 quod
537 2643 616 2669 non
642 2632 730 2669 licet
759 2632 831 2669 sibi
850 2631 992 2669 habere
1018 2644 1181 2670 uxorem
1201 2632 1325 2670 fratris
1346 2632 1415 2679 sui,
1438 2631 1561 2671 Marc.

272 2741 310 2764 17.
330 2733 511 2765 compleatur
520 2733 546 2758 A
556 2733 595 2760 C:
616 2734 778 2767 impleatur
790 2734 823 2761 B.
957 2736 998 2761 18.
1016 2735 1102 2761 vellet
1115 2735 1154 2761 B:
1174 2736 1250 2762 volet
1262 2735 1287 2761 A
1296 2735 1328 2762 C.
1458 2744 1497 2768 31.
1513 2737 1562 2767 po—

236 2768 349 2792 nentem
363 2766 402 2792 B:
417 2769 539 2799 ponente
551 2768 577 2793 A
587 2767 620 2794 C.

649 2858 676 2892 7.
701 2852 818 2894 Supra,
834 2852 884 2885 ch.
903 2852 936 2884 ii.
953 2863 1009 2894 pp.
1029 2861 1064 2883 11
1084 2863 1149 2894 seq.
