2095 3278
44 210 132 239 cAP.
157 194 330 254 xxxn1.]
568 206 632 238 DE
666 206 910 239 PAUPERIE
945 205 1254 238 SALVATORIS.

152 309 245 352 360]
261 309 354 345 citur
378 316 482 344 actus
508 310 830 345 accomodacionis
857 321 939 345 esse
966 310 1061 344 inter
1085 315 1190 344 actus
1216 308 1403 353 originalis
1427 307 1580 343 dominii

259 368 542 412 computandus.

309 424 399 459 IOH.
427 425 466 460 Si
496 425 813 460 commodatarius
841 436 917 459 rem
945 425 1222 459 commodatam
1255 435 1328 459 non
1362 423 1583 459 restituisset

259 488 398 516 statuto
415 488 580 527 tempore
598 482 862 525 commodanti,
881 481 1029 517 inferret
1055 482 1108 516 sic
1132 481 1383 516 commodanti
1410 481 1582 516 iniuriam

229 545 409 584 5pactum
436 540 637 583 solvend03
666 540 798 574 iniuria
815 551 902 574 vero
927 540 980 583 (ut
998 538 1157 582 videtur)
1177 539 1304 584 nequit
1330 538 1483 583 intelligi
1510 539 1581 573 sibi

260 597 382 631 inferri
410 597 480 632 nisi
508 604 636 632 contra
666 598 721 632 ius
753 597 831 632 eius
861 598 1016 642 agendo,
1046 597 1196 640 scilicet,
1223 597 1279 632 ius
1309 597 1582 632 commodantis

258 654 418 689 ledendo
436 654 513 689 sive
527 655 689 689 tollendo
700 668 709 697 3
733 655 845 690 habet
863 667 951 699 ergo
968 655 1217 689 accomodans
1235 655 1271 689 in
1289 666 1327 689 re
1346 656 1583 690 commodata

259 709 315 746 ius
333 711 482 756 aliquod
500 713 599 756 quod
617 712 928 747 commodatarius
948 712 1031 747 talis
1049 723 1123 746 non
1141 713 1265 747 habet.

308 770 394 804 RIC.
424 771 507 804 Hec
533 770 660 814 obicis,
687 769 774 814 quia
799 770 848 804 ad
874 770 1122 813 indigenciam
1148 770 1310 804 humane
1334 769 1409 804 vite
1435 769 1582 804 oculum

41 837 183 876 suprann-
258 833 319 862 tue
333 827 469 862 mentis
487 826 655 870 inflectis,
668 827 786 872 qualis
803 826 855 871 (ut
871 839 979 872 supra
997 826 1249 872 probavimus)
1270 828 1306 861 in
1325 827 1582 862 innocentibus

40 880 111 911 cap·
128 879 197 900 '³¹¹¹'
259 883 361 919 nulla
384 884 525 919 fuisset.
577 885 640 919 Set
668 885 718 919 ita
740 885 786 919 de
812 885 1028 919 innocencie
1055 892 1193 920 statum
1218 886 1440 920 habentibus
1465 886 1581 920 debes

40 955 148 986 supra,
165 956 197 987 p.
258 941 406 985 sentire,
419 941 513 976 sicut
525 942 562 976 in
577 942 648 977 fine
662 942 770 987 primi
784 943 897 977 libelli
910 943 955 977 de
970 943 1282 978 accomodacione
1293 950 1329 978 et
1343 943 1582 988 deposicione

42 997 116 1029 3¹5·
257 1011 302 1034 ac
327 999 591 1044 pignoracione
616 1000 786 1045 passivis,
812 1000 969 1045 qualiter
996 1002 1078 1035 Deo
1104 1007 1259 1046 possunt
1285 1000 1493 1044 convenire,
1518 1011 1580 1036 ex-

256 1058 480 1102 pressimus3
516 1058 666 1101 scilicet,
694 1058 793 1103 quod
819 1069 966 1103 semper
990 1059 1051 1093 ubi
1081 1065 1249 1103 receptor
1277 1070 1344 1103 par
1373 1059 1428 1093 ius
1454 1059 1580 1094 utendi

206 1124 243 1156 15
256 1126 322 1159 per
339 1115 464 1150 omnia
481 1115 594 1150 habet
612 1114 648 1150 in
666 1127 705 1150 re
729 1116 777 1150 ab
801 1127 845 1150 eo
872 1122 1019 1161 recepta
1037 1116 1334 1159 commodaticie,
1353 1117 1580 1161 depositicie,

39 1179 114 1207 ante
129 1175 245 1206 eossab
257 1184 322 1207 seu
347 1172 599 1218 pignoraticie,
626 1184 711 1207 cum
736 1185 779 1208 eo
806 1173 867 1218 qui
893 1185 970 1208 rem
997 1173 1046 1208 illi
1074 1174 1299 1216 commodat,
1326 1175 1490 1219 deponit,
1516 1182 1579 1210 aut

40 1219 164 1250 inserit.
256 1230 438 1275 pignorat,
467 1231 567 1265 nulla
595 1237 718 1275 potest
747 1242 828 1266 esse
862 1231 957 1266 inter
990 1232 1090 1276 ipsos
1123 1232 1366 1266 restitutionis
1395 1232 1580 1277 obligacio

209 1289 449 1332 Dabsoluta3
489 1288 575 1333 quia
604 1289 686 1323 talis
720 1289 903 1333 obligacio
936 1289 992 1323 ius
1022 1290 1149 1324 utendi
1179 1289 1216 1323 in
1247 1290 1362 1324 altero
1390 1290 1407 1310 *
1435 1302 1581 1335 semper

39 1354 164 1397 quoad:
186 1356 233 1386 ad
256 1345 449 1381 minueret.
500 1347 563 1381 Set
585 1358 731 1391 semper
755 1347 878 1391 quoad
904 1346 1177 1381 restitucionem
1202 1347 1412 1382 faciendam
1430 1354 1485 1382 est
1510 1349 1580 1383 hec

39 1406 70 1429 B·
256 1403 425 1438 condicio
440 1404 625 1438 intellecta
641 1404 710 1441 nisi
726 1416 837 1439 causa
850 1405 1085 1439 racionabilis
1103 1416 1200 1439 nova
1213 1413 1411 1450 consurgat
1425 1418 1432 1449 ;
1461 1407 1579 1451 qualis

39 1464 78 1495 in
95 1474 159 1495 om.
174 1472 213 1496 M.
256 1461 292 1495 in
311 1461 527 1496 innocencie
546 1468 682 1496 statum
699 1462 933 1504 habentibus,
947 1463 976 1496 si
994 1473 1149 1507 peccare
1162 1475 1236 1497 non
1254 1470 1418 1508 possent,
1433 1475 1580 1509 semper

27 1518 169 1568 fu30m.
182 1526 213 1551 Β.
255 1519 385 1554 fuisset
413 1520 492 1553 sola
518 1530 593 1553 non
623 1519 841 1555 restituendi
869 1521 1051 1563 voluntas,
1082 1532 1153 1566 que
1183 1520 1220 1555 in
1252 1521 1322 1555 illis
1352 1521 1467 1567 impia
1496 1534 1579 1557 esse

38 1562 98 1593 5⁰l²
115 1569 145 1592 Β·
254 1577 400 1621 penitus
431 1577 683 1622 nequivisset:
715 1584 751 1612 et
781 1579 829 1612 ob
859 1578 931 1612 hoc
958 1578 1273 1613 commodatarius
1303 1590 1347 1614 eo
1377 1586 1473 1614 statu
1499 1591 1578 1614 rem

255 1634 537 1669 accomodatam
551 1646 626 1669 non
641 1636 736 1669 ultra
750 1642 896 1680 tempus
913 1636 1092 1680 prefixum
1106 1637 1152 1670 ab
1164 1635 1217 1671 eis
1230 1637 1373 1672 diucius
1385 1637 1578 1681 tenuisset,

204 1698 242 1730 25
256 1692 285 1726 si
312 1703 350 1727 re
375 1692 455 1736 ipsa
481 1692 734 1727 commodanti
761 1693 882 1737 magis
910 1705 1021 1738 quam
1048 1694 1339 1729 commodatario
1364 1695 1492 1730 fuisset
1518 1707 1577 1730 ac-

254 1750 435 1792 comoda;
470 1756 525 1784 set
551 1750 709 1784 racionis
740 1752 864 1794 regula
892 1750 1019 1795 (quam
1046 1751 1272 1796 nequivisset
1302 1763 1346 1786 eo
1376 1759 1474 1787 statu
1505 1753 1577 1788 dis-

31 1812 127 1849 pacto
142 1815 174 1840 B.
255 1806 409 1851 solvere)
430 1807 607 1851 exigente,
623 1819 699 1842 rem
717 1808 975 1843 accomodanti
994 1815 1142 1854 peracto
1160 1816 1325 1854 tempore
1342 1810 1577 1853 reddidisset,

255 1865 286 1899 si
312 1876 466 1910 peccare
492 1865 637 1910 penitus
664 1866 901 1911 nequivisset,
920 1874 983 1902 aut
1009 1868 1045 1901 in
1072 1879 1161 1902 casu
1188 1879 1260 1913 quo
1286 1868 1577 1903 commodatario

254 1934 311 1957 res
339 1922 419 1967 ipsa
445 1923 563 1967 magis
589 1925 794 1958 accomoda
820 1924 896 1959 sive
923 1925 1046 1959 utilior
1071 1937 1181 1970 quam
1209 1926 1459 1961 commodanti
1484 1928 1578 1961 ultra

203 1996 244 2027 30
255 1986 400 2025 tempus
425 1981 591 2025 prefinito
617 1983 944 2026 commodaeionis,
969 1984 1062 2018 sicut
1087 1984 1229 2019 amicus
1257 1996 1339 2019 cum
1365 1995 1432 2019 suo
1457 1985 1578 2019 amico

254 2044 290 2072 et
316 2038 447 2072 coniux
473 2051 556 2073 cum
583 2040 748 2084 coniuge,
775 2041 827 2075 sic
855 2041 934 2076 sine
961 2041 1090 2076 iniuria
1115 2048 1150 2076 et
1180 2042 1321 2077 offensa
1351 2042 1576 2086 omnimoda,

256 2094 370 2129 immo
399 2097 446 2131 de
478 2097 711 2141 beneplacito
743 2099 1024 2141 commodantis‚
1055 2100 1232 2144 potuisset
1263 2100 1578 2135 commodatarius

255 2153 407 2188 ulterius
432 2165 510 2188 rem
537 2166 603 2198 pro
630 2166 696 2189 suo
722 2155 824 2190 libito
850 2156 1016 2199 retinere,
1035 2164 1081 2199 et,
1100 2157 1129 2191 si
1149 2169 1240 2202 opus
1265 2157 1314 2191 illi
1335 2157 1476 2201 fuisset,
1494 2169 1579 2193 eam

256 2210 376 2245 eciam
403 2211 602 2256 propriare,
630 2212 779 2255 scilicet,
807 2213 852 2248 de
877 2214 974 2248 facto
1003 2215 1148 2259 proprie
1174 2215 1375 2259 possidere.
1426 2216 1465 2250 Si
1491 2227 1578 2251 vero

203 2278 242 2310 35
256 2267 356 2302 iuxta
383 2268 482 2313 (licet
507 2270 629 2304 minus
655 2271 906 2315 probabiliter)
932 2271 1036 2306 aliter
1060 2272 1287 2316 estimantes,
1306 2285 1380 2307 non
1406 2275 1579 2309 obstante

256 2326 355 2371 quod
373 2327 495 2361 Adam
521 2334 556 2362 et
574 2329 655 2362 Eva
681 2328 934 2363 innocenciam
959 2329 1175 2373 tenuissent,
1194 2330 1398 2374 potuissent
1423 2331 1576 2366 nichilo-

255 2383 376 2417 minus
403 2385 640 2429 consequenti
666 2391 831 2429 tempore
854 2392 889 2420 et
914 2398 1041 2420 eorum
1067 2387 1170 2422 liberi
1194 2399 1349 2432 peccare
1373 2389 1577 2424 mortaliter

40 2454 148 2485 supra,
166 2454 221 2485 pp.
256 2447 319 2475 aut
337 2440 455 2475 eciam
472 2441 662 2476 venialiter
681 2442 733 2486 (ut
757 2454 868 2487 supra
886 2444 1149 2488 tractavimus),
1168 2445 1373 2489 potuissent
1399 2446 1449 2480 hii
1471 2453 1576 2482 actus

40 2496 104 2529 394
119 2497 184 2528 Seq-
257 2509 323 2542 per
339 2498 590 2542 obligaciones
615 2506 776 2534 artantes
803 2500 1017 2544 simpliciter
1038 2501 1086 2535 ad
1110 2501 1364 2537 restituciones
1386 2503 1578 2540 faciendas

203 2565 245 2596 40
258 2555 352 2589 inter
377 2555 476 2600 ipsos
502 2556 608 2599 iniri3
638 2556 722 2591 licet
748 2568 822 2591 non
848 2564 989 2592 tantum
1015 2559 1172 2593 artando
1199 2560 1306 2594 sicuti
1334 2560 1370 2594 in
1395 2562 1578 2605 presentis

258 2619 355 2647 statu
389 2614 544 2657 miserie,
574 2614 747 2659 quoniam
775 2615 859 2650 talis
888 2627 1010 2650 rerum
1040 2615 1250 2660 indigencia
1279 2628 1390 2662 quam
1423 2619 1510 2654 boni
1543 2627 1579 2655 et

257 2670 345 2704 mali
372 2671 553 2705 sustinent
571 2671 606 2705 in
625 2673 787 2716 presenti
807 2672 843 2706 in
862 2672 922 2707 illo
941 2680 1038 2708 statu
1062 2673 1277 2709 innocencie
1295 2686 1368 2709 non
1385 2675 1523 2719 fuisset,
1543 2684 1578 2712 et

257 2728 305 2761 ob
322 2728 392 2761 hoc
410 2728 530 2762 minus
548 2735 634 2763 tunc
652 2730 831 2773 potuisset
849 2730 1016 2774 restringi
1036 2730 1090 2765 ius
1106 2731 1282 2775 originale
1301 2733 1337 2766 in
1355 2733 1455 2777 ipsis.
1496 2735 1577 2769 Nec

257 2784 363 2820 aliter
381 2785 473 2820 inter
490 2785 703 2822 innocentes
718 2787 800 2822 talis
820 2794 935 2823 status
950 2788 1263 2824 commodacionis
1278 2796 1382 2825 actus
1397 2791 1449 2836 (ut
1463 2792 1574 2827 michi

1775 203 1859 246 427
