<?xml version="1.0" encoding="UTF-8"?>
<!DOCTYPE html PUBLIC "-//W3C//DTD XHTML 1.0 Transitional//EN"
    "http://www.w3.org/TR/xhtml1/DTD/xhtml1-transitional.dtd">
<html xmlns="http://www.w3.org/1999/xhtml" xml:lang="en" lang="en">
 <head>
  <title>
</title>
<meta http-equiv="Content-Type" content="text/html;charset=utf-8" />
  <meta name='ocr-system' content='tesseract 3.04.00' />
  <meta name='ocr-capabilities' content='ocr_page ocr_carea ocr_par ocr_line ocrx_word'/>
</head>
<body>
  <div class='ocr_page' id='page_1' title='image "./dedominiodivinol00wycl_0496.png"; bbox 0 0 2095 3278; ppageno 0'>
   <div class='ocr_carea' id='block_1_1' title="bbox 197 190 2043 249">
    <p class='ocr_par' dir='ltr' id='par_1_1' title="bbox 197 190 2043 249">
     <span class='ocr_line' id='line_1_1' title="bbox 197 190 2043 249; baseline -0.001 -17"><span class='ocrx_word' id='word_1_1' title='bbox 197 206 283 243; x_wconf 78' lang='lat'>440</span> <span class='ocrx_word' id='word_1_2' title='bbox 908 203 1111 234; x_wconf 84' lang='lat' dir='ltr'><strong>RICARDI</strong></span> <span class='ocrx_word' id='word_1_3' title='bbox 1144 203 1445 235; x_wconf 85' lang='lat' dir='ltr'><strong>ARMACHANI</strong></span> <span class='ocrx_word' id='word_1_4' title='bbox 1866 190 1966 249; x_wconf 75' lang='lat' dir='ltr'>[Lm.</span> <span class='ocrx_word' id='word_1_5' title='bbox 1988 204 2043 231; x_wconf 89' lang='lat' dir='ltr'>1v.</span> 
     </span>
    </p>
   </div>
   <div class='ocr_carea' id='block_1_2' title="bbox 485 307 1963 644">
    <p class='ocr_par' dir='ltr' id='par_1_2' title="bbox 485 307 1927 527">
     <span class='ocr_line' id='line_1_2' title="bbox 485 307 1927 353; baseline 0.002 -13"><span class='ocrx_word' id='word_1_6' title='bbox 485 318 593 340; x_wconf 90' lang='lat' dir='ltr'>usum</span> <span class='ocrx_word' id='word_1_7' title='bbox 612 307 663 341; x_wconf 84' lang='lat' dir='ltr'>rei</span> <span class='ocrx_word' id='word_1_8' title='bbox 683 307 734 342; x_wconf 87' lang='lat' dir='ltr'>ita</span> <span class='ocrx_word' id='word_1_9' title='bbox 753 307 800 341; x_wconf 93' lang='lat' dir='ltr'>ab</span> <span class='ocrx_word' id='word_1_10' title='bbox 826 319 899 342; x_wconf 90' lang='lat' dir='ltr'>uno</span> <span class='ocrx_word' id='word_1_11' title='bbox 926 320 990 343; x_wconf 89' lang='lat' dir='ltr'>seu</span> <span class='ocrx_word' id='word_1_12' title='bbox 1016 308 1181 352; x_wconf 88' lang='lat' dir='ltr'>pluribus</span> <span class='ocrx_word' id='word_1_13' title='bbox 1208 308 1441 353; x_wconf 77' lang='lat' dir='ltr'>peculiariter</span> <span class='ocrx_word' id='word_1_14' title='bbox 1458 309 1505 342; x_wconf 89' lang='lat' dir='ltr'>de</span> <span class='ocrx_word' id='word_1_15' title='bbox 1523 308 1621 342; x_wconf 87' lang='lat' dir='ltr'>facto</span> <span class='ocrx_word' id='word_1_16' title='bbox 1640 318 1812 352; x_wconf 79' lang='lat' dir='ltr'>possesse</span> <span class='ocrx_word' id='word_1_17' title='bbox 1833 313 1927 353; x_wconf 78' lang='lat'><strong>[3913</strong></span> 
     </span>
     <span class='ocr_line' id='line_1_3' title="bbox 485 366 1861 411; baseline 0.001 -12"><span class='ocrx_word' id='word_1_18' title='bbox 485 366 645 400; x_wconf 88' lang='lat' dir='ltr'>refrenat</span> <span class='ocrx_word' id='word_1_19' title='bbox 681 366 717 399; x_wconf 90' lang='lat' dir='ltr'>in</span> <span class='ocrx_word' id='word_1_20' title='bbox 752 366 833 400; x_wconf 91' lang='lat' dir='ltr'>aliis</span> <span class='ocrx_word' id='word_1_21' title='bbox 868 378 911 401; x_wconf 92' lang='lat' dir='ltr'>ac</span> <span class='ocrx_word' id='word_1_22' title='bbox 946 367 975 400; x_wconf 89' lang='lat' dir='ltr'>si</span> <span class='ocrx_word' id='word_1_23' title='bbox 1011 379 1206 411; x_wconf 79' lang='lat' dir='ltr'>possessor</span> <span class='ocrx_word' id='word_1_24' title='bbox 1239 367 1393 401; x_wconf 91' lang='lat' dir='ltr'>haberet</span> <span class='ocrx_word' id='word_1_25' title='bbox 1427 367 1463 401; x_wconf 91' lang='lat' dir='ltr'>in</span> <span class='ocrx_word' id='word_1_26' title='bbox 1498 366 1514 385; x_wconf 87' lang='lat'><em>*</em></span> <span class='ocrx_word' id='word_1_27' title='bbox 1543 378 1582 401; x_wconf 88' lang='lat' dir='ltr'>re</span> <span class='ocrx_word' id='word_1_28' title='bbox 1616 367 1677 400; x_wconf 88' lang='lat' dir='ltr'>illa</span> <span class='ocrx_word' id='word_1_29' title='bbox 1706 366 1812 401; x_wconf 89' lang='lat' dir='ltr'>civile</span> <span class='ocrx_word' id='word_1_30' title='bbox 1833 366 1861 395; x_wconf 84' lang='lat'><em>0</em></span> 
     </span>
     <span class='ocr_line' id='line_1_4' title="bbox 485 424 1814 470; baseline 0.002 -14"><span class='ocrx_word' id='word_1_31' title='bbox 485 424 701 457; x_wconf 88' lang='lat' dir='ltr'>dominium.</span> <span class='ocrx_word' id='word_1_32' title='bbox 757 425 846 458; x_wconf 91' lang='lat' dir='ltr'>Ideo</span> <span class='ocrx_word' id='word_1_33' title='bbox 874 424 944 458; x_wconf 90' lang='lat' dir='ltr'>dici</span> <span class='ocrx_word' id='word_1_34' title='bbox 977 431 1098 469; x_wconf 91' lang='lat' dir='ltr'>potest</span> <span class='ocrx_word' id='word_1_35' title='bbox 1125 425 1162 458; x_wconf 91' lang='lat' dir='ltr'>in</span> <span class='ocrx_word' id='word_1_36' title='bbox 1188 425 1310 459; x_wconf 85' lang='lat' dir='ltr'>taliter</span> <span class='ocrx_word' id='word_1_37' title='bbox 1336 425 1552 470; x_wconf 82' lang='lat' dir='ltr'>possidente</span> <span class='ocrx_word' id='word_1_38' title='bbox 1578 425 1677 470; x_wconf 90' lang='lat' dir='ltr'>quod</span> <span class='ocrx_word' id='word_1_39' title='bbox 1707 436 1814 459; x_wconf 92' lang='lat' dir='ltr'>suum</span> 
     </span>
     <span class='ocr_line' id='line_1_5' title="bbox 485 481 1815 527; baseline 0.002 -12"><span class='ocrx_word' id='word_1_40' title='bbox 485 481 663 525; x_wconf 81' lang='lat' dir='ltr'>originale</span> <span class='ocrx_word' id='word_1_41' title='bbox 695 482 902 516; x_wconf 89' lang='lat' dir='ltr'>dominium</span> <span class='ocrx_word' id='word_1_42' title='bbox 934 489 989 517; x_wconf 89' lang='lat' dir='ltr'>est</span> <span class='ocrx_word' id='word_1_43' title='bbox 1020 482 1055 516; x_wconf 89' lang='lat' dir='ltr'>in</span> <span class='ocrx_word' id='word_1_44' title='bbox 1083 494 1126 517; x_wconf 92' lang='lat' dir='ltr'>eo</span> <span class='ocrx_word' id='word_1_45' title='bbox 1157 483 1363 527; x_wconf 82' lang='lat' dir='ltr'>proprietas</span> <span class='ocrx_word' id='word_1_46' title='bbox 1391 483 1443 517; x_wconf 92' lang='lat' dir='ltr'>rei</span> <span class='ocrx_word' id='word_1_47' title='bbox 1474 483 1582 526; x_wconf 84' lang='lat' dir='ltr'>illius,</span> <span class='ocrx_word' id='word_1_48' title='bbox 1609 489 1665 517; x_wconf 87' lang='lat' dir='ltr'>set</span> <span class='ocrx_word' id='word_1_49' title='bbox 1695 484 1815 517; x_wconf 90' lang='lat' dir='ltr'>solum</span> 
     </span>
    </p>

    <p class='ocr_par' dir='ltr' id='par_1_3' title="bbox 486 536 1963 644">
     <span class='ocr_line' id='line_1_6' title="bbox 486 536 1946 585; baseline 0.001 -12"><span class='ocrx_word' id='word_1_50' title='bbox 486 551 550 584; x_wconf 91' lang='lat' dir='ltr'>per</span> <span class='ocrx_word' id='word_1_51' title='bbox 568 539 766 582; x_wconf 90' lang='lat' dir='ltr'>accidens;</span> <span class='ocrx_word' id='word_1_52' title='bbox 795 540 909 574; x_wconf 92' lang='lat' dir='ltr'>immo</span> <span class='ocrx_word' id='word_1_53' title='bbox 924 540 1046 575; x_wconf 86' lang='lat' dir='ltr'>verius</span> <span class='ocrx_word' id='word_1_54' title='bbox 1063 540 1115 584; x_wconf 91' lang='lat' dir='ltr'>(ut</span> <span class='ocrx_word' id='word_1_55' title='bbox 1136 536 1246 585; x_wconf 88' lang='lat' dir='ltr'>supra</span> <span class='ocrx_word' id='word_1_56' title='bbox 1265 542 1514 585; x_wconf 83' lang='lat' dir='ltr'>expressimus</span> <span class='ocrx_word' id='word_1_57' title='bbox 1535 548 1570 576; x_wconf 91' lang='lat' dir='ltr'>et</span> <span class='ocrx_word' id='word_1_58' title='bbox 1589 541 1683 575; x_wconf 87' lang='lat' dir='ltr'>infra</span> <span class='ocrx_word' id='word_1_59' title='bbox 1699 541 1817 584; x_wconf 85' lang='lat' dir='ltr'>magis</span> <span class='ocrx_word' id='word_1_60' title='bbox 1838 548 1946 578; x_wconf 69' lang='lat' dir='ltr'>supra,</span> 
     </span>
     <span class='ocr_line' id='line_1_7' title="bbox 486 580 1963 644; baseline 0.001 -13"><span class='ocrx_word' id='word_1_61' title='bbox 486 597 680 641; x_wconf 78' lang='lat' dir='ltr'>clarescet)</span> <span class='ocrx_word' id='word_1_62' title='bbox 710 598 915 642; x_wconf 83' lang='lat' dir='ltr'>proprietas</span> <span class='ocrx_word' id='word_1_63' title='bbox 942 599 1126 641; x_wconf 87' lang='lat' dir='ltr'>estimata‚</span> <span class='ocrx_word' id='word_1_64' title='bbox 1146 611 1221 633; x_wconf 92' lang='lat' dir='ltr'>non</span> <span class='ocrx_word' id='word_1_65' title='bbox 1248 611 1333 633; x_wconf 91' lang='lat' dir='ltr'>vere</span> <span class='ocrx_word' id='word_1_66' title='bbox 1360 611 1480 644; x_wconf 85' lang='lat' dir='ltr'>neque</span> <span class='ocrx_word' id='word_1_67' title='bbox 1511 599 1728 644; x_wconf 91' lang='lat' dir='ltr'>simpliciter</span> <span class='ocrx_word' id='word_1_68' title='bbox 1758 605 1820 633; x_wconf 87' lang='lat' dir='ltr'>aut</span> <span class='ocrx_word' id='word_1_69' title='bbox 1838 592 1869 622; x_wconf 76' lang='lat' dir='ltr'>p·</span> <span class='ocrx_word' id='word_1_70' title='bbox 1888 580 1963 621; x_wconf 75' lang='lat'>436‘</span> 
     </span>
    </p>
   </div>
   <div class='ocr_carea' id='block_1_3' title="bbox 487 657 1821 748">
    <p class='ocr_par' dir='ltr' id='par_1_4' title="bbox 487 657 1821 748">
     <span class='ocr_line' id='line_1_8' title="bbox 487 657 1821 701; baseline 0.002 -12"><span class='ocrx_word' id='word_1_71' title='bbox 487 667 552 699; x_wconf 93' lang='lat' dir='ltr'>per</span> <span class='ocrx_word' id='word_1_72' title='bbox 571 667 621 698; x_wconf 91' lang='lat' dir='ltr'>se,</span> <span class='ocrx_word' id='word_1_73' title='bbox 643 662 698 690; x_wconf 89' lang='lat' dir='ltr'>set</span> <span class='ocrx_word' id='word_1_74' title='bbox 718 657 838 690; x_wconf 87' lang='lat' dir='ltr'>solum</span> <span class='ocrx_word' id='word_1_75' title='bbox 857 663 1007 701; x_wconf 88' lang='lat' dir='ltr'>propter</span> <span class='ocrx_word' id='word_1_76' title='bbox 1024 657 1304 692; x_wconf 88' lang='lat' dir='ltr'>restriccionem</span> <span class='ocrx_word' id='word_1_77' title='bbox 1322 669 1410 692; x_wconf 89' lang='lat' dir='ltr'>usus</span> <span class='ocrx_word' id='word_1_78' title='bbox 1428 664 1491 692; x_wconf 81' lang='lat' dir='ltr'>aut</span> <span class='ocrx_word' id='word_1_79' title='bbox 1516 657 1602 692; x_wconf 91' lang='lat' dir='ltr'>iuris</span> <span class='ocrx_word' id='word_1_80' title='bbox 1628 657 1755 692; x_wconf 89' lang='lat' dir='ltr'>utendi</span> <span class='ocrx_word' id='word_1_81' title='bbox 1783 669 1821 692; x_wconf 89' lang='lat' dir='ltr'>re</span> 
     </span>
     <span class='ocr_line' id='line_1_9' title="bbox 487 714 714 748; baseline 0.004 -1"><span class='ocrx_word' id='word_1_82' title='bbox 487 714 549 748; x_wconf 92' lang='lat' dir='ltr'>illa</span> <span class='ocrx_word' id='word_1_83' title='bbox 568 714 603 748; x_wconf 92' lang='lat' dir='ltr'>in</span> <span class='ocrx_word' id='word_1_84' title='bbox 622 715 714 748; x_wconf 91' lang='lat' dir='ltr'>aliis.</span> 
     </span>
    </p>
   </div>
   <div class='ocr_carea' id='block_1_4' title="bbox 200 829 1986 1185">
    <p class='ocr_par' dir='ltr' id='par_1_5' title="bbox 200 829 1986 1185">
     <span class='ocr_line' id='line_1_10' title="bbox 295 829 1946 879; baseline -0.001 -17"><span class='ocrx_word' id='word_1_85' title='bbox 295 873 302 879; x_wconf 42' lang='lat'><strong>·</strong></span> <span class='ocrx_word' id='word_1_86' title='bbox 340 873 346 878; x_wconf 35' lang='grc'>1</span> <span class='ocrx_word' id='word_1_87' title='bbox 395 829 466 863; x_wconf 91' lang='grc' dir='ltr'><strong>ΙΙΙ.</strong></span> <span class='ocrx_word' id='word_1_88' title='bbox 537 829 767 863; x_wconf 84' lang='lat' dir='ltr'><strong>IOHANNES.</strong></span> <span class='ocrx_word' id='word_1_89' title='bbox 802 830 882 863; x_wconf 89' lang='lat' dir='ltr'>Iam</span> <span class='ocrx_word' id='word_1_90' title='bbox 908 836 994 874; x_wconf 90' lang='lat' dir='ltr'>peto</span> <span class='ocrx_word' id='word_1_91' title='bbox 1021 836 1059 864; x_wconf 85' lang='lat' dir='ltr'>ut</span> <span class='ocrx_word' id='word_1_92' title='bbox 1086 829 1146 864; x_wconf 87' lang='lat' dir='ltr'>illa</span> <span class='ocrx_word' id='word_1_93' title='bbox 1172 829 1284 864; x_wconf 88' lang='lat' dir='ltr'>michi</span> <span class='ocrx_word' id='word_1_94' title='bbox 1311 829 1478 864; x_wconf 88' lang='lat' dir='ltr'>dominia</span> <span class='ocrx_word' id='word_1_95' title='bbox 1502 829 1662 874; x_wconf 86' lang='lat' dir='ltr'>positiva</span> <span class='ocrx_word' id='word_1_96' title='bbox 1688 841 1757 875; x_wconf 89' lang='lat' dir='ltr'>que</span> <span class='ocrx_word' id='word_1_97' title='bbox 1783 829 1819 864; x_wconf 89' lang='lat' dir='ltr'>in</span> <span class='ocrx_word' id='word_1_98' title='bbox 1838 841 1946 872; x_wconf 83' lang='lat' dir='ltr'>supra,</span> 
     </span>
     <span class='ocr_line' id='line_1_11' title="bbox 200 875 1986 941; baseline 0 -20"><span class='ocrx_word' id='word_1_99' title='bbox 200 875 443 941; x_wconf 50' lang='lat' dir='ltr'>ssssssffilgtgssncssfss</span> <span class='ocrx_word' id='word_1_100' title='bbox 488 887 595 932; x_wconf 89' lang='lat' dir='ltr'>primi</span> <span class='ocrx_word' id='word_1_101' title='bbox 615 887 696 921; x_wconf 81' lang='lat' dir='ltr'>libri</span> <span class='ocrx_word' id='word_1_102' title='bbox 716 887 895 932; x_wconf 89' lang='lat' dir='ltr'>principio</span> <span class='ocrx_word' id='word_1_103' title='bbox 913 888 1113 922; x_wconf 85' lang='lat' dir='ltr'>nominasti</span> <span class='ocrx_word' id='word_1_104' title='bbox 1132 888 1168 922; x_wconf 93' lang='lat' dir='ltr'>in</span> <span class='ocrx_word' id='word_1_105' title='bbox 1187 900 1323 932; x_wconf 84' lang='lat' dir='ltr'>genere</span> <span class='ocrx_word' id='word_1_106' title='bbox 1342 887 1453 922; x_wconf 87' lang='lat' dir='ltr'>michi</span> <span class='ocrx_word' id='word_1_107' title='bbox 1473 887 1673 922; x_wconf 85' lang='lat' dir='ltr'>describas.</span> <span class='ocrx_word' id='word_1_108' title='bbox 1839 886 1896 917; x_wconf 82' lang='lat' dir='ltr'>lib·</span> <span class='ocrx_word' id='word_1_109' title='bbox 1914 886 1934 917; x_wconf 85' lang='lat' dir='ltr'>i·</span> <span class='ocrx_word' id='word_1_110' title='bbox 1958 896 1986 917; x_wconf 85' lang='lat'>2-</span> 
     </span>
     <span class='ocr_line' id='line_1_12' title="bbox 200 942 1821 991; baseline 0 -11"><span class='ocrx_word' id='word_1_111' title='bbox 200 942 334 991; x_wconf 54' lang='lat' dir='ltr'>¹0151&gt;h51²</span> <span class='ocrx_word' id='word_1_112' title='bbox 535 947 763 980; x_wconf 84' lang='lat' dir='ltr'>RICARDUS.</span> <span class='ocrx_word' id='word_1_113' title='bbox 799 946 976 980; x_wconf 82' lang='lat' dir='ltr'>Omnium</span> <span class='ocrx_word' id='word_1_114' title='bbox 996 947 1231 981; x_wconf 90' lang='lat' dir='ltr'>dominorum</span> <span class='ocrx_word' id='word_1_115' title='bbox 1249 946 1541 981; x_wconf 88' lang='lat' dir='ltr'>adventiciorum</span> <span class='ocrx_word' id='word_1_116' title='bbox 1560 946 1740 990; x_wconf 85' lang='lat' dir='ltr'>generalis</span> <span class='ocrx_word' id='word_1_117' title='bbox 1760 946 1821 981; x_wconf 93' lang='lat' dir='ltr'>de-</span> 
     </span>
     <span class='ocr_line' id='line_1_13' title="bbox 200 985 1823 1052; baseline -0.001 -13"><span class='ocrx_word' id='word_1_118' title='bbox 200 985 469 1052; x_wconf 46' lang='grc' dir='ltr'>Ξῑέιῗῖῑζῗςᾟῗζῗὲγ</span> <span class='ocrx_word' id='word_1_119' title='bbox 488 1005 644 1049; x_wconf 89' lang='lat' dir='ltr'>scripcio</span> <span class='ocrx_word' id='word_1_120' title='bbox 662 1011 765 1048; x_wconf 89' lang='lat' dir='ltr'>patet</span> <span class='ocrx_word' id='word_1_121' title='bbox 784 1016 866 1039; x_wconf 88' lang='lat' dir='ltr'>esse</span> <span class='ocrx_word' id='word_1_122' title='bbox 885 1001 1082 1039; x_wconf 85' lang='lat' dir='ltr'>racionalis</span> <span class='ocrx_word' id='word_1_123' title='bbox 1107 1010 1270 1038; x_wconf 88' lang='lat' dir='ltr'>creature</span> <span class='ocrx_word' id='word_1_124' title='bbox 1290 1005 1455 1038; x_wconf 90' lang='lat' dir='ltr'>mortalis</span> <span class='ocrx_word' id='word_1_125' title='bbox 1474 1004 1530 1038; x_wconf 92' lang='lat' dir='ltr'>ius</span> <span class='ocrx_word' id='word_1_126' title='bbox 1555 1004 1632 1038; x_wconf 89' lang='lat' dir='ltr'>sive</span> <span class='ocrx_word' id='word_1_127' title='bbox 1651 1005 1823 1039; x_wconf 88' lang='lat' dir='ltr'>radicalis</span> 
     </span>
     <span class='ocr_line' id='line_1_14' title="bbox 200 1053 1821 1113; baseline -0.001 -16"><span class='ocrx_word' id='word_1_128' title='bbox 200 1053 426 1113; x_wconf 47' lang='lat' dir='ltr'>{lssga‘tffssogfaffle</span> <span class='ocrx_word' id='word_1_129' title='bbox 487 1063 685 1097; x_wconf 88' lang='lat' dir='ltr'>auctoritas</span> <span class='ocrx_word' id='word_1_130' title='bbox 704 1062 887 1107; x_wconf 81' lang='lat' dir='ltr'>acquisita</span> <span class='ocrx_word' id='word_1_131' title='bbox 906 1062 1060 1097; x_wconf 86' lang='lat' dir='ltr'>civiliter</span> <span class='ocrx_word' id='word_1_132' title='bbox 1079 1063 1294 1107; x_wconf 90' lang='lat' dir='ltr'>possidendi</span> <span class='ocrx_word' id='word_1_133' title='bbox 1313 1075 1371 1097; x_wconf 87' lang='lat' dir='ltr'>res</span> <span class='ocrx_word' id='word_1_134' title='bbox 1390 1062 1439 1096; x_wconf 92' lang='grc'><strong>1111</strong></span> <span class='ocrx_word' id='word_1_135' title='bbox 1458 1064 1539 1106; x_wconf 86' lang='lat' dir='ltr'>lege</span> <span class='ocrx_word' id='word_1_136' title='bbox 1560 1062 1720 1106; x_wconf 88' lang='lat' dir='ltr'>positiva</span> <span class='ocrx_word' id='word_1_137' title='bbox 1737 1064 1821 1097; x_wconf 89' lang='lat' dir='ltr'>sub-</span> 
     </span>
     <span class='ocr_line' id='line_1_15' title="bbox 200 1119 1823 1185; baseline -0.001 -29"><span class='ocrx_word' id='word_1_138' title='bbox 200 1119 469 1185; x_wconf 47' lang='grc' dir='ltr'>ξζῇξὲζζὲξᾶέἳίᾟὲ</span> <span class='ocrx_word' id='word_1_139' title='bbox 487 1123 602 1156; x_wconf 87' lang='lat' dir='ltr'>iectas</span> <span class='ocrx_word' id='word_1_140' title='bbox 622 1128 656 1156; x_wconf 88' lang='lat' dir='ltr'>et</span> <span class='ocrx_word' id='word_1_141' title='bbox 675 1121 728 1156; x_wconf 90' lang='lat' dir='ltr'>eis</span> <span class='ocrx_word' id='word_1_142' title='bbox 746 1123 852 1166; x_wconf 88' lang='lat' dir='ltr'>plene</span> <span class='ocrx_word' id='word_1_143' title='bbox 870 1121 996 1155; x_wconf 90' lang='lat' dir='ltr'>utendi</span> <span class='ocrx_word' id='word_1_144' title='bbox 1017 1122 1256 1156; x_wconf 85' lang='lat' dir='ltr'>conformiter</span> <span class='ocrx_word' id='word_1_145' title='bbox 1274 1122 1424 1156; x_wconf 85' lang='lat' dir='ltr'>racioni.</span> <span class='ocrx_word' id='word_1_146' title='bbox 1477 1121 1588 1155; x_wconf 86' lang='lat' dir='ltr'>Posui</span> <span class='ocrx_word' id='word_1_147' title='bbox 1606 1128 1732 1156; x_wconf 89' lang='lat' dir='ltr'>autem</span> <span class='ocrx_word' id='word_1_148' title='bbox 1752 1122 1823 1156; x_wconf 92' lang='lat' dir='ltr'>hec</span> 
     </span>
    </p>
   </div>
   <div class='ocr_carea' id='block_1_5' title="bbox 200 1181 2032 2850">
    <p class='ocr_par' dir='ltr' id='par_1_6' title="bbox 200 1181 1881 1224">
     <span class='ocr_line' id='line_1_16' title="bbox 200 1181 1881 1224; baseline 0.002 -13"><span class='ocrx_word' id='word_1_149' title='bbox 200 1187 321 1224; x_wconf 55' lang='lat' dir='ltr'>positive</span> <span class='ocrx_word' id='word_1_150' title='bbox 336 1187 388 1211; x_wconf 76' lang='lat' dir='ltr'>law</span> <span class='ocrx_word' id='word_1_151' title='bbox 401 1187 456 1212; x_wconf 85' lang='lat' dir='ltr'>and</span> <span class='ocrx_word' id='word_1_152' title='bbox 486 1181 599 1214; x_wconf 89' lang='lat' dir='ltr'>verba</span> <span class='ocrx_word' id='word_1_153' title='bbox 627 1181 832 1213; x_wconf 73' lang='lat' dir='ltr'>racionalz&#39;s</span> <span class='ocrx_word' id='word_1_154' title='bbox 854 1186 889 1214; x_wconf 91' lang='lat' dir='ltr'>et</span> <span class='ocrx_word' id='word_1_155' title='bbox 916 1181 975 1213; x_wconf 77' lang='lat' dir='ltr'>ius</span> <span class='ocrx_word' id='word_1_156' title='bbox 1000 1181 1081 1214; x_wconf 78' lang='lat' dir='ltr'>sive</span> <span class='ocrx_word' id='word_1_157' title='bbox 1103 1182 1310 1214; x_wconf 72' lang='lat' dir='ltr'>auctoritas</span> <span class='ocrx_word' id='word_1_158' title='bbox 1326 1181 1547 1224; x_wconf 66' lang='lat' dir='ltr'>possidendi</span> <span class='ocrx_word' id='word_1_159' title='bbox 1567 1185 1602 1214; x_wconf 83' lang='lat' dir='ltr'>et</span> <span class='ocrx_word' id='word_1_160' title='bbox 1624 1182 1755 1214; x_wconf 75' lang='lat' dir='ltr'>utendi</span> <span class='ocrx_word' id='word_1_161' title='bbox 1778 1191 1822 1214; x_wconf 90' lang='lat' dir='ltr'>ac</span> <span class='ocrx_word' id='word_1_162' title='bbox 1844 1192 1881 1224; x_wconf 89' lang='lat'>15</span> 
     </span>
    </p>

    <p class='ocr_par' dir='ltr' id='par_1_7' title="bbox 201 1220 1824 1286">
     <span class='ocr_line' id='line_1_17' title="bbox 201 1220 1824 1286; baseline -0.001 -12"><span class='ocrx_word' id='word_1_163' title='bbox 201 1220 418 1286; x_wconf 43' lang='grc' dir='ltr'>ἓξῇἰιξξᾎῐῶξγω</span> <span class='ocrx_word' id='word_1_164' title='bbox 488 1239 730 1283; x_wconf 73' lang='lat' dir='ltr'>conformiter</span> <span class='ocrx_word' id='word_1_165' title='bbox 746 1239 895 1272; x_wconf 80' lang='lat' dir='ltr'>racz&#39;onz&#39;</span> <span class='ocrx_word' id='word_1_166' title='bbox 916 1245 1066 1282; x_wconf 87' lang='lat' dir='ltr'>propter</span> <span class='ocrx_word' id='word_1_167' title='bbox 1085 1238 1237 1272; x_wconf 86' lang='lat' dir='ltr'>easdem</span> <span class='ocrx_word' id='word_1_168' title='bbox 1265 1239 1432 1273; x_wconf 89' lang='lat' dir='ltr'>raciones</span> <span class='ocrx_word' id='word_1_169' title='bbox 1456 1245 1492 1273; x_wconf 88' lang='lat' dir='ltr'>et</span> <span class='ocrx_word' id='word_1_170' title='bbox 1517 1251 1650 1273; x_wconf 88' lang='lat' dir='ltr'>causas</span> <span class='ocrx_word' id='word_1_171' title='bbox 1675 1245 1824 1283; x_wconf 89' lang='lat' dir='ltr'>propter</span> 
     </span>
    </p>

    <p class='ocr_par' dir='ltr' id='par_1_8' title="bbox 201 1293 1969 1799">
     <span class='ocr_line' id='line_1_18' title="bbox 201 1293 1950 1341; baseline 0 -10"><span class='ocrx_word' id='word_1_172' title='bbox 201 1293 231 1313; x_wconf 90' lang='lat' dir='ltr'>to</span> <span class='ocrx_word' id='word_1_173' title='bbox 244 1296 352 1313; x_wconf 77' lang='lat' dir='ltr'>reason.</span> <span class='ocrx_word' id='word_1_174' title='bbox 487 1309 579 1341; x_wconf 87' lang='lat' dir='ltr'>quas</span> <span class='ocrx_word' id='word_1_175' title='bbox 609 1297 739 1331; x_wconf 87' lang='lat' dir='ltr'>eadem</span> <span class='ocrx_word' id='word_1_176' title='bbox 766 1296 871 1340; x_wconf 91' lang='lat' dir='ltr'>posui</span> <span class='ocrx_word' id='word_1_177' title='bbox 903 1296 939 1330; x_wconf 92' lang='lat' dir='ltr'>in</span> <span class='ocrx_word' id='word_1_178' title='bbox 970 1296 1226 1341; x_wconf 89' lang='lat' dir='ltr'>descripcione</span> <span class='ocrx_word' id='word_1_179' title='bbox 1256 1297 1445 1341; x_wconf 79' lang='lat' dir='ltr'>originalis</span> <span class='ocrx_word' id='word_1_180' title='bbox 1475 1297 1628 1331; x_wconf 88' lang='lat' dir='ltr'>dominii</span> <span class='ocrx_word' id='word_1_181' title='bbox 1659 1298 1822 1332; x_wconf 88' lang='lat' dir='ltr'>humani.</span> <span class='ocrx_word' id='word_1_182' title='bbox 1842 1306 1950 1336; x_wconf 80' lang='lat' dir='ltr'>supra,</span> 
     </span>
     <span class='ocr_line' id='line_1_19' title="bbox 489 1348 1969 1400; baseline -0.001 -10"><span class='ocrx_word' id='word_1_183' title='bbox 489 1357 614 1390; x_wconf 89' lang='lat' dir='ltr'>Verba</span> <span class='ocrx_word' id='word_1_184' title='bbox 631 1367 718 1389; x_wconf 83' lang='lat' dir='ltr'>vero</span> <span class='ocrx_word' id='word_1_185' title='bbox 744 1355 822 1400; x_wconf 75' lang='lat' dir='ltr'>lege</span> <span class='ocrx_word' id='word_1_186' title='bbox 838 1356 1010 1398; x_wconf 65' lang='lat' dir='ltr'>positiva</span> <span class='ocrx_word' id='word_1_187' title='bbox 1034 1355 1098 1388; x_wconf 75' lang='lat' dir='ltr'><em>z&#39;llz&#39;</em></span> <span class='ocrx_word' id='word_1_188' title='bbox 1118 1355 1299 1389; x_wconf 74' lang='lat' dir='ltr'>subiectas</span> <span class='ocrx_word' id='word_1_189' title='bbox 1325 1356 1442 1400; x_wconf 82' lang='lat' dir='ltr'>posui,</span> <span class='ocrx_word' id='word_1_190' title='bbox 1463 1357 1544 1390; x_wconf 92' lang='lat' dir='ltr'>loco</span> <span class='ocrx_word' id='word_1_191' title='bbox 1566 1356 1762 1390; x_wconf 88' lang='lat' dir='ltr'>verborum</span> <span class='ocrx_word' id='word_1_192' title='bbox 1789 1355 1825 1389; x_wconf 93' lang='lat' dir='ltr'>in</span> <span class='ocrx_word' id='word_1_193' title='bbox 1845 1351 1877 1381; x_wconf 82' lang='grc' dir='ltr'>Ρ·</span> <span class='ocrx_word' id='word_1_194' title='bbox 1896 1348 1969 1379; x_wconf 80' lang='lat'><strong>335·</strong></span> 
     </span>
     <span class='ocr_line' id='line_1_20' title="bbox 489 1412 1825 1459; baseline -0.001 -10"><span class='ocrx_word' id='word_1_195' title='bbox 489 1413 747 1458; x_wconf 89' lang='lat' dir='ltr'>descripcione</span> <span class='ocrx_word' id='word_1_196' title='bbox 774 1412 963 1457; x_wconf 84' lang='lat' dir='ltr'>originalis</span> <span class='ocrx_word' id='word_1_197' title='bbox 991 1413 1143 1447; x_wconf 89' lang='lat' dir='ltr'>dominii</span> <span class='ocrx_word' id='word_1_198' title='bbox 1169 1414 1234 1447; x_wconf 73' lang='lat' dir='ltr'><em>illi</em></span> <span class='ocrx_word' id='word_1_199' title='bbox 1257 1419 1398 1448; x_wconf 80' lang='lat' dir='ltr'>natura</span> <span class='ocrx_word' id='word_1_200' title='bbox 1423 1415 1612 1457; x_wconf 71' lang='lat' dir='ltr'>subiectas,</span> <span class='ocrx_word' id='word_1_201' title='bbox 1640 1413 1726 1459; x_wconf 90' lang='lat' dir='ltr'>quia</span> <span class='ocrx_word' id='word_1_202' title='bbox 1751 1414 1825 1447; x_wconf 90' lang='lat' dir='ltr'>tale</span> 
     </span>
     <span class='ocr_line' id='line_1_21' title="bbox 489 1471 1884 1518; baseline -0.001 -11"><span class='ocrx_word' id='word_1_203' title='bbox 489 1472 689 1518; x_wconf 89' lang='lat' dir='ltr'>positivum</span> <span class='ocrx_word' id='word_1_204' title='bbox 716 1471 919 1505; x_wconf 88' lang='lat' dir='ltr'>dominium</span> <span class='ocrx_word' id='word_1_205' title='bbox 945 1483 1019 1505; x_wconf 91' lang='lat' dir='ltr'>non</span> <span class='ocrx_word' id='word_1_206' title='bbox 1044 1483 1082 1505; x_wconf 91' lang='lat' dir='ltr'>se</span> <span class='ocrx_word' id='word_1_207' title='bbox 1107 1472 1272 1506; x_wconf 85' lang='lat' dir='ltr'>extendit</span> <span class='ocrx_word' id='word_1_208' title='bbox 1296 1472 1345 1506; x_wconf 88' lang='lat' dir='ltr'>ad</span> <span class='ocrx_word' id='word_1_209' title='bbox 1369 1472 1441 1507; x_wconf 89' lang='lat' dir='ltr'>alia</span> <span class='ocrx_word' id='word_1_210' title='bbox 1460 1484 1571 1517; x_wconf 90' lang='lat' dir='ltr'>quam</span> <span class='ocrx_word' id='word_1_211' title='bbox 1588 1472 1636 1507; x_wconf 85' lang='lat' dir='ltr'>ad</span> <span class='ocrx_word' id='word_1_212' title='bbox 1660 1472 1825 1506; x_wconf 88' lang='lat' dir='ltr'>subiecta</span> <span class='ocrx_word' id='word_1_213' title='bbox 1845 1481 1884 1502; x_wconf 91' lang='lat'>20</span> 
     </span>
     <span class='ocr_line' id='line_1_22' title="bbox 488 1529 1825 1575; baseline -0.001 -10"><span class='ocrx_word' id='word_1_214' title='bbox 488 1531 631 1565; x_wconf 89' lang='lat' dir='ltr'>homini</span> <span class='ocrx_word' id='word_1_215' title='bbox 650 1531 730 1575; x_wconf 85' lang='lat' dir='ltr'>lege</span> <span class='ocrx_word' id='word_1_216' title='bbox 749 1530 910 1574; x_wconf 89' lang='lat' dir='ltr'>positiva</span> <span class='ocrx_word' id='word_1_217' title='bbox 928 1529 1005 1564; x_wconf 88' lang='lat' dir='ltr'>sive</span> <span class='ocrx_word' id='word_1_218' title='bbox 1024 1530 1121 1564; x_wconf 89' lang='lat' dir='ltr'>civili</span> <span class='ocrx_word' id='word_1_219' title='bbox 1139 1542 1147 1573; x_wconf 79' lang='lat'>3</span> <span class='ocrx_word' id='word_1_220' title='bbox 1175 1537 1211 1564; x_wconf 90' lang='lat' dir='ltr'>et</span> <span class='ocrx_word' id='word_1_221' title='bbox 1229 1531 1383 1564; x_wconf 86' lang='lat' dir='ltr'>verbum</span> <span class='ocrx_word' id='word_1_222' title='bbox 1402 1532 1587 1575; x_wconf 76' lang='lat' dir='ltr'>acquisita</span> <span class='ocrx_word' id='word_1_223' title='bbox 1610 1530 1726 1574; x_wconf 87' lang='lat' dir='ltr'>posui,</span> <span class='ocrx_word' id='word_1_224' title='bbox 1745 1530 1825 1563; x_wconf 90' lang='grc'><strong>1060</strong></span> 
     </span>
     <span class='ocr_line' id='line_1_23' title="bbox 489 1587 1827 1635; baseline -0.001 -12"><span class='ocrx_word' id='word_1_225' title='bbox 489 1590 696 1635; x_wconf 65' lang='lat' dir='ltr'>orzgz&#39;nalz&#39;s</span> <span class='ocrx_word' id='word_1_226' title='bbox 726 1589 763 1622; x_wconf 91' lang='lat' dir='ltr'>in</span> <span class='ocrx_word' id='word_1_227' title='bbox 790 1587 1044 1632; x_wconf 87' lang='lat' dir='ltr'>descripcione</span> <span class='ocrx_word' id='word_1_228' title='bbox 1070 1588 1249 1632; x_wconf 85' lang='lat' dir='ltr'>predicta,</span> <span class='ocrx_word' id='word_1_229' title='bbox 1277 1589 1364 1633; x_wconf 85' lang='lat' dir='ltr'>quia</span> <span class='ocrx_word' id='word_1_230' title='bbox 1390 1589 1459 1622; x_wconf 91' lang='lat' dir='ltr'>hec</span> <span class='ocrx_word' id='word_1_231' title='bbox 1486 1587 1683 1622; x_wconf 87' lang='lat' dir='ltr'>auctoritas</span> <span class='ocrx_word' id='word_1_232' title='bbox 1710 1587 1827 1622; x_wconf 90' lang='lat' dir='ltr'>civilis</span> 
     </span>
     <span class='ocr_line' id='line_1_24' title="bbox 489 1645 1827 1692; baseline -0.002 -10"><span class='ocrx_word' id='word_1_233' title='bbox 489 1660 564 1682; x_wconf 89' lang='lat' dir='ltr'>non</span> <span class='ocrx_word' id='word_1_234' title='bbox 590 1648 757 1692; x_wconf 89' lang='lat' dir='ltr'>provenit</span> <span class='ocrx_word' id='word_1_235' title='bbox 782 1658 804 1680; x_wconf 92' lang='lat' dir='ltr'>a</span> <span class='ocrx_word' id='word_1_236' title='bbox 827 1652 957 1680; x_wconf 90' lang='lat' dir='ltr'>natura</span> <span class='ocrx_word' id='word_1_237' title='bbox 984 1647 1081 1680; x_wconf 90' lang='lat' dir='ltr'>iusta</span> <span class='ocrx_word' id='word_1_238' title='bbox 1107 1646 1290 1691; x_wconf 77' lang='lat' dir='ltr'>specifica,</span> <span class='ocrx_word' id='word_1_239' title='bbox 1311 1653 1366 1681; x_wconf 88' lang='lat' dir='ltr'>set</span> <span class='ocrx_word' id='word_1_240' title='bbox 1393 1646 1440 1680; x_wconf 90' lang='lat' dir='ltr'>ab</span> <span class='ocrx_word' id='word_1_241' title='bbox 1467 1645 1717 1691; x_wconf 83' lang='lat' dir='ltr'>acquisicione</span> <span class='ocrx_word' id='word_1_242' title='bbox 1742 1657 1827 1690; x_wconf 92' lang='lat' dir='ltr'>pro-</span> 
     </span>
     <span class='ocr_line' id='line_1_25' title="bbox 491 1704 1827 1751; baseline -0.001 -11"><span class='ocrx_word' id='word_1_243' title='bbox 491 1707 571 1751; x_wconf 84' lang='lat' dir='ltr'>pria</span> <span class='ocrx_word' id='word_1_244' title='bbox 590 1718 654 1740; x_wconf 87' lang='lat' dir='ltr'>seu</span> <span class='ocrx_word' id='word_1_245' title='bbox 677 1711 874 1750; x_wconf 86' lang='lat' dir='ltr'>parentum</span> <span class='ocrx_word' id='word_1_246' title='bbox 893 1704 1061 1749; x_wconf 88' lang='lat' dir='ltr'>provenit</span> <span class='ocrx_word' id='word_1_247' title='bbox 1081 1705 1117 1738; x_wconf 91' lang='lat' dir='ltr'>in</span> <span class='ocrx_word' id='word_1_248' title='bbox 1142 1716 1373 1749; x_wconf 88' lang='lat' dir='ltr'>quocunque.</span> <span class='ocrx_word' id='word_1_249' title='bbox 1423 1705 1482 1738; x_wconf 92' lang='lat' dir='ltr'>Tu</span> <span class='ocrx_word' id='word_1_250' title='bbox 1503 1704 1563 1739; x_wconf 89' lang='lat' dir='ltr'>dic</span> <span class='ocrx_word' id='word_1_251' title='bbox 1586 1704 1674 1749; x_wconf 89' lang='lat' dir='ltr'>quid</span> <span class='ocrx_word' id='word_1_252' title='bbox 1698 1710 1827 1738; x_wconf 85' lang='lat' dir='ltr'>contra</span> 
     </span>
     <span class='ocr_line' id='line_1_26' title="bbox 490 1764 1884 1799; baseline -0.008 0"><span class='ocrx_word' id='word_1_253' title='bbox 490 1766 560 1799; x_wconf 90' lang='lat' dir='ltr'>hec</span> <span class='ocrx_word' id='word_1_254' title='bbox 578 1765 643 1799; x_wconf 91' lang='lat' dir='ltr'>tibi</span> <span class='ocrx_word' id='word_1_255' title='bbox 662 1764 828 1798; x_wconf 89' lang='lat' dir='ltr'>occurrit.</span> <span class='ocrx_word' id='word_1_256' title='bbox 1847 1767 1884 1799; x_wconf 87' lang='lat'>25</span> 
     </span>
    </p>

    <p class='ocr_par' dir='ltr' id='par_1_9' title="bbox 542 1820 1827 1866">
     <span class='ocr_line' id='line_1_27' title="bbox 542 1820 1827 1866; baseline -0.002 -9"><span class='ocrx_word' id='word_1_257' title='bbox 542 1825 630 1858; x_wconf 90' lang='lat' dir='ltr'><strong>IOH.</strong></span> <span class='ocrx_word' id='word_1_258' title='bbox 663 1824 737 1857; x_wconf 90' lang='lat' dir='ltr'>Cur</span> <span class='ocrx_word' id='word_1_259' title='bbox 754 1821 862 1866; x_wconf 89' lang='lat' dir='ltr'>ponis</span> <span class='ocrx_word' id='word_1_260' title='bbox 885 1822 953 1855; x_wconf 91' lang='lat' dir='ltr'>hec</span> <span class='ocrx_word' id='word_1_261' title='bbox 976 1821 1092 1855; x_wconf 88' lang='lat' dir='ltr'>verba</span> <span class='ocrx_word' id='word_1_262' title='bbox 1118 1820 1208 1855; x_wconf 91' lang='lat' dir='ltr'>satis</span> <span class='ocrx_word' id='word_1_263' title='bbox 1233 1820 1407 1864; x_wconf 83' lang='lat' dir='ltr'>intelligo,</span> <span class='ocrx_word' id='word_1_264' title='bbox 1427 1820 1602 1865; x_wconf 87' lang='lat' dir='ltr'>quoniam</span> <span class='ocrx_word' id='word_1_265' title='bbox 1625 1821 1673 1855; x_wconf 92' lang='lat' dir='ltr'>ob</span> <span class='ocrx_word' id='word_1_266' title='bbox 1695 1831 1827 1855; x_wconf 88' lang='lat' dir='ltr'>causas</span> 
     </span>
    </p>

    <p class='ocr_par' dir='ltr' id='par_1_10' title="bbox 493 1878 2032 2850">
     <span class='ocr_line' id='line_1_28' title="bbox 493 1878 1829 1925; baseline -0.002 -10"><span class='ocrx_word' id='word_1_267' title='bbox 493 1881 645 1916; x_wconf 90' lang='lat' dir='ltr'>easdem</span> <span class='ocrx_word' id='word_1_268' title='bbox 678 1886 828 1925; x_wconf 89' lang='lat' dir='ltr'>propter</span> <span class='ocrx_word' id='word_1_269' title='bbox 858 1890 949 1924; x_wconf 90' lang='lat' dir='ltr'>quas</span> <span class='ocrx_word' id='word_1_270' title='bbox 982 1879 1114 1914; x_wconf 90' lang='lat' dir='ltr'>eadem</span> <span class='ocrx_word' id='word_1_271' title='bbox 1149 1879 1264 1913; x_wconf 86' lang='lat' dir='ltr'>verba</span> <span class='ocrx_word' id='word_1_272' title='bbox 1297 1890 1472 1923; x_wconf 89' lang='lat' dir='ltr'>posueras</span> <span class='ocrx_word' id='word_1_273' title='bbox 1507 1879 1543 1912; x_wconf 92' lang='lat' dir='ltr'>in</span> <span class='ocrx_word' id='word_1_274' title='bbox 1577 1878 1829 1923; x_wconf 88' lang='lat' dir='ltr'>descripcione</span> 
     </span>
     <span class='ocr_line' id='line_1_29' title="bbox 493 1936 1832 1983; baseline -0.003 -9"><span class='ocrx_word' id='word_1_275' title='bbox 493 1938 682 1983; x_wconf 82' lang='lat' dir='ltr'>originalis</span> <span class='ocrx_word' id='word_1_276' title='bbox 710 1937 885 1981; x_wconf 84' lang='lat' dir='ltr'>dominii3</span> <span class='ocrx_word' id='word_1_277' title='bbox 919 1943 954 1971; x_wconf 89' lang='lat' dir='ltr'>et</span> <span class='ocrx_word' id='word_1_278' title='bbox 982 1938 1137 1971; x_wconf 89' lang='lat' dir='ltr'>verbum</span> <span class='ocrx_word' id='word_1_279' title='bbox 1162 1937 1338 1979; x_wconf 77' lang='lat' dir='ltr'>civiliter,</span> <span class='ocrx_word' id='word_1_280' title='bbox 1364 1938 1445 1971; x_wconf 91' lang='grc'><strong>1060</strong></span> <span class='ocrx_word' id='word_1_281' title='bbox 1472 1936 1574 1971; x_wconf 87' lang='lat' dir='ltr'>verbi</span> <span class='ocrx_word' id='word_1_282' title='bbox 1601 1936 1832 1970; x_wconf 74' lang='lat' dir='ltr'>naturaliter</span> 
     </span>
     <span class='ocr_line' id='line_1_30' title="bbox 493 1995 1829 2042; baseline -0.003 -10"><span class='ocrx_word' id='word_1_283' title='bbox 493 1998 542 2032; x_wconf 86' lang='lat' dir='ltr'>ibi</span> <span class='ocrx_word' id='word_1_284' title='bbox 577 1996 699 2042; x_wconf 85' lang='lat' dir='ltr'>positi,</span> <span class='ocrx_word' id='word_1_285' title='bbox 730 2007 840 2030; x_wconf 88' lang='lat' dir='ltr'>cerno</span> <span class='ocrx_word' id='word_1_286' title='bbox 875 1995 1104 2038; x_wconf 89' lang='lat' dir='ltr'>adhibitum;</span> <span class='ocrx_word' id='word_1_287' title='bbox 1148 2001 1183 2029; x_wconf 86' lang='lat' dir='ltr'>et</span> <span class='ocrx_word' id='word_1_288' title='bbox 1218 2002 1307 2039; x_wconf 86' lang='lat' dir='ltr'>puto</span> <span class='ocrx_word' id='word_1_289' title='bbox 1342 1995 1441 2039; x_wconf 87' lang='lat' dir='ltr'>quod</span> <span class='ocrx_word' id='word_1_290' title='bbox 1475 1995 1630 2029; x_wconf 89' lang='lat' dir='ltr'>verbum</span> <span class='ocrx_word' id='word_1_291' title='bbox 1664 1995 1829 2029; x_wconf 79' lang='lat' dir='ltr'>radicale</span> 
     </span>
     <span class='ocr_line' id='line_1_31' title="bbox 493 2053 1888 2101; baseline -0.001 -12"><span class='ocrx_word' id='word_1_292' title='bbox 493 2056 660 2101; x_wconf 88' lang='lat' dir='ltr'>ponebas</span> <span class='ocrx_word' id='word_1_293' title='bbox 694 2054 742 2088; x_wconf 91' lang='lat' dir='ltr'>ad</span> <span class='ocrx_word' id='word_1_294' title='bbox 772 2053 1028 2088; x_wconf 85' lang='lat' dir='ltr'>differenciam</span> <span class='ocrx_word' id='word_1_295' title='bbox 1058 2053 1145 2087; x_wconf 90' lang='lat' dir='ltr'>iuris</span> <span class='ocrx_word' id='word_1_296' title='bbox 1182 2053 1348 2096; x_wconf 84' lang='lat' dir='ltr'>derivati,</span> <span class='ocrx_word' id='word_1_297' title='bbox 1379 2054 1485 2098; x_wconf 87' lang='lat' dir='ltr'>quale</span> <span class='ocrx_word' id='word_1_298' title='bbox 1519 2053 1657 2087; x_wconf 89' lang='lat' dir='ltr'>habent</span> <span class='ocrx_word' id='word_1_299' title='bbox 1690 2053 1825 2087; x_wconf 87' lang='lat' dir='ltr'>usuarii</span> <span class='ocrx_word' id='word_1_300' title='bbox 1847 2058 1888 2088; x_wconf 85' lang='lat'>30</span> 
     </span>
     <span class='ocr_line' id='line_1_32' title="bbox 495 2110 1827 2155; baseline -0.003 -7"><span class='ocrx_word' id='word_1_301' title='bbox 495 2125 570 2148; x_wconf 88' lang='lat' dir='ltr'>non</span> <span class='ocrx_word' id='word_1_302' title='bbox 593 2114 772 2147; x_wconf 86' lang='lat' dir='ltr'>habentes</span> <span class='ocrx_word' id='word_1_303' title='bbox 791 2123 918 2146; x_wconf 88' lang='lat' dir='ltr'>verum</span> <span class='ocrx_word' id='word_1_304' title='bbox 945 2111 1171 2154; x_wconf 87' lang='lat' dir='ltr'>dominium;</span> <span class='ocrx_word' id='word_1_305' title='bbox 1199 2117 1235 2145; x_wconf 89' lang='lat' dir='ltr'>et</span> <span class='ocrx_word' id='word_1_306' title='bbox 1262 2110 1347 2155; x_wconf 81' lang='lat' dir='ltr'>quia</span> <span class='ocrx_word' id='word_1_307' title='bbox 1374 2110 1579 2145; x_wconf 87' lang='lat' dir='ltr'>dominium</span> <span class='ocrx_word' id='word_1_308' title='bbox 1602 2122 1725 2145; x_wconf 89' lang='lat' dir='ltr'>rerum</span> <span class='ocrx_word' id='word_1_309' title='bbox 1751 2122 1827 2144; x_wconf 91' lang='lat' dir='ltr'>cor-</span> 
     </span>
     <span class='ocr_line' id='line_1_33' title="bbox 495 2168 1831 2217; baseline -0.003 -11"><span class='ocrx_word' id='word_1_310' title='bbox 495 2172 676 2217; x_wconf 88' lang='lat' dir='ltr'>poralium</span> <span class='ocrx_word' id='word_1_311' title='bbox 702 2169 991 2214; x_wconf 88' lang='lat' dir='ltr'>corruptibilium</span> <span class='ocrx_word' id='word_1_312' title='bbox 1018 2169 1056 2203; x_wconf 89' lang='lat' dir='ltr'>in</span> <span class='ocrx_word' id='word_1_313' title='bbox 1082 2169 1153 2203; x_wconf 93' lang='lat' dir='ltr'>hoc</span> <span class='ocrx_word' id='word_1_314' title='bbox 1179 2169 1319 2202; x_wconf 90' lang='lat' dir='ltr'>mundo</span> <span class='ocrx_word' id='word_1_315' title='bbox 1346 2168 1496 2203; x_wconf 86' lang='lat' dir='ltr'>inferius</span> <span class='ocrx_word' id='word_1_316' title='bbox 1523 2180 1597 2202; x_wconf 91' lang='lat' dir='ltr'>non</span> <span class='ocrx_word' id='word_1_317' title='bbox 1622 2174 1677 2203; x_wconf 91' lang='lat' dir='ltr'>est</span> <span class='ocrx_word' id='word_1_318' title='bbox 1702 2168 1831 2202; x_wconf 85' lang='lat' dir='ltr'>datum</span> 
     </span>
     <span class='ocr_line' id='line_1_34' title="bbox 495 2226 1831 2271; baseline -0.003 -7"><span class='ocrx_word' id='word_1_319' title='bbox 495 2243 518 2264; x_wconf 88' lang='lat' dir='ltr'>a</span> <span class='ocrx_word' id='word_1_320' title='bbox 550 2231 633 2264; x_wconf 93' lang='lat' dir='ltr'>Deo</span> <span class='ocrx_word' id='word_1_321' title='bbox 663 2228 877 2262; x_wconf 85' lang='lat' dir='ltr'>hominibus</span> <span class='ocrx_word' id='word_1_322' title='bbox 912 2227 981 2261; x_wconf 89' lang='lat' dir='ltr'>nisi</span> <span class='ocrx_word' id='word_1_323' title='bbox 1013 2233 1164 2271; x_wconf 88' lang='lat' dir='ltr'>propter</span> <span class='ocrx_word' id='word_1_324' title='bbox 1193 2238 1299 2261; x_wconf 90' lang='lat' dir='ltr'>suam</span> <span class='ocrx_word' id='word_1_325' title='bbox 1332 2226 1595 2261; x_wconf 88' lang='lat' dir='ltr'>mortalitatem</span> <span class='ocrx_word' id='word_1_326' title='bbox 1625 2226 1831 2260; x_wconf 89' lang='lat' dir='ltr'>naturalem</span> 
     </span>
     <span class='ocr_line' id='line_1_35' title="bbox 495 2283 2032 2329; baseline -0.003 -8"><span class='ocrx_word' id='word_1_327' title='bbox 495 2287 696 2322; x_wconf 88' lang='lat' dir='ltr'>fovendam</span> <span class='ocrx_word' id='word_1_328' title='bbox 720 2298 765 2320; x_wconf 89' lang='lat' dir='ltr'>ne</span> <span class='ocrx_word' id='word_1_329' title='bbox 793 2286 902 2319; x_wconf 87' lang='lat' dir='ltr'>cadat</span> <span class='ocrx_word' id='word_1_330' title='bbox 923 2285 976 2329; x_wconf 85' lang='lat' dir='ltr'>&lt;ut</span> <span class='ocrx_word' id='word_1_331' title='bbox 1001 2296 1122 2329; x_wconf 85' lang='lat' dir='ltr'>supra,</span> <span class='ocrx_word' id='word_1_332' title='bbox 1142 2296 1226 2318; x_wconf 89' lang='lat' dir='ltr'>cum</span> <span class='ocrx_word' id='word_1_333' title='bbox 1252 2285 1298 2318; x_wconf 89' lang='lat' dir='ltr'>de</span> <span class='ocrx_word' id='word_1_334' title='bbox 1326 2285 1395 2318; x_wconf 88' lang='lat' dir='ltr'>hac</span> <span class='ocrx_word' id='word_1_335' title='bbox 1421 2283 1578 2318; x_wconf 89' lang='lat' dir='ltr'>materia</span> <span class='ocrx_word' id='word_1_336' title='bbox 1603 2283 1756 2328; x_wconf 82' lang='lat' dir='ltr'>egimus,</span> <span class='ocrx_word' id='word_1_337' title='bbox 1775 2290 1831 2318; x_wconf 90' lang='lat' dir='ltr'>est</span> <span class='ocrx_word' id='word_1_338' title='bbox 1850 2294 1958 2325; x_wconf 79' lang='lat' dir='ltr'>supra,</span> <span class='ocrx_word' id='word_1_339' title='bbox 1976 2294 2032 2325; x_wconf 80' lang='lat' dir='ltr'>pp.</span> 
     </span>
     <span class='ocr_line' id='line_1_36' title="bbox 497 2327 1996 2391; baseline -0.003 -11"><span class='ocrx_word' id='word_1_340' title='bbox 497 2343 721 2391; x_wconf 87' lang='lat' dir='ltr'>probatum),</span> <span class='ocrx_word' id='word_1_341' title='bbox 742 2344 824 2378; x_wconf 90' lang='lat' dir='ltr'>ideo</span> <span class='ocrx_word' id='word_1_342' title='bbox 842 2344 996 2377; x_wconf 86' lang='lat' dir='ltr'>verbum</span> <span class='ocrx_word' id='word_1_343' title='bbox 1024 2341 1197 2376; x_wconf 78' lang='lat' dir='ltr'>mortalis</span> <span class='ocrx_word' id='word_1_344' title='bbox 1216 2342 1286 2385; x_wconf 86' lang='lat' dir='ltr'>hic,</span> <span class='ocrx_word' id='word_1_345' title='bbox 1305 2349 1343 2376; x_wconf 95' lang='lat' dir='ltr'>ut</span> <span class='ocrx_word' id='word_1_346' title='bbox 1367 2342 1428 2385; x_wconf 84' lang='lat' dir='ltr'>ibi,</span> <span class='ocrx_word' id='word_1_347' title='bbox 1447 2343 1625 2387; x_wconf 89' lang='lat' dir='ltr'>ponebas.</span> <span class='ocrx_word' id='word_1_348' title='bbox 1677 2343 1740 2377; x_wconf 87' lang='lat' dir='ltr'>Set</span> <span class='ocrx_word' id='word_1_349' title='bbox 1758 2353 1832 2376; x_wconf 90' lang='lat' dir='ltr'>non</span> <span class='ocrx_word' id='word_1_350' title='bbox 1852 2327 1913 2367; x_wconf 77' lang='lat'>336</span> <span class='ocrx_word' id='word_1_351' title='bbox 1931 2339 1996 2369; x_wconf 74' lang='lat' dir='ltr'>seq.</span> 
     </span>
     <span class='ocr_line' id='line_1_37' title="bbox 497 2399 1832 2448; baseline -0.003 -11"><span class='ocrx_word' id='word_1_352' title='bbox 497 2405 606 2448; x_wconf 88' lang='lat' dir='ltr'>plene</span> <span class='ocrx_word' id='word_1_353' title='bbox 633 2403 784 2437; x_wconf 86' lang='lat' dir='ltr'>attendo</span> <span class='ocrx_word' id='word_1_354' title='bbox 811 2413 875 2435; x_wconf 89' lang='lat' dir='ltr'>cur</span> <span class='ocrx_word' id='word_1_355' title='bbox 892 2401 1046 2435; x_wconf 89' lang='lat' dir='ltr'>verbum</span> <span class='ocrx_word' id='word_1_356' title='bbox 1073 2401 1259 2444; x_wconf 73' lang='lat' dir='ltr'>acquisita</span> <span class='ocrx_word' id='word_1_357' title='bbox 1284 2400 1343 2434; x_wconf 90' lang='lat' dir='ltr'>hic</span> <span class='ocrx_word' id='word_1_358' title='bbox 1366 2400 1483 2444; x_wconf 88' lang='lat' dir='ltr'>ponis,</span> <span class='ocrx_word' id='word_1_359' title='bbox 1503 2411 1586 2434; x_wconf 90' lang='lat' dir='ltr'>cum</span> <span class='ocrx_word' id='word_1_360' title='bbox 1611 2399 1832 2444; x_wconf 86' lang='lat' dir='ltr'>acquisitum</span> 
     </span>
     <span class='ocr_line' id='line_1_38' title="bbox 499 2457 1834 2503; baseline -0.002 -8"><span class='ocrx_word' id='word_1_361' title='bbox 499 2461 571 2495; x_wconf 89' lang='lat' dir='ltr'>dici</span> <span class='ocrx_word' id='word_1_362' title='bbox 597 2472 672 2494; x_wconf 91' lang='lat' dir='ltr'>non</span> <span class='ocrx_word' id='word_1_363' title='bbox 699 2461 813 2493; x_wconf 87' lang='lat' dir='ltr'>soleat</span> <span class='ocrx_word' id='word_1_364' title='bbox 840 2458 911 2493; x_wconf 87' lang='lat' dir='ltr'>nisi</span> <span class='ocrx_word' id='word_1_365' title='bbox 938 2459 1037 2503; x_wconf 86' lang='lat' dir='ltr'>quod</span> <span class='ocrx_word' id='word_1_366' title='bbox 1064 2470 1129 2502; x_wconf 91' lang='lat' dir='ltr'>per</span> <span class='ocrx_word' id='word_1_367' title='bbox 1154 2459 1320 2492; x_wconf 89' lang='lat' dir='ltr'>laborem</span> <span class='ocrx_word' id='word_1_368' title='bbox 1347 2457 1537 2502; x_wconf 72' lang='lat' dir='ltr'>accipitur,</span> <span class='ocrx_word' id='word_1_369' title='bbox 1554 2463 1590 2491; x_wconf 88' lang='lat' dir='ltr'>et</span> <span class='ocrx_word' id='word_1_370' title='bbox 1618 2458 1721 2491; x_wconf 89' lang='lat' dir='ltr'>multi</span> <span class='ocrx_word' id='word_1_371' title='bbox 1748 2463 1834 2492; x_wconf 87' lang='lat' dir='ltr'>sunt</span> 
     </span>
     <span class='ocr_line' id='line_1_39' title="bbox 500 2515 1832 2560; baseline -0.004 -7"><span class='ocrx_word' id='word_1_372' title='bbox 500 2519 641 2553; x_wconf 84' lang='lat' dir='ltr'>domini</span> <span class='ocrx_word' id='word_1_373' title='bbox 677 2517 756 2552; x_wconf 87' lang='lat' dir='ltr'>sine</span> <span class='ocrx_word' id='word_1_374' title='bbox 791 2517 917 2551; x_wconf 88' lang='lat' dir='ltr'>labore</span> <span class='ocrx_word' id='word_1_375' title='bbox 952 2517 987 2550; x_wconf 89' lang='lat' dir='ltr'>in</span> <span class='ocrx_word' id='word_1_376' title='bbox 1020 2515 1129 2550; x_wconf 92' lang='lat' dir='ltr'>inicio</span> <span class='ocrx_word' id='word_1_377' title='bbox 1164 2515 1422 2560; x_wconf 88' lang='lat' dir='ltr'>concepcionis</span> <span class='ocrx_word' id='word_1_378' title='bbox 1460 2527 1524 2550; x_wconf 90' lang='lat' dir='ltr'>sue</span> <span class='ocrx_word' id='word_1_379' title='bbox 1558 2515 1634 2549; x_wconf 91' lang='lat' dir='ltr'>iure</span> <span class='ocrx_word' id='word_1_380' title='bbox 1663 2521 1832 2559; x_wconf 88' lang='lat' dir='ltr'>paterno,</span> 
     </span>
     <span class='ocr_line' id='line_1_40' title="bbox 500 2573 1829 2622; baseline -0.003 -12"><span class='ocrx_word' id='word_1_381' title='bbox 500 2577 665 2622; x_wconf 84' lang='lat' dir='ltr'>patribus</span> <span class='ocrx_word' id='word_1_382' title='bbox 684 2586 811 2609; x_wconf 89' lang='lat' dir='ltr'>eorum</span> <span class='ocrx_word' id='word_1_383' title='bbox 831 2581 917 2608; x_wconf 88' lang='lat' dir='ltr'>ante</span> <span class='ocrx_word' id='word_1_384' title='bbox 937 2574 982 2608; x_wconf 91' lang='lat' dir='ltr'>de</span> <span class='ocrx_word' id='word_1_385' title='bbox 1003 2575 1071 2607; x_wconf 86' lang='lat' dir='ltr'>hac</span> <span class='ocrx_word' id='word_1_386' title='bbox 1092 2574 1172 2608; x_wconf 85' lang='lat' dir='ltr'>luce</span> <span class='ocrx_word' id='word_1_387' title='bbox 1197 2573 1405 2608; x_wconf 82' lang='lat' dir='ltr'>subtractis.</span> <span class='ocrx_word' id='word_1_388' title='bbox 1461 2574 1571 2608; x_wconf 91' lang='lat' dir='ltr'>Unde</span> <span class='ocrx_word' id='word_1_389' title='bbox 1592 2574 1689 2607; x_wconf 87' lang='lat' dir='ltr'>Eccl.</span> <span class='ocrx_word' id='word_1_390' title='bbox 1710 2573 1755 2607; x_wconf 83' lang='lat' dir='ltr'>iv.</span> <span class='ocrx_word' id='word_1_391' title='bbox 1779 2582 1829 2616; x_wconf 88' lang='lat'>13,</span> 
     </span>
     <span class='ocr_line' id='line_1_41' title="bbox 500 2631 1890 2677; baseline -0.003 -9"><span class='ocrx_word' id='word_1_392' title='bbox 500 2635 644 2669; x_wconf 66' lang='lat' dir='ltr'>Affelior</span> <span class='ocrx_word' id='word_1_393' title='bbox 658 2638 712 2667; x_wconf 74' lang='lat' dir='ltr'>est</span> <span class='ocrx_word' id='word_1_394' title='bbox 721 2634 984 2677; x_wconf 65' lang='lat' dir='ltr'>puerpauper</span> <span class='ocrx_word' id='word_1_395' title='bbox 999 2636 1034 2665; x_wconf 80' lang='lat' dir='ltr'>et</span> <span class='ocrx_word' id='word_1_396' title='bbox 1056 2633 1205 2676; x_wconf 66' lang='lat' dir='ltr'>sapiens</span> <span class='ocrx_word' id='word_1_397' title='bbox 1223 2643 1305 2676; x_wconf 71' lang='lat' dir='ltr'>rege</span> <span class='ocrx_word' id='word_1_398' title='bbox 1327 2643 1411 2665; x_wconf 74' lang='lat' dir='ltr'>sene</span> <span class='ocrx_word' id='word_1_399' title='bbox 1432 2635 1468 2664; x_wconf 80' lang='lat' dir='ltr'>et</span> <span class='ocrx_word' id='word_1_400' title='bbox 1486 2631 1610 2673; x_wconf 76' lang='lat' dir='ltr'>stulto,</span> <span class='ocrx_word' id='word_1_401' title='bbox 1629 2632 1698 2674; x_wconf 72' lang='lat' dir='ltr'>qui</span> <span class='ocrx_word' id='word_1_402' title='bbox 1718 2632 1833 2664; x_wconf 70' lang='lat' dir='ltr'>nescit</span> <span class='ocrx_word' id='word_1_403' title='bbox 1848 2640 1890 2671; x_wconf 92' lang='lat'>40</span> 
     </span>
     <span class='ocr_line' id='line_1_42' title="bbox 493 2689 1831 2738; baseline -0.003 -12"><span class='ocrx_word' id='word_1_404' title='bbox 493 2693 695 2738; x_wconf 72' lang='lat' dir='ltr'>previdere</span> <span class='ocrx_word' id='word_1_405' title='bbox 717 2693 757 2725; x_wconf 75' lang='lat'>2&#39;72</span> <span class='ocrx_word' id='word_1_406' title='bbox 775 2694 998 2735; x_wconf 62' lang='lat' dir='ltr'>posterumj</span> <span class='ocrx_word' id='word_1_407' title='bbox 1026 2691 1128 2734; x_wconf 76' lang='lat' dir='ltr'>quod</span> <span class='ocrx_word' id='word_1_408' title='bbox 1149 2690 1193 2722; x_wconf 75' lang='lat' dir='ltr'>de</span> <span class='ocrx_word' id='word_1_409' title='bbox 1218 2701 1360 2723; x_wconf 69' lang='lat' dir='ltr'>carcere</span> <span class='ocrx_word' id='word_1_410' title='bbox 1384 2690 1618 2732; x_wconf 70' lang='lat' dir='ltr'>cathem&#39;sque</span> <span class='ocrx_word' id='word_1_411' title='bbox 1642 2689 1831 2722; x_wconf 77' lang='lat' dir='ltr'>interdmlz</span> 
     </span>
     <span class='ocr_line' id='line_1_43' title="bbox 501 2747 1832 2794; baseline -0.002 -11"><span class='ocrx_word' id='word_1_412' title='bbox 501 2752 585 2794; x_wconf 72' lang='lat' dir='ltr'>quis</span> <span class='ocrx_word' id='word_1_413' title='bbox 602 2750 821 2794; x_wconf 70' lang='lat' dir='ltr'>egrediatur</span> <span class='ocrx_word' id='word_1_414' title='bbox 836 2749 888 2781; x_wconf 77' lang='lat' dir='ltr'>ad</span> <span class='ocrx_word' id='word_1_415' title='bbox 902 2759 1070 2792; x_wconf 57' lang='lat' dir='ltr'>regnum,</span> <span class='ocrx_word' id='word_1_416' title='bbox 1090 2752 1125 2780; x_wconf 76' lang='lat' dir='ltr'>et</span> <span class='ocrx_word' id='word_1_417' title='bbox 1148 2747 1249 2780; x_wconf 75' lang='lat' dir='ltr'>alius</span> <span class='ocrx_word' id='word_1_418' title='bbox 1269 2751 1382 2780; x_wconf 72' lang='lat' dir='ltr'>natas</span> <span class='ocrx_word' id='word_1_419' title='bbox 1407 2748 1447 2780; x_wconf 80' lang='lat' dir='ltr'>in</span> <span class='ocrx_word' id='word_1_420' title='bbox 1466 2758 1579 2791; x_wconf 70' lang='lat' dir='ltr'>regno</span> <span class='ocrx_word' id='word_1_421' title='bbox 1602 2747 1730 2790; x_wconf 67' lang='lat' dir='ltr'>inopia</span> <span class='ocrx_word' id='word_1_422' title='bbox 1753 2756 1832 2780; x_wconf 79' lang='lat' dir='ltr'>con-</span> 
     </span>
     <span class='ocr_line' id='line_1_44' title="bbox 501 2804 1716 2850; baseline -0.004 -8"><span class='ocrx_word' id='word_1_423' title='bbox 501 2812 678 2842; x_wconf 75' lang='lat' dir='ltr'>sumatur</span> <span class='ocrx_word' id='word_1_424' title='bbox 688 2820 700 2841; x_wconf 94' lang='lat'>.·</span> <span class='ocrx_word' id='word_1_425' title='bbox 728 2807 787 2841; x_wconf 87' lang='lat' dir='ltr'>ubi</span> <span class='ocrx_word' id='word_1_426' title='bbox 807 2806 959 2841; x_wconf 75' lang='lat' dir='ltr'>attendo</span> <span class='ocrx_word' id='word_1_427' title='bbox 979 2805 1077 2850; x_wconf 81' lang='lat' dir='ltr'>quod</span> <span class='ocrx_word' id='word_1_428' title='bbox 1097 2805 1185 2839; x_wconf 82' lang='lat' dir='ltr'>(licit</span> <span class='ocrx_word' id='word_1_429' title='bbox 1205 2804 1365 2849; x_wconf 80' lang='lat' dir='ltr'>aliquem</span> <span class='ocrx_word' id='word_1_430' title='bbox 1383 2809 1514 2838; x_wconf 67' lang='lat' dir='ltr'>nalum</span> <span class='ocrx_word' id='word_1_431' title='bbox 1534 2805 1574 2838; x_wconf 77' lang='lat' dir='ltr'>in</span> <span class='ocrx_word' id='word_1_432' title='bbox 1594 2815 1716 2849; x_wconf 75' lang='lat' dir='ltr'>regno.</span> 
     </span>
    </p>
   </div>
   <div class='ocr_carea' id='block_1_6' title="bbox 2074 0 2087 752">
    <p class='ocr_par' dir='ltr' id='par_1_11' title="bbox 2074 0 2087 752">
     <span class='ocr_line' id='line_1_45' title="bbox 2074 0 2087 752; baseline 0 0"><span class='ocrx_word' id='word_1_433' title='bbox 2074 0 2087 752; x_wconf 95' lang='lat' dir='ltr'> </span> 
     </span>
    </p>
   </div>
   <div class='ocr_carea' id='block_1_7' title="bbox 2083 1367 2095 2903">
    <p class='ocr_par' dir='ltr' id='par_1_12' title="bbox 2083 1367 2095 2903">
     <span class='ocr_line' id='line_1_46' title="bbox 2083 1367 2095 2903; baseline 0 0"><span class='ocrx_word' id='word_1_434' title='bbox 2083 1367 2095 2903; x_wconf 95' lang='lat' dir='ltr'> </span> 
     </span>
    </p>
   </div>
  </div>
 </body>
</html>
