2008 3305
191 250 277 279 cAP.
299 236 441 295 xvm]
675 248 818 280 LIBER
850 248 1045 282 PRIMUS.
1717 250 1796 295 159

79 366 179 408 53D]
247 363 390 410 Quoad
411 362 622 401 secundum
642 370 924 412 argumentum,
938 364 1043 414 quod
1057 363 1211 402 ‘volicio
1225 363 1352 401 divina
1365 371 1464 403 esset
1480 365 1518 401 in
1532 369 1556 395 b·
1579 369 1607 394 Is
1620 368 1640 394 it
1654 368 1763 401 subject

1532 408 1561 428 to
1571 403 1675 428 human
1724 412 1779 428 wer

192 438 200 454 ‘
214 435 414 472 hominum
434 432 646 483 potestate‚'
660 440 763 484 patet
784 447 831 472 ex
847 435 983 472 eadem
1005 441 1096 473 nota
1110 434 1216 484 quod
1232 447 1312 472 non
1328 435 1501 484 sequitur
1507 447 1517 481 ‚·
1531 403 1798 484 (answeredpzbovg

1525 488 1555 518 p·
1574 489 1638 518 149)-

191 517 279 543 cum
303 517 383 542 non
403 505 449 542 sit
475 510 646 554 potestas
671 505 743 541 nisi
765 517 879 554 super
909 512 1125 542 creaturam
1147 517 1220 555 que
1245 505 1449 554 potestatui
1472 506 1518 542 sit

191 575 371 613 subiecta.
404 574 488 612 Nec
509 582 617 612 sonat
638 575 737 612 male
758 582 859 613 recte
881 576 1119 625 sapientibus
1139 575 1245 625 quod
1265 586 1339 624 ego
1360 587 1518 624 possum

160 645 315 690 5facere
346 645 506 683 Domini
535 645 627 682 velle
663 658 743 683 non
772 646 868 683 velle
898 660 922 683 A
952 646 1127 692 volibile;
1161 645 1229 684 sed
1262 646 1518 695 intelligentes

190 716 296 765 quod
317 727 391 765 ego
418 728 578 765 possum
605 728 742 764 cogere
773 716 900 753 Deum
925 716 974 753 ad
995 716 1068 754 hoc
1089 717 1148 753 vel
1175 716 1298 754 facere
1319 716 1393 754 hoc
1413 722 1518 766 post-

190 798 308 835 quam
325 798 404 823 non
426 786 506 832 fuit,
521 785 580 824 vel
599 798 683 824 esse
702 787 923 836 principalis
938 799 1055 825 causa
1070 787 1267 825 volicionis
1281 786 1517 833 huiusmodi,

190 857 290 894 male
311 857 544 905 concipiunt.

245 927 387 965 Tercio
404 927 565 965 instatur
576 940 645 977 per
660 928 734 966 hoc
756 928 861 978 quod
875 932 883 948 ‘
896 927 953 965 vel
969 934 1026 965 est
1041 939 1247 977 processus
1268 927 1307 964 in
1328 927 1518 964 infinitum
1532 937 1553 967 ,⁶-
1570 928 1687 955 ‘Either
1700 929 1778 955 there

1532 971 1555 988 15
1568 972 1584 988 a
1597 966 1748 995 processus
1764 965 1796 989 in

135 1001 198 1035 10‘
213 998 252 1034 in
273 998 410 1043 causis,
431 998 491 1035 vel
511 998 639 1048 aliqua
660 1005 820 1036 causant
842 1010 881 1036 se
902 996 1125 1047 reciproce.’
1186 998 1263 1036 Sed
1293 999 1438 1036 dictum
1463 1005 1519 1036 est
1532 997 1688 1060 ζζξζζζζξ
1699 997 1755 1056 {3¹oe

191 1069 402 1106 secundam
437 1075 585 1118 partem
620 1081 704 1106 esse
737 1081 877 1116 veram,
909 1082 957 1107 eo
990 1069 1097 1118 quod
1127 1069 1245 1115 aliter,
1278 1082 1366 1107 cum
1400 1082 1518 1107 omne
1531 1072 1750 1122 ξζξῐζζξξνζῗξε-

1531 1129 1702 1162 ciprocally.¹

189 1146 389 1177 causatum
418 1139 534 1177 habet
562 1139 796 1189 completam
821 1152 979 1177 causam
1008 1152 1057 1178 ex
1081 1152 1158 1190 qua
1188 1141 1361 1190 sequitur
1390 1140 1517 1189 ipsum
1529 1180 1788 1207 Thelatteristrue

190 1222 273 1248 esse
296 1208 360 1260 (ex
381 1210 550 1248 secundo
572 1210 846 1257 Posteriorum‚
868 1210 1119 1248 conclusione
1143 1211 1257 1256 xviii„
1279 1217 1316 1248 et
1343 1211 1518 1248 secundo

193 1280 464 1331 Phisicorum),
483 1281 651 1331 sequitur
667 1281 772 1331 quod
789 1281 917 1318 omnis
933 1281 1091 1319 effectus
1111 1281 1286 1319 absolute
1300 1282 1518 1319 necessario

142 1362 178 1392 Ι5
194 1352 370 1389 eveniret.
442 1351 548 1390 Sicut
580 1364 672 1402 ergo
711 1351 837 1389 forma
875 1358 1005 1390 causat
1042 1352 1242 1390 materiam
1282 1358 1318 1390 et
1347 1359 1517 1398 econtra,

190 1422 333 1460 sanitas
362 1422 536 1460 laborem
564 1429 602 1460 et
630 1429 798 1469 econtra,
816 1422 1054 1460 individuum
1084 1423 1252 1472 speciem
1282 1428 1319 1459 et
1347 1429 1518 1468 econtra,

188 1493 379 1542 integrum
399 1504 509 1531 suam
529 1498 679 1541 partem
699 1500 736 1530 et
756 1500 935 1539 econtra;
967 1493 1020 1531 sic
1041 1492 1115 1531 Dei
1140 1493 1276 1532 volicio
1301 1500 1518 1531 creaturam

189 1569 226 1600 et
245 1570 419 1601 creatura
439 1563 513 1601 Dei
533 1563 746 1601 volenciam
769 1570 935 1602 econtra.

245 1633 395 1680 Quarto
418 1635 579 1672 instatur
602 1647 672 1684 per
702 1634 777 1672 hoc
801 1635 907 1684 quod
933 1638 941 1654 ‘
958 1641 1048 1673 tunc
1080 1634 1217 1684 aliquis
1238 1634 1396 1672 effectus
1417 1641 1556 1672 essetd.
1579 1643 1656 1670 ‘The
1669 1643 1763 1674 effect,

1531 1677 1593 1703 that
1607 1677 1629 1703 is
1643 1683 1672 1703 to
1685 1686 1745 1710 say,

137 1717 176 1740 20
191 1708 199 1723 ‘
213 1711 378 1752 eternus,
399 1711 434 1742 et
454 1717 523 1755 per
543 1717 788 1755 consequens
805 1711 988 1751 ereatura,
1009 1717 1099 1743 cum
1114 1705 1233 1743 homo
1254 1705 1368 1743 faciat
1388 1705 1515 1743 Deum
1529 1717 1771 1771 §anffs‘lassffit'ernal

1775 1764 1783 1776 ‚

92 1782 176 1812 54A
191 1778 199 1793 ‘
214 1775 321 1821 velle,
338 1782 374 1813 et
391 1782 482 1813 tunc
506 1782 607 1813 esset
628 1788 745 1813 causa
759 1776 966 1813 voluntatis
987 1776 1112 1814 divine
1133 1777 1330 1825 querenda
1348 1774 1366 1795 *
1384 1783 1518 1815 contra

190 1849 198 1865 ‘
210 1846 427 1895 apostolum
445 1846 493 1883 ad
511 1846 627 1884 Rom.
646 1846 696 1885 ix.
715 1859 775 1893 20,
794 1847 859 1884 ubi
875 1846 1047 1896 increpat
1063 1852 1263 1897 querentes
1279 1860 1397 1897 quare
1411 1848 1517 1885 Deus
1531 1858 1586 1884 and
1602 1858 1666 1884 thus
1680 1858 1728 1884 the

192 1919 200 1935 ‘
214 1917 330 1954 voluit
350 1917 464 1954 unius
479 1917 649 1954 misereri
665 1923 702 1954 et
718 1917 835 1954 alium
853 1917 1041 1955 obdurare
1057 1931 1065 1955 :
1101 1917 1134 1955 O
1146 1918 1261 1963 homo,
1278 1919 1411 1968 inquit,
1433 1920 1517 1967 quis
1530 1892 1771 1952 ffillsxevggfioksssa

192 1991 252 2023 ‘tu
272 2000 307 2023 es
327 1991 370 2024 ul
381 1988 597 2036 respondeas
611 1987 690 2025 Deo
703 1990 724 2024 :³
778 1987 828 2025 Et
842 1988 950 2037 ponit
965 1989 1185 2038 exemplum
1203 1989 1249 2027 de
1270 1989 1403 2038 figulo,
1419 2002 1515 2039 quo-
1529 1964 1631 2025 ἓιιῗίξῖγῗξ
1643 1960 1675 1985 Os
1683 1968 1730 1985 en-

138 2068 175 2099 25
192 2059 201 2076 ‘
215 2057 335 2095 modo
359 2057 475 2095 habet
497 2064 729 2108 potestatem
750 2058 797 2096 de
817 2058 955 2096 eadem
976 2071 1104 2096 massa
1126 2059 1250 2097 facere
1271 2072 1337 2097 vas
1357 2060 1517 2098 honoris

189 2132 197 2148 ‘
212 2135 250 2166 et
270 2129 512 2167 contumelie.
556 2129 672 2167 Unde
694 2135 731 2168 et
746 2129 996 2179 Augustinus,
1012 2142 1124 2180 super
1141 2130 1359 2168 Iohannem
1378 2132 1518 2169 omelia

191 2202 200 2218 ‘
213 2200 325 2246 xxvi„
343 2213 545 2250 exponens
557 2201 660 2239 hunc
673 2208 820 2239 textum
834 2201 1031 2248 Iohannis,
1044 2201 1164 2240 Nemo
1184 2204 1286 2240 venit
1302 2203 1356 2239 ad
1371 2216 1424 2240 me
1442 2205 1523 2240 nisi

189 2273 198 2289 ‘
212 2270 333 2307 Pater
348 2284 447 2308 meus
462 2273 633 2308 traxerit
641 2285 731 2318 eum,
751 2272 804 2309 sic
819 2272 952 2321 inquit,
970 2272 1097 2318 Quare
1111 2273 1208 2310 hunc
1228 2274 1360 2311 trahat
1372 2278 1406 2310 et
1421 2275 1518 2311 hunc

190 2343 198 2359 ‘
216 2353 287 2377 non
307 2342 437 2378 trahat
453 2343 532 2379 noli
542 2355 700 2390 querere,
721 2344 760 2379 si
778 2355 849 2380 non
869 2344 927 2380 vis
946 2356 1087 2380 errare.
1146 2344 1197 2381 Et
1218 2344 1404 2393 quotlibet
1428 2352 1516 2382 sunt

136 2419 177 2450 30
192 2414 199 2429 ‘
217 2411 316 2448 dicta
329 2418 549 2449 sanctorum
564 2425 637 2462 que
651 2420 870 2450 consonant
885 2414 923 2450 in
939 2413 1014 2452 hoc
1035 2413 1161 2452 idem!
1196 2414 1259 2451 Ad
1274 2412 1365 2452 illud
1378 2415 1517 2453 dicitur

224 2548 246 2571 3.
261 2540 269 2568 ΙΙ
282 2548 337 2571 que
350 2539 372 2564 B
381 2539 398 2564 s.
410 2540 458 2571 236
468 2548 491 2565 c.
610 2548 632 2571 5.
653 2540 767 2566 domini
779 2540 801 2566 B
812 2540 834 2567 C
845 2549 901 2573 mg.
913 2547 919 2565 :
939 2549 992 2566 orn.
1005 2541 1039 2567 A.
1145 2550 1184 2574 25.
1203 2550 1301 2568 massa
1314 2542 1337 2568 B
1347 2542 1370 2569 C
1382 2549 1388 2569 ε
1409 2552 1473 2569 mas
1490 2544 1516 2569 A

189 2571 218 2597 in
231 2572 285 2598 fine
298 2572 360 2603 coli,
375 2572 474 2598 litteris
487 2582 531 2599 -sa
544 2572 571 2599 in
585 2579 720 2606 sequente
732 2583 878 2607 perperam
892 2574 1009 2600 omissis.

237 2683 284 2713 13.
313 2675 411 2706 Arist.
434 2676 528 2707 Anal.
550 2676 637 2708 Post.
658 2676 692 2708 ii.
708 2677 747 2708 16
764 2689 796 2719 p.
810 2678 850 2719 98
863 2678 901 2716 b;
924 2678 1022 2718 Phys.
1037 2677 1070 2709 ii.
1088 2679 1106 2709 8
1123 2688 1154 2719 p.
1173 2687 1232 2719 199
1246 2679 1272 2710 b.

235 2736 283 2766 23.
312 2726 407 2758 Rom.
429 2728 471 2758 ix.
493 2737 541 2759 21.

235 2777 283 2809 26.
311 2778 537 2819 Inaccurately
556 2780 641 2811 cited
662 2780 746 2811 from
764 2781 904 2822 August.
924 2781 956 2812 in
973 2781 1045 2813 Ioh.
1065 2781 1189 2823 Evang.
1213 2786 1305 2814 tract.
1326 2782 1411 2814 xxvi.
1432 2792 1446 2813 2
1469 2782 1514 2823 [in

188 2829 231 2860 vi·
250 2829 317 2869 44]‚
335 2830 421 2870 Opp-
444 2838 461 2869 3
481 2831 530 2871 (2)
549 2841 612 2872 494
627 2840 658 2863 E-
