<?xml version="1.0" encoding="UTF-8"?>
<!DOCTYPE html PUBLIC "-//W3C//DTD XHTML 1.0 Transitional//EN"
    "http://www.w3.org/TR/xhtml1/DTD/xhtml1-transitional.dtd">
<html xmlns="http://www.w3.org/1999/xhtml" xml:lang="en" lang="en">
 <head>
  <title>
</title>
<meta http-equiv="Content-Type" content="text/html;charset=utf-8" />
  <meta name='ocr-system' content='tesseract 3.04.00' />
  <meta name='ocr-capabilities' content='ocr_page ocr_carea ocr_par ocr_line ocrx_word'/>
</head>
<body>
  <div class='ocr_page' id='page_1' title='image "./dedominiodivinol00wycl_0525.png"; bbox 0 0 2095 3278; ppageno 0'>
   <div class='ocr_carea' id='block_1_1' title="bbox 24 213 1843 278">
    <p class='ocr_par' dir='ltr' id='par_1_1' title="bbox 24 213 1843 278">
     <span class='ocr_line' id='line_1_1' title="bbox 24 213 1843 278; baseline -0.005 -16"><span class='ocrx_word' id='word_1_1' title='bbox 24 233 113 263; x_wconf 76' lang='lat' dir='ltr'>CAP.</span> <span class='ocrx_word' id='word_1_2' title='bbox 130 217 239 278; x_wconf 64' lang='lat' dir='ltr'>xm]</span> <span class='ocrx_word' id='word_1_3' title='bbox 568 229 632 261; x_wconf 87' lang='lat' dir='ltr'>DE</span> <span class='ocrx_word' id='word_1_4' title='bbox 666 228 911 262; x_wconf 86' lang='lat' dir='ltr'><strong>PAUPERIE</strong></span> <span class='ocrx_word' id='word_1_5' title='bbox 944 226 1262 261; x_wconf 80' lang='lat' dir='ltr'><strong>SALVATORIS.</strong></span> <span class='ocrx_word' id='word_1_6' title='bbox 1759 213 1843 266; x_wconf 89' lang='lat'>469</span> 
     </span>
    </p>
   </div>
   <div class='ocr_carea' id='block_1_2' title="bbox 21 329 1853 1592">
    <p class='ocr_par' dir='ltr' id='par_1_2' title="bbox 21 329 1848 1245">
     <span class='ocr_line' id='line_1_2' title="bbox 128 329 1565 381; baseline -0.004 -11"><span class='ocrx_word' id='word_1_7' title='bbox 128 339 228 381; x_wconf 84' lang='lat' dir='ltr'>46B]</span> <span class='ocrx_word' id='word_1_8' title='bbox 292 335 381 369; x_wconf 85' lang='lat' dir='ltr'><strong>IOH.</strong></span> <span class='ocrx_word' id='word_1_9' title='bbox 409 334 529 369; x_wconf 92' lang='lat' dir='ltr'>Cerno</span> <span class='ocrx_word' id='word_1_10' title='bbox 548 333 647 378; x_wconf 90' lang='lat' dir='ltr'>quod</span> <span class='ocrx_word' id='word_1_11' title='bbox 672 333 727 368; x_wconf 86' lang='lat' dir='ltr'>ius</span> <span class='ocrx_word' id='word_1_12' title='bbox 753 333 877 368; x_wconf 89' lang='lat' dir='ltr'>utendi</span> <span class='ocrx_word' id='word_1_13' title='bbox 904 339 1032 368; x_wconf 89' lang='lat' dir='ltr'>contra</span> <span class='ocrx_word' id='word_1_14' title='bbox 1057 332 1128 367; x_wconf 93' lang='lat' dir='ltr'>ista</span> <span class='ocrx_word' id='word_1_15' title='bbox 1146 330 1405 375; x_wconf 85' lang='lat' dir='ltr'>distinguitur:</span> <span class='ocrx_word' id='word_1_16' title='bbox 1434 336 1489 366; x_wconf 92' lang='lat' dir='ltr'>set</span> <span class='ocrx_word' id='word_1_17' title='bbox 1510 329 1565 365; x_wconf 93' lang='lat' dir='ltr'>ius</span> 
     </span>
     <span class='ocr_line' id='line_1_3' title="bbox 239 388 1566 436; baseline -0.004 -9"><span class='ocrx_word' id='word_1_18' title='bbox 239 392 329 427; x_wconf 90' lang='lat' dir='ltr'>illud</span> <span class='ocrx_word' id='word_1_19' title='bbox 346 391 478 427; x_wconf 89' lang='lat' dir='ltr'>estimo</span> <span class='ocrx_word' id='word_1_20' title='bbox 496 390 727 436; x_wconf 86' lang='lat' dir='ltr'><strong>particulare,</strong></span> <span class='ocrx_word' id='word_1_21' title='bbox 746 402 820 425; x_wconf 92' lang='lat' dir='ltr'>non</span> <span class='ocrx_word' id='word_1_22' title='bbox 838 391 988 435; x_wconf 91' lang='lat' dir='ltr'>plenum</span> <span class='ocrx_word' id='word_1_23' title='bbox 1004 402 1012 433; x_wconf 75' lang='grc' dir='ltr'><strong>ς</strong></span> <span class='ocrx_word' id='word_1_24' title='bbox 1040 390 1188 433; x_wconf 89' lang='lat' dir='ltr'>scilicet,</span> <span class='ocrx_word' id='word_1_25' title='bbox 1214 399 1290 424; x_wconf 91' lang='lat' dir='ltr'>non</span> <span class='ocrx_word' id='word_1_26' title='bbox 1315 388 1500 424; x_wconf 89' lang='lat' dir='ltr'>sufficiens</span> <span class='ocrx_word' id='word_1_27' title='bbox 1517 388 1566 422; x_wconf 91' lang='lat' dir='ltr'>ad</span> 
     </span>
     <span class='ocr_line' id='line_1_4' title="bbox 238 447 1564 484; baseline -0.002 0"><span class='ocrx_word' id='word_1_28' title='bbox 238 460 389 484; x_wconf 91' lang='lat' dir='ltr'>omnem</span> <span class='ocrx_word' id='word_1_29' title='bbox 406 455 531 484; x_wconf 90' lang='lat' dir='ltr'>actum</span> <span class='ocrx_word' id='word_1_30' title='bbox 553 448 719 483; x_wconf 90' lang='lat' dir='ltr'>dominii.</span> <span class='ocrx_word' id='word_1_31' title='bbox 769 449 851 483; x_wconf 94' lang='lat' dir='ltr'>Nec</span> <span class='ocrx_word' id='word_1_32' title='bbox 872 448 971 483; x_wconf 87' lang='lat' dir='ltr'>enim</span> <span class='ocrx_word' id='word_1_33' title='bbox 994 447 1315 483; x_wconf 88' lang='lat' dir='ltr'>accomodatarius</span> <span class='ocrx_word' id='word_1_34' title='bbox 1338 458 1407 482; x_wconf 92' lang='lat' dir='ltr'>nec</span> <span class='ocrx_word' id='word_1_35' title='bbox 1430 447 1564 481; x_wconf 89' lang='lat' dir='ltr'>locata-</span> 
     </span>
     <span class='ocr_line' id='line_1_5' title="bbox 238 505 1566 551; baseline -0.002 -10"><span class='ocrx_word' id='word_1_36' title='bbox 238 506 313 542; x_wconf 91' lang='lat' dir='ltr'>rius</span> <span class='ocrx_word' id='word_1_37' title='bbox 330 518 399 542; x_wconf 90' lang='lat' dir='ltr'>nec</span> <span class='ocrx_word' id='word_1_38' title='bbox 417 506 632 542; x_wconf 84' lang='lat' dir='ltr'>licenciatus</span> <span class='ocrx_word' id='word_1_39' title='bbox 650 512 773 551; x_wconf 88' lang='lat' dir='ltr'>potest</span> <span class='ocrx_word' id='word_1_40' title='bbox 794 517 852 541; x_wconf 90' lang='lat' dir='ltr'>res</span> <span class='ocrx_word' id='word_1_41' title='bbox 879 505 948 541; x_wconf 84' lang='lat' dir='ltr'>sibi</span> <span class='ocrx_word' id='word_1_42' title='bbox 973 517 1169 541; x_wconf 91' lang='lat' dir='ltr'>concessas</span> <span class='ocrx_word' id='word_1_43' title='bbox 1186 517 1209 540; x_wconf 91' lang='lat' dir='ltr'>a</span> <span class='ocrx_word' id='word_1_44' title='bbox 1228 505 1389 540; x_wconf 89' lang='lat' dir='ltr'>dominis</span> <span class='ocrx_word' id='word_1_45' title='bbox 1406 505 1566 540; x_wconf 91' lang='lat' dir='ltr'>vendere</span> 
     </span>
     <span class='ocr_line' id='line_1_6' title="bbox 206 561 1566 608; baseline -0.001 -9"><span class='ocrx_word' id='word_1_46' title='bbox 206 570 301 608; x_wconf 88' lang='lat' dir='ltr'>5aut</span> <span class='ocrx_word' id='word_1_47' title='bbox 331 564 469 599; x_wconf 90' lang='lat' dir='ltr'>donare</span> <span class='ocrx_word' id='word_1_48' title='bbox 496 575 616 608; x_wconf 90' lang='lat' dir='ltr'>neque</span> <span class='ocrx_word' id='word_1_49' title='bbox 639 574 868 605; x_wconf 86' lang='lat' dir='ltr'>consumere,</span> <span class='ocrx_word' id='word_1_50' title='bbox 895 569 931 598; x_wconf 91' lang='lat' dir='ltr'>et</span> <span class='ocrx_word' id='word_1_51' title='bbox 961 564 1009 598; x_wconf 89' lang='lat' dir='ltr'>ob</span> <span class='ocrx_word' id='word_1_52' title='bbox 1036 564 1106 598; x_wconf 91' lang='lat' dir='ltr'>hoc</span> <span class='ocrx_word' id='word_1_53' title='bbox 1136 574 1213 597; x_wconf 90' lang='lat' dir='ltr'>non</span> <span class='ocrx_word' id='word_1_54' title='bbox 1243 564 1381 598; x_wconf 88' lang='lat' dir='ltr'>habent</span> <span class='ocrx_word' id='word_1_55' title='bbox 1410 562 1481 607; x_wconf 89' lang='lat' dir='ltr'>nisi</span> <span class='ocrx_word' id='word_1_56' title='bbox 1510 561 1566 596; x_wconf 87' lang='lat' dir='ltr'>ius</span> 
     </span>
     <span class='ocr_line' id='line_1_7' title="bbox 238 620 1567 666; baseline -0.002 -9"><span class='ocrx_word' id='word_1_57' title='bbox 238 622 365 657; x_wconf 88' lang='lat' dir='ltr'>utendi</span> <span class='ocrx_word' id='word_1_58' title='bbox 385 621 620 664; x_wconf 88' lang='lat' dir='ltr'>insufficiens,</span> <span class='ocrx_word' id='word_1_59' title='bbox 639 632 714 655; x_wconf 91' lang='lat' dir='ltr'>non</span> <span class='ocrx_word' id='word_1_60' title='bbox 741 621 944 666; x_wconf 89' lang='lat' dir='ltr'>perfectum</span> <span class='ocrx_word' id='word_1_61' title='bbox 967 628 1031 656; x_wconf 90' lang='lat' dir='ltr'>aut</span> <span class='ocrx_word' id='word_1_62' title='bbox 1056 621 1218 665; x_wconf 89' lang='lat' dir='ltr'>plenum.</span> <span class='ocrx_word' id='word_1_63' title='bbox 1269 622 1334 656; x_wconf 92' lang='lat' dir='ltr'>Set</span> <span class='ocrx_word' id='word_1_64' title='bbox 1357 632 1429 665; x_wconf 90' lang='lat' dir='ltr'>quo</span> <span class='ocrx_word' id='word_1_65' title='bbox 1455 620 1567 654; x_wconf 88' lang='lat' dir='ltr'>modo</span> 
     </span>
     <span class='ocr_line' id='line_1_8' title="bbox 240 678 1567 726; baseline -0.002 -11"><span class='ocrx_word' id='word_1_66' title='bbox 240 680 322 726; x_wconf 92' lang='lat' dir='ltr'>quis</span> <span class='ocrx_word' id='word_1_67' title='bbox 340 686 465 725; x_wconf 90' lang='lat' dir='ltr'>posset</span> <span class='ocrx_word' id='word_1_68' title='bbox 483 679 538 714; x_wconf 93' lang='lat' dir='ltr'>ius</span> <span class='ocrx_word' id='word_1_69' title='bbox 556 680 603 714; x_wconf 91' lang='lat' dir='ltr'>ad</span> <span class='ocrx_word' id='word_1_70' title='bbox 622 680 770 724; x_wconf 90' lang='lat' dir='ltr'>plenum</span> <span class='ocrx_word' id='word_1_71' title='bbox 787 690 894 714; x_wconf 91' lang='lat' dir='ltr'>usum</span> <span class='ocrx_word' id='word_1_72' title='bbox 918 691 1049 722; x_wconf 89' lang='lat' dir='ltr'>rerum,</span> <span class='ocrx_word' id='word_1_73' title='bbox 1068 678 1278 723; x_wconf 84' lang='lat' dir='ltr'>specialiter</span> <span class='ocrx_word' id='word_1_74' title='bbox 1300 678 1425 724; x_wconf 87' lang='lat' dir='ltr'>quoad</span> <span class='ocrx_word' id='word_1_75' title='bbox 1449 678 1567 713; x_wconf 91' lang='lat' dir='ltr'>dona-</span> 
     </span>
     <span class='ocr_line' id='line_1_9' title="bbox 240 736 1568 782; baseline -0.002 -9"><span class='ocrx_word' id='word_1_76' title='bbox 240 738 396 781; x_wconf 87' lang='lat' dir='ltr'>cionem,</span> <span class='ocrx_word' id='word_1_77' title='bbox 431 737 699 780; x_wconf 89' lang='lat' dir='ltr'>vendicionem,</span> <span class='ocrx_word' id='word_1_78' title='bbox 733 743 769 772; x_wconf 91' lang='lat' dir='ltr'>et</span> <span class='ocrx_word' id='word_1_79' title='bbox 802 737 1133 782; x_wconf 83' lang='lat' dir='ltr'>consumpcionem</span> <span class='ocrx_word' id='word_1_80' title='bbox 1161 748 1289 773; x_wconf 90' lang='lat' dir='ltr'>earum</span> <span class='ocrx_word' id='word_1_81' title='bbox 1319 737 1456 772; x_wconf 88' lang='lat' dir='ltr'>habere</span> <span class='ocrx_word' id='word_1_82' title='bbox 1489 736 1568 771; x_wconf 88' lang='lat' dir='ltr'>sine</span> 
     </span>
     <span class='ocr_line' id='line_1_10' title="bbox 240 795 719 840; baseline -0.002 -10"><span class='ocrx_word' id='word_1_83' title='bbox 240 795 406 830; x_wconf 90' lang='lat' dir='ltr'>dominio</span> <span class='ocrx_word' id='word_1_84' title='bbox 425 807 499 830; x_wconf 89' lang='lat' dir='ltr'>non</span> <span class='ocrx_word' id='word_1_85' title='bbox 518 796 719 840; x_wconf 87' lang='lat' dir='ltr'>perpendo.</span> 
     </span>
     <span class='ocr_line' id='line_1_11' title="bbox 188 851 1848 898; baseline -0.002 -10"><span class='ocrx_word' id='word_1_86' title='bbox 188 861 228 884; x_wconf 87' lang='lat'>10</span> <span class='ocrx_word' id='word_1_87' title='bbox 286 854 374 888; x_wconf 85' lang='lat' dir='ltr'><strong>RIC.</strong></span> <span class='ocrx_word' id='word_1_88' title='bbox 402 852 583 898; x_wconf 88' lang='lat' dir='ltr'>Prepositi</span> <span class='ocrx_word' id='word_1_89' title='bbox 616 859 652 888; x_wconf 89' lang='lat' dir='ltr'>et</span> <span class='ocrx_word' id='word_1_90' title='bbox 685 851 843 887; x_wconf 90' lang='lat' dir='ltr'>ministri</span> <span class='ocrx_word' id='word_1_91' title='bbox 876 852 938 887; x_wconf 90' lang='lat' dir='ltr'>alii</span> <span class='ocrx_word' id='word_1_92' title='bbox 973 852 1208 887; x_wconf 88' lang='lat' dir='ltr'>dominorum</span> <span class='ocrx_word' id='word_1_93' title='bbox 1240 863 1300 887; x_wconf 89' lang='lat' dir='ltr'>res</span> <span class='ocrx_word' id='word_1_94' title='bbox 1334 851 1570 887; x_wconf 89' lang='lat' dir='ltr'>dominorum</span> <span class='ocrx_word' id='word_1_95' title='bbox 1582 863 1613 880; x_wconf 80' lang='lat' dir='ltr'>as</span> <span class='ocrx_word' id='word_1_96' title='bbox 1628 858 1754 880; x_wconf 84' lang='lat' dir='ltr'>servants</span> <span class='ocrx_word' id='word_1_97' title='bbox 1766 852 1848 884; x_wconf 82' lang='lat' dir='ltr'>have.</span> 
     </span>
     <span class='ocr_line' id='line_1_12' title="bbox 21 910 1570 955; baseline 0.001 -13"><span class='ocrx_word' id='word_1_98' title='bbox 21 922 58 943; x_wconf 88' lang='lat' dir='ltr'>ac</span> <span class='ocrx_word' id='word_1_99' title='bbox 74 921 139 944; x_wconf 87' lang='lat' dir='ltr'>om.</span> <span class='ocrx_word' id='word_1_100' title='bbox 158 918 189 943; x_wconf 82' lang='grc' dir='ltr'>Β.</span> <span class='ocrx_word' id='word_1_101' title='bbox 239 922 390 946; x_wconf 86' lang='lat' dir='ltr'>suorum</span> <span class='ocrx_word' id='word_1_102' title='bbox 411 910 682 945; x_wconf 87' lang='lat' dir='ltr'>commedendo</span> <span class='ocrx_word' id='word_1_103' title='bbox 703 922 747 945; x_wconf 90' lang='lat' dir='ltr'>ac</span> <span class='ocrx_word' id='word_1_104' title='bbox 768 910 931 945; x_wconf 88' lang='lat' dir='ltr'>bibendo</span> <span class='ocrx_word' id='word_1_105' title='bbox 949 916 1182 953; x_wconf 89' lang='lat' dir='ltr'>consumunt,</span> <span class='ocrx_word' id='word_1_106' title='bbox 1199 917 1237 946; x_wconf 91' lang='lat' dir='ltr'>et</span> <span class='ocrx_word' id='word_1_107' title='bbox 1259 910 1382 955; x_wconf 92' lang='lat' dir='ltr'>sepius</span> <span class='ocrx_word' id='word_1_108' title='bbox 1400 921 1463 945; x_wconf 90' lang='lat' dir='ltr'>eas</span> <span class='ocrx_word' id='word_1_109' title='bbox 1482 920 1570 944; x_wconf 92' lang='lat' dir='ltr'>ven-</span> 
     </span>
     <span class='ocr_line' id='line_1_13' title="bbox 239 967 1569 1009; baseline -0.002 -6"><span class='ocrx_word' id='word_1_110' title='bbox 239 969 332 1004; x_wconf 91' lang='lat' dir='ltr'>dunt</span> <span class='ocrx_word' id='word_1_111' title='bbox 346 979 390 1003; x_wconf 90' lang='lat' dir='ltr'>ac</span> <span class='ocrx_word' id='word_1_112' title='bbox 404 969 545 1003; x_wconf 90' lang='lat' dir='ltr'>donant</span> <span class='ocrx_word' id='word_1_113' title='bbox 559 968 607 1003; x_wconf 89' lang='lat' dir='ltr'>ad</span> <span class='ocrx_word' id='word_1_114' title='bbox 621 967 856 1002; x_wconf 90' lang='lat' dir='ltr'>dominorum</span> <span class='ocrx_word' id='word_1_115' title='bbox 871 979 1021 1003; x_wconf 89' lang='lat' dir='ltr'>suorum</span> <span class='ocrx_word' id='word_1_116' title='bbox 1035 968 1274 1003; x_wconf 89' lang='lat' dir='ltr'>commodum</span> <span class='ocrx_word' id='word_1_117' title='bbox 1287 974 1352 1004; x_wconf 85' lang='lat' dir='ltr'>aut</span> <span class='ocrx_word' id='word_1_118' title='bbox 1364 968 1545 1004; x_wconf 88' lang='lat' dir='ltr'>honorem</span> <span class='ocrx_word' id='word_1_119' title='bbox 1560 979 1569 1009; x_wconf 93' lang='lat'>;</span> 
     </span>
     <span class='ocr_line' id='line_1_14' title="bbox 240 1025 1160 1062; baseline -0.002 0"><span class='ocrx_word' id='word_1_120' title='bbox 240 1032 278 1062; x_wconf 85' lang='lat' dir='ltr'>et</span> <span class='ocrx_word' id='word_1_121' title='bbox 294 1033 420 1062; x_wconf 88' lang='lat' dir='ltr'>tamen</span> <span class='ocrx_word' id='word_1_122' title='bbox 438 1025 475 1061; x_wconf 92' lang='lat' dir='ltr'>in</span> <span class='ocrx_word' id='word_1_123' title='bbox 492 1026 546 1061; x_wconf 89' lang='lat' dir='ltr'>eis</span> <span class='ocrx_word' id='word_1_124' title='bbox 563 1026 673 1061; x_wconf 90' lang='lat' dir='ltr'>rebus</span> <span class='ocrx_word' id='word_1_125' title='bbox 691 1037 765 1060; x_wconf 92' lang='lat' dir='ltr'>non</span> <span class='ocrx_word' id='word_1_126' title='bbox 784 1026 924 1061; x_wconf 90' lang='lat' dir='ltr'>habent</span> <span class='ocrx_word' id='word_1_127' title='bbox 942 1026 1160 1061; x_wconf 90' lang='lat' dir='ltr'>dominium.</span> 
     </span>
     <span class='ocr_line' id='line_1_15' title="bbox 200 1083 1570 1120; baseline -0.002 0"><span class='ocrx_word' id='word_1_128' title='bbox 200 1089 228 1120; x_wconf 83' lang='lat' dir='ltr'>C</span> <span class='ocrx_word' id='word_1_129' title='bbox 290 1084 308 1105; x_wconf 88' lang='lat'>*</span> <span class='ocrx_word' id='word_1_130' title='bbox 330 1085 421 1119; x_wconf 89' lang='lat' dir='ltr'>IOH.</span> <span class='ocrx_word' id='word_1_131' title='bbox 450 1085 571 1118; x_wconf 91' lang='lat' dir='ltr'>Immo</span> <span class='ocrx_word' id='word_1_132' title='bbox 598 1083 648 1118; x_wconf 87' lang='lat' dir='ltr'>illi</span> <span class='ocrx_word' id='word_1_133' title='bbox 677 1083 835 1118; x_wconf 90' lang='lat' dir='ltr'>ministri</span> <span class='ocrx_word' id='word_1_134' title='bbox 862 1095 993 1118; x_wconf 90' lang='lat' dir='ltr'>omnes</span> <span class='ocrx_word' id='word_1_135' title='bbox 1023 1083 1162 1119; x_wconf 91' lang='lat' dir='ltr'>habent</span> <span class='ocrx_word' id='word_1_136' title='bbox 1190 1083 1227 1118; x_wconf 91' lang='lat' dir='ltr'>in</span> <span class='ocrx_word' id='word_1_137' title='bbox 1256 1083 1430 1118; x_wconf 89' lang='lat' dir='ltr'>omnibus</span> <span class='ocrx_word' id='word_1_138' title='bbox 1463 1083 1570 1118; x_wconf 92' lang='lat' dir='ltr'>bonis</span> 
     </span>
     <span class='ocr_line' id='line_1_16' title="bbox 190 1141 1569 1187; baseline -0.002 -9"><span class='ocrx_word' id='word_1_139' title='bbox 190 1151 227 1184; x_wconf 89' lang='lat'>15</span> <span class='ocrx_word' id='word_1_140' title='bbox 240 1142 475 1178; x_wconf 90' lang='lat' dir='ltr'>dominorum</span> <span class='ocrx_word' id='word_1_141' title='bbox 493 1153 643 1177; x_wconf 86' lang='lat' dir='ltr'>suorum</span> <span class='ocrx_word' id='word_1_142' title='bbox 660 1153 857 1177; x_wconf 88' lang='lat' dir='ltr'>commune</span> <span class='ocrx_word' id='word_1_143' title='bbox 875 1153 959 1176; x_wconf 90' lang='lat' dir='ltr'>cum</span> <span class='ocrx_word' id='word_1_144' title='bbox 978 1142 1139 1177; x_wconf 90' lang='lat' dir='ltr'>dominis</span> <span class='ocrx_word' id='word_1_145' title='bbox 1159 1142 1235 1177; x_wconf 86' lang='lat' dir='ltr'>suis</span> <span class='ocrx_word' id='word_1_146' title='bbox 1253 1141 1431 1187; x_wconf 83' lang='lat' dir='ltr'>originale</span> <span class='ocrx_word' id='word_1_147' title='bbox 1449 1141 1569 1177; x_wconf 86' lang='lat' dir='ltr'>dorni-</span> 
     </span>
     <span class='ocr_line' id='line_1_17' title="bbox 240 1200 999 1245; baseline 0 -10"><span class='ocrx_word' id='word_1_148' title='bbox 240 1200 354 1245; x_wconf 90' lang='lat' dir='ltr'>nium,</span> <span class='ocrx_word' id='word_1_149' title='bbox 372 1200 497 1245; x_wconf 88' lang='lat' dir='ltr'>vigore</span> <span class='ocrx_word' id='word_1_150' title='bbox 514 1200 617 1235; x_wconf 89' lang='lat' dir='ltr'>cuius</span> <span class='ocrx_word' id='word_1_151' title='bbox 636 1206 791 1244; x_wconf 86' lang='lat' dir='ltr'>possunt</span> <span class='ocrx_word' id='word_1_152' title='bbox 811 1200 863 1234; x_wconf 92' lang='lat' dir='ltr'>sic</span> <span class='ocrx_word' id='word_1_153' title='bbox 881 1211 999 1244; x_wconf 86' lang='lat' dir='ltr'>agere.</span> 
     </span>
    </p>

    <p class='ocr_par' dir='ltr' id='par_1_3' title="bbox 24 1256 1853 1418">
     <span class='ocr_line' id='line_1_18' title="bbox 289 1256 1853 1318; baseline -0.003 -25"><span class='ocrx_word' id='word_1_154' title='bbox 289 1260 377 1293; x_wconf 86' lang='lat' dir='ltr'><strong>RIC.</strong></span> <span class='ocrx_word' id='word_1_155' title='bbox 407 1258 444 1293; x_wconf 87' lang='lat' dir='ltr'>Si</span> <span class='ocrx_word' id='word_1_156' title='bbox 464 1258 536 1293; x_wconf 89' lang='lat' dir='ltr'>sint</span> <span class='ocrx_word' id='word_1_157' title='bbox 555 1257 592 1292; x_wconf 91' lang='lat' dir='ltr'>in</span> <span class='ocrx_word' id='word_1_158' title='bbox 610 1264 766 1302; x_wconf 91' lang='lat' dir='ltr'>peccato</span> <span class='ocrx_word' id='word_1_159' title='bbox 784 1258 928 1292; x_wconf 85' lang='lat' dir='ltr'>mortali</span> <span class='ocrx_word' id='word_1_160' title='bbox 947 1269 1022 1292; x_wconf 92' lang='lat' dir='ltr'>non</span> <span class='ocrx_word' id='word_1_161' title='bbox 1045 1258 1184 1292; x_wconf 90' lang='lat' dir='ltr'>habent</span> <span class='ocrx_word' id='word_1_162' title='bbox 1202 1258 1275 1293; x_wconf 92' lang='lat' dir='ltr'>tale</span> <span class='ocrx_word' id='word_1_163' title='bbox 1293 1256 1499 1292; x_wconf 90' lang='lat' dir='ltr'>dominium</span> <span class='ocrx_word' id='word_1_164' title='bbox 1518 1256 1572 1302; x_wconf 90' lang='lat' dir='ltr'>(ut</span> <span class='ocrx_word' id='word_1_165' title='bbox 1585 1256 1853 1318; x_wconf 49' lang='lat' dir='ltr'>{222tsscf&#39;tuffle2hey</span> 
     </span>
     <span class='ocr_line' id='line_1_19' title="bbox 24 1315 1852 1362; baseline -0.001 -12"><span class='ocrx_word' id='word_1_166' title='bbox 24 1328 132 1360; x_wconf 87' lang='lat' dir='ltr'>supra,</span> <span class='ocrx_word' id='word_1_167' title='bbox 150 1328 182 1359; x_wconf 92' lang='lat' dir='ltr'>p.</span> <span class='ocrx_word' id='word_1_168' title='bbox 242 1316 408 1362; x_wconf 82' lang='lat' dir='ltr'>superius</span> <span class='ocrx_word' id='word_1_169' title='bbox 437 1322 493 1351; x_wconf 91' lang='lat' dir='ltr'>est</span> <span class='ocrx_word' id='word_1_170' title='bbox 521 1315 755 1359; x_wconf 90' lang='lat' dir='ltr'>ostensum);</span> <span class='ocrx_word' id='word_1_171' title='bbox 781 1322 817 1351; x_wconf 94' lang='lat' dir='ltr'>et</span> <span class='ocrx_word' id='word_1_172' title='bbox 842 1322 968 1351; x_wconf 90' lang='lat' dir='ltr'>tamen</span> <span class='ocrx_word' id='word_1_173' title='bbox 995 1315 1032 1350; x_wconf 92' lang='lat' dir='ltr'>in</span> <span class='ocrx_word' id='word_1_174' title='bbox 1060 1322 1214 1360; x_wconf 92' lang='lat' dir='ltr'>peccato</span> <span class='ocrx_word' id='word_1_175' title='bbox 1239 1315 1387 1350; x_wconf 86' lang='lat' dir='ltr'>mortali</span> <span class='ocrx_word' id='word_1_176' title='bbox 1418 1315 1573 1350; x_wconf 92' lang='lat' dir='ltr'>nichilo·</span> <span class='ocrx_word' id='word_1_177' title='bbox 1587 1324 1706 1357; x_wconf 78' lang='lat' dir='ltr'>original</span> <span class='ocrx_word' id='word_1_178' title='bbox 1717 1324 1852 1357; x_wconf 81' lang='lat' dir='ltr'>lordship.</span> 
     </span>
     <span class='ocr_line' id='line_1_20' title="bbox 26 1363 1574 1418; baseline -0.001 -9"><span class='ocrx_word' id='word_1_179' title='bbox 26 1371 98 1402; x_wconf 77' lang='lat'><em>352’</em></span> <span class='ocrx_word' id='word_1_180' title='bbox 115 1363 176 1393; x_wconf 64' lang='lat'>3⁶⁰·</span> <span class='ocrx_word' id='word_1_181' title='bbox 241 1374 363 1409; x_wconf 91' lang='lat' dir='ltr'>minus</span> <span class='ocrx_word' id='word_1_182' title='bbox 381 1374 434 1409; x_wconf 90' lang='lat' dir='ltr'>ita</span> <span class='ocrx_word' id='word_1_183' title='bbox 451 1379 576 1418; x_wconf 88' lang='lat' dir='ltr'>agunt,</span> <span class='ocrx_word' id='word_1_184' title='bbox 594 1379 718 1418; x_wconf 88' lang='lat' dir='ltr'>preter</span> <span class='ocrx_word' id='word_1_185' title='bbox 734 1374 807 1408; x_wconf 90' lang='lat' dir='ltr'>hoc</span> <span class='ocrx_word' id='word_1_186' title='bbox 824 1374 924 1418; x_wconf 90' lang='lat' dir='ltr'>quod</span> <span class='ocrx_word' id='word_1_187' title='bbox 942 1373 1101 1408; x_wconf 88' lang='lat' dir='ltr'>ministri</span> <span class='ocrx_word' id='word_1_188' title='bbox 1126 1373 1277 1409; x_wconf 90' lang='lat' dir='ltr'>racione</span> <span class='ocrx_word' id='word_1_189' title='bbox 1303 1373 1358 1408; x_wconf 88' lang='lat' dir='ltr'>sui</span> <span class='ocrx_word' id='word_1_190' title='bbox 1385 1373 1574 1418; x_wconf 88' lang='lat' dir='ltr'>originalis</span> 
     </span>
    </p>

    <p class='ocr_par' dir='ltr' id='par_1_4' title="bbox 190 1431 1575 1592">
     <span class='ocr_line' id='line_1_21' title="bbox 190 1431 1573 1477; baseline -0.002 -8"><span class='ocrx_word' id='word_1_191' title='bbox 190 1446 230 1469; x_wconf 86' lang='lat'>20</span> <span class='ocrx_word' id='word_1_192' title='bbox 242 1431 394 1468; x_wconf 90' lang='lat' dir='ltr'>dominii</span> <span class='ocrx_word' id='word_1_193' title='bbox 424 1432 497 1466; x_wconf 91' lang='lat' dir='ltr'>tale</span> <span class='ocrx_word' id='word_1_194' title='bbox 524 1431 770 1466; x_wconf 89' lang='lat' dir='ltr'>ministerium</span> <span class='ocrx_word' id='word_1_195' title='bbox 797 1442 871 1466; x_wconf 91' lang='lat' dir='ltr'>non</span> <span class='ocrx_word' id='word_1_196' title='bbox 902 1435 1098 1467; x_wconf 85' lang='lat' dir='ltr'>exercent:</span> <span class='ocrx_word' id='word_1_197' title='bbox 1130 1438 1165 1467; x_wconf 91' lang='lat' dir='ltr'>et</span> <span class='ocrx_word' id='word_1_198' title='bbox 1192 1442 1262 1466; x_wconf 91' lang='lat' dir='ltr'>nos</span> <span class='ocrx_word' id='word_1_199' title='bbox 1295 1431 1482 1477; x_wconf 89' lang='lat' dir='ltr'>loquimur</span> <span class='ocrx_word' id='word_1_200' title='bbox 1511 1431 1573 1466; x_wconf 92' lang='lat' dir='ltr'>ubi</span> 
     </span>
     <span class='ocr_line' id='line_1_22' title="bbox 242 1488 1575 1525; baseline -0.002 0"><span class='ocrx_word' id='word_1_201' title='bbox 242 1489 401 1525; x_wconf 91' lang='lat' dir='ltr'>ministri</span> <span class='ocrx_word' id='word_1_202' title='bbox 430 1488 650 1524; x_wconf 86' lang='lat' dir='ltr'>auctoritate</span> <span class='ocrx_word' id='word_1_203' title='bbox 678 1488 913 1523; x_wconf 90' lang='lat' dir='ltr'>dominorum</span> <span class='ocrx_word' id='word_1_204' title='bbox 946 1500 1097 1524; x_wconf 89' lang='lat' dir='ltr'>suorum</span> <span class='ocrx_word' id='word_1_205' title='bbox 1131 1489 1416 1525; x_wconf 84' lang='lat' dir='ltr'>ministerialiter</span> <span class='ocrx_word' id='word_1_206' title='bbox 1447 1489 1575 1524; x_wconf 90' lang='lat' dir='ltr'>huius-</span> 
     </span>
     <span class='ocr_line' id='line_1_23' title="bbox 242 1547 1575 1592; baseline 0 -9"><span class='ocrx_word' id='word_1_207' title='bbox 242 1548 344 1583; x_wconf 89' lang='lat' dir='ltr'>modi</span> <span class='ocrx_word' id='word_1_208' title='bbox 378 1554 483 1582; x_wconf 91' lang='lat' dir='ltr'>actus</span> <span class='ocrx_word' id='word_1_209' title='bbox 515 1553 698 1590; x_wconf 84' lang='lat' dir='ltr'>exercent,</span> <span class='ocrx_word' id='word_1_210' title='bbox 732 1547 782 1581; x_wconf 89' lang='lat' dir='ltr'>ad</span> <span class='ocrx_word' id='word_1_211' title='bbox 815 1558 908 1592; x_wconf 92' lang='lat' dir='ltr'>quos</span> <span class='ocrx_word' id='word_1_212' title='bbox 943 1547 996 1582; x_wconf 91' lang='lat' dir='ltr'>sic</span> <span class='ocrx_word' id='word_1_213' title='bbox 1030 1547 1318 1583; x_wconf 85' lang='lat' dir='ltr'>ministerialiter</span> <span class='ocrx_word' id='word_1_214' title='bbox 1349 1548 1575 1583; x_wconf 88' lang='lat' dir='ltr'>exercendos</span> 
     </span>
    </p>
   </div>
   <div class='ocr_carea' id='block_1_3' title="bbox 242 1604 1576 1709">
    <p class='ocr_par' dir='ltr' id='par_1_5' title="bbox 242 1604 1576 1709">
     <span class='ocr_line' id='line_1_24' title="bbox 244 1604 1576 1651; baseline -0.001 -10"><span class='ocrx_word' id='word_1_215' title='bbox 244 1605 421 1651; x_wconf 87' lang='lat' dir='ltr'>originale</span> <span class='ocrx_word' id='word_1_216' title='bbox 447 1605 612 1651; x_wconf 91' lang='lat' dir='ltr'>ipsorum</span> <span class='ocrx_word' id='word_1_217' title='bbox 637 1604 845 1640; x_wconf 88' lang='lat' dir='ltr'>dominium</span> <span class='ocrx_word' id='word_1_218' title='bbox 871 1605 985 1640; x_wconf 92' lang='lat' dir='ltr'>nichil</span> <span class='ocrx_word' id='word_1_219' title='bbox 1010 1606 1174 1651; x_wconf 88' lang='lat' dir='ltr'>prodest,</span> <span class='ocrx_word' id='word_1_220' title='bbox 1193 1612 1247 1641; x_wconf 90' lang='lat' dir='ltr'>set</span> <span class='ocrx_word' id='word_1_221' title='bbox 1265 1613 1322 1641; x_wconf 89' lang='lat' dir='ltr'>est</span> <span class='ocrx_word' id='word_1_222' title='bbox 1339 1606 1489 1642; x_wconf 90' lang='lat' dir='ltr'>omnino</span> <span class='ocrx_word' id='word_1_223' title='bbox 1507 1606 1576 1641; x_wconf 87' lang='lat' dir='ltr'>im-</span> 
     </span>
     <span class='ocr_line' id='line_1_25' title="bbox 242 1663 442 1709; baseline -0.01 -9"><span class='ocrx_word' id='word_1_224' title='bbox 242 1663 442 1709; x_wconf 84' lang='lat' dir='ltr'>pertinens.</span> 
     </span>
    </p>
   </div>
   <div class='ocr_carea' id='block_1_4' title="bbox 191 1771 1858 2860">
    <p class='ocr_par' dir='ltr' id='par_1_6' title="bbox 191 1771 1858 2050">
     <span class='ocr_line' id='line_1_26' title="bbox 191 1771 1695 1817; baseline 0.002 -10"><span class='ocrx_word' id='word_1_225' title='bbox 191 1781 230 1813; x_wconf 87' lang='lat'>25</span> <span class='ocrx_word' id='word_1_226' title='bbox 295 1773 524 1808; x_wconf 83' lang='lat' dir='ltr'><strong>IOHANNES.</strong></span> <span class='ocrx_word' id='word_1_227' title='bbox 559 1771 694 1817; x_wconf 81' lang='lat' dir='ltr'>Quoad</span> <span class='ocrx_word' id='word_1_228' title='bbox 722 1777 827 1807; x_wconf 91' lang='lat' dir='ltr'>actus</span> <span class='ocrx_word' id='word_1_229' title='bbox 849 1771 1069 1807; x_wconf 88' lang='lat' dir='ltr'>donacionis</span> <span class='ocrx_word' id='word_1_230' title='bbox 1095 1778 1131 1807; x_wconf 92' lang='lat' dir='ltr'>et</span> <span class='ocrx_word' id='word_1_231' title='bbox 1155 1771 1385 1807; x_wconf 89' lang='lat' dir='ltr'>vendicionis</span> <span class='ocrx_word' id='word_1_232' title='bbox 1410 1783 1494 1808; x_wconf 90' lang='lat' dir='ltr'>esse</span> <span class='ocrx_word' id='word_1_233' title='bbox 1519 1772 1572 1808; x_wconf 91' lang='lat' dir='ltr'>sic</span> <span class='ocrx_word' id='word_1_234' title='bbox 1589 1776 1695 1810; x_wconf 92' lang='lat' dir='ltr'>XIX.</span> 
     </span>
     <span class='ocr_line' id='line_1_27' title="bbox 244 1829 1858 1875; baseline 0 -10"><span class='ocrx_word' id='word_1_235' title='bbox 244 1831 365 1875; x_wconf 90' lang='lat' dir='ltr'>video,</span> <span class='ocrx_word' id='word_1_236' title='bbox 380 1830 530 1873; x_wconf 89' lang='lat' dir='ltr'>scilicet,</span> <span class='ocrx_word' id='word_1_237' title='bbox 547 1830 646 1875; x_wconf 91' lang='lat' dir='ltr'>quod</span> <span class='ocrx_word' id='word_1_238' title='bbox 660 1829 711 1864; x_wconf 92' lang='lat' dir='ltr'>illi</span> <span class='ocrx_word' id='word_1_239' title='bbox 725 1830 881 1865; x_wconf 89' lang='lat' dir='ltr'>ministri</span> <span class='ocrx_word' id='word_1_240' title='bbox 895 1841 970 1865; x_wconf 92' lang='lat' dir='ltr'>non</span> <span class='ocrx_word' id='word_1_241' title='bbox 984 1841 1051 1865; x_wconf 90' lang='lat' dir='ltr'>sua</span> <span class='ocrx_word' id='word_1_242' title='bbox 1061 1830 1291 1873; x_wconf 88' lang='lat' dir='ltr'>auctoritate,</span> <span class='ocrx_word' id='word_1_243' title='bbox 1305 1837 1341 1865; x_wconf 88' lang='lat' dir='ltr'>et</span> <span class='ocrx_word' id='word_1_244' title='bbox 1355 1831 1403 1865; x_wconf 91' lang='lat' dir='ltr'>ob</span> <span class='ocrx_word' id='word_1_245' title='bbox 1415 1831 1487 1865; x_wconf 93' lang='lat' dir='ltr'>hoc</span> <span class='ocrx_word' id='word_1_246' title='bbox 1498 1843 1571 1866; x_wconf 91' lang='lat' dir='ltr'>non</span> <span class='ocrx_word' id='word_1_247' title='bbox 1588 1836 1630 1862; x_wconf 87' lang='lat' dir='ltr'>Of</span> <span class='ocrx_word' id='word_1_248' title='bbox 1639 1836 1743 1874; x_wconf 55' lang='lat' dir='ltr'>theact</span> <span class='ocrx_word' id='word_1_249' title='bbox 1754 1835 1787 1861; x_wconf 86' lang='lat' dir='ltr'>of</span> <span class='ocrx_word' id='word_1_250' title='bbox 1793 1843 1858 1861; x_wconf 88' lang='lat' dir='ltr'>con-</span> 
     </span>
     <span class='ocr_line' id='line_1_28' title="bbox 244 1875 1740 1934; baseline 0 -11"><span class='ocrx_word' id='word_1_251' title='bbox 244 1889 369 1933; x_wconf 89' lang='lat' dir='ltr'>vigore</span> <span class='ocrx_word' id='word_1_252' title='bbox 386 1888 541 1923; x_wconf 90' lang='lat' dir='ltr'>alicuius</span> <span class='ocrx_word' id='word_1_253' title='bbox 561 1888 597 1922; x_wconf 91' lang='lat' dir='ltr'>in</span> <span class='ocrx_word' id='word_1_254' title='bbox 614 1888 668 1923; x_wconf 89' lang='lat' dir='ltr'>eis</span> <span class='ocrx_word' id='word_1_255' title='bbox 687 1888 852 1931; x_wconf 85' lang='lat' dir='ltr'>dominii,</span> <span class='ocrx_word' id='word_1_256' title='bbox 880 1888 959 1922; x_wconf 90' lang='lat' dir='ltr'>illos</span> <span class='ocrx_word' id='word_1_257' title='bbox 985 1894 1091 1923; x_wconf 88' lang='lat' dir='ltr'>actus</span> <span class='ocrx_word' id='word_1_258' title='bbox 1116 1895 1299 1930; x_wconf 87' lang='lat' dir='ltr'>exercent,</span> <span class='ocrx_word' id='word_1_259' title='bbox 1318 1895 1374 1923; x_wconf 89' lang='lat' dir='ltr'>set</span> <span class='ocrx_word' id='word_1_260' title='bbox 1397 1894 1576 1934; x_wconf 89' lang='lat' dir='ltr'>tanquam</span> <span class='ocrx_word' id='word_1_261' title='bbox 1589 1875 1740 1902; x_wconf 77' lang='lat' dir='ltr'>sumpnon.</span> 
     </span>
     <span class='ocr_line' id='line_1_29' title="bbox 246 1945 1578 1990; baseline 0.001 -9"><span class='ocrx_word' id='word_1_262' title='bbox 246 1946 492 1981; x_wconf 90' lang='lat' dir='ltr'>instrumenta</span> <span class='ocrx_word' id='word_1_263' title='bbox 510 1945 742 1980; x_wconf 88' lang='lat' dir='ltr'>dominorum</span> <span class='ocrx_word' id='word_1_264' title='bbox 761 1957 912 1980; x_wconf 87' lang='lat' dir='ltr'>suorum</span> <span class='ocrx_word' id='word_1_265' title='bbox 938 1946 990 1981; x_wconf 93' lang='lat' dir='ltr'>sic</span> <span class='ocrx_word' id='word_1_266' title='bbox 1014 1952 1151 1990; x_wconf 92' lang='lat' dir='ltr'>agunt;</span> <span class='ocrx_word' id='word_1_267' title='bbox 1180 1946 1279 1981; x_wconf 92' lang='lat' dir='ltr'>unde</span> <span class='ocrx_word' id='word_1_268' title='bbox 1301 1946 1413 1981; x_wconf 92' lang='lat' dir='ltr'>michi</span> <span class='ocrx_word' id='word_1_269' title='bbox 1431 1947 1578 1982; x_wconf 88' lang='lat' dir='ltr'>videtur</span> 
     </span>
     <span class='ocr_line' id='line_1_30' title="bbox 246 2003 1579 2050; baseline 0 -11"><span class='ocrx_word' id='word_1_270' title='bbox 246 2004 346 2050; x_wconf 92' lang='lat' dir='ltr'>quod</span> <span class='ocrx_word' id='word_1_271' title='bbox 371 2003 423 2038; x_wconf 91' lang='lat' dir='ltr'>hii</span> <span class='ocrx_word' id='word_1_272' title='bbox 449 2010 554 2038; x_wconf 90' lang='lat' dir='ltr'>actus</span> <span class='ocrx_word' id='word_1_273' title='bbox 579 2003 699 2048; x_wconf 87' lang='lat' dir='ltr'>magis</span> <span class='ocrx_word' id='word_1_274' title='bbox 723 2003 897 2038; x_wconf 88' lang='lat' dir='ltr'>dicuntur</span> <span class='ocrx_word' id='word_1_275' title='bbox 920 2010 1026 2038; x_wconf 90' lang='lat' dir='ltr'>actus</span> <span class='ocrx_word' id='word_1_276' title='bbox 1052 2003 1179 2038; x_wconf 91' lang='lat' dir='ltr'>utendi</span> <span class='ocrx_word' id='word_1_277' title='bbox 1206 2004 1440 2039; x_wconf 90' lang='lat' dir='ltr'>dominorum</span> <span class='ocrx_word' id='word_1_278' title='bbox 1466 2016 1579 2050; x_wconf 90' lang='lat' dir='ltr'>quam</span> 
     </span>
    </p>

    <p class='ocr_par' dir='ltr' id='par_1_7' title="bbox 194 2061 1581 2339">
     <span class='ocr_line' id='line_1_31' title="bbox 194 2061 1579 2108; baseline 0 -11"><span class='ocrx_word' id='word_1_279' title='bbox 194 2076 235 2108; x_wconf 82' lang='lat'>30</span> <span class='ocrx_word' id='word_1_280' title='bbox 246 2062 511 2104; x_wconf 90' lang='lat' dir='ltr'>ministrorum,</span> <span class='ocrx_word' id='word_1_281' title='bbox 530 2073 614 2097; x_wconf 90' lang='lat' dir='ltr'>curn</span> <span class='ocrx_word' id='word_1_282' title='bbox 636 2061 758 2096; x_wconf 88' lang='lat' dir='ltr'>omnis</span> <span class='ocrx_word' id='word_1_283' title='bbox 775 2068 882 2096; x_wconf 89' lang='lat' dir='ltr'>actus</span> <span class='ocrx_word' id='word_1_284' title='bbox 905 2061 1025 2106; x_wconf 86' lang='lat' dir='ltr'>magis</span> <span class='ocrx_word' id='word_1_285' title='bbox 1051 2062 1199 2107; x_wconf 84' lang='lat' dir='ltr'>proprie</span> <span class='ocrx_word' id='word_1_286' title='bbox 1225 2062 1359 2097; x_wconf 88' lang='lat' dir='ltr'>debeat</span> <span class='ocrx_word' id='word_1_287' title='bbox 1384 2063 1579 2108; x_wconf 90' lang='lat' dir='ltr'>principali</span> 
     </span>
     <span class='ocr_line' id='line_1_32' title="bbox 248 2119 1579 2165; baseline 0 -10"><span class='ocrx_word' id='word_1_288' title='bbox 248 2119 372 2165; x_wconf 90' lang='lat' dir='ltr'>agenti</span> <span class='ocrx_word' id='word_1_289' title='bbox 407 2131 519 2165; x_wconf 89' lang='lat' dir='ltr'>quam</span> <span class='ocrx_word' id='word_1_290' title='bbox 554 2131 621 2154; x_wconf 91' lang='lat' dir='ltr'>suo</span> <span class='ocrx_word' id='word_1_291' title='bbox 655 2119 902 2154; x_wconf 81' lang='lat' dir='ltr'>instrumento</span> <span class='ocrx_word' id='word_1_292' title='bbox 936 2119 1095 2154; x_wconf 88' lang='lat' dir='ltr'>ascribi:</span> <span class='ocrx_word' id='word_1_293' title='bbox 1126 2127 1419 2165; x_wconf 87' lang='lat' dir='ltr'>verumptamen,</span> <span class='ocrx_word' id='word_1_294' title='bbox 1455 2120 1485 2156; x_wconf 91' lang='lat' dir='ltr'>si</span> <span class='ocrx_word' id='word_1_295' title='bbox 1521 2120 1579 2155; x_wconf 90' lang='lat' dir='ltr'>isti</span> 
     </span>
     <span class='ocr_line' id='line_1_33' title="bbox 248 2178 1580 2222; baseline -0.001 -8"><span class='ocrx_word' id='word_1_296' title='bbox 248 2178 406 2214; x_wconf 89' lang='lat' dir='ltr'>ministri</span> <span class='ocrx_word' id='word_1_297' title='bbox 425 2190 491 2213; x_wconf 94' lang='lat' dir='ltr'>suo</span> <span class='ocrx_word' id='word_1_298' title='bbox 510 2178 586 2213; x_wconf 89' lang='lat' dir='ltr'>iure</span> <span class='ocrx_word' id='word_1_299' title='bbox 604 2178 658 2213; x_wconf 92' lang='lat' dir='ltr'>sic</span> <span class='ocrx_word' id='word_1_300' title='bbox 674 2184 837 2222; x_wconf 82' lang='lat' dir='ltr'>agerent,</span> <span class='ocrx_word' id='word_1_301' title='bbox 854 2186 959 2213; x_wconf 85' lang='lat' dir='ltr'>actus</span> <span class='ocrx_word' id='word_1_302' title='bbox 984 2178 1035 2212; x_wconf 90' lang='lat' dir='ltr'>illi</span> <span class='ocrx_word' id='word_1_303' title='bbox 1056 2184 1161 2213; x_wconf 90' lang='lat' dir='ltr'>actus</span> <span class='ocrx_word' id='word_1_304' title='bbox 1183 2178 1308 2214; x_wconf 90' lang='lat' dir='ltr'>utendi</span> <span class='ocrx_word' id='word_1_305' title='bbox 1327 2178 1580 2214; x_wconf 89' lang='lat' dir='ltr'>ministrorum</span> 
     </span>
     <span class='ocr_line' id='line_1_34' title="bbox 249 2235 1581 2282; baseline 0.001 -11"><span class='ocrx_word' id='word_1_306' title='bbox 249 2236 398 2282; x_wconf 88' lang='lat' dir='ltr'>proprie</span> <span class='ocrx_word' id='word_1_307' title='bbox 416 2236 646 2279; x_wconf 83' lang='lat' dir='ltr'>dicerentur3</span> <span class='ocrx_word' id='word_1_308' title='bbox 675 2242 730 2270; x_wconf 87' lang='lat' dir='ltr'>set</span> <span class='ocrx_word' id='word_1_309' title='bbox 746 2242 846 2270; x_wconf 90' lang='lat' dir='ltr'>certe</span> <span class='ocrx_word' id='word_1_310' title='bbox 867 2242 992 2270; x_wconf 91' lang='lat' dir='ltr'>essent</span> <span class='ocrx_word' id='word_1_311' title='bbox 1014 2235 1150 2280; x_wconf 91' lang='lat' dir='ltr'>iniusti,</span> <span class='ocrx_word' id='word_1_312' title='bbox 1170 2248 1254 2271; x_wconf 89' lang='lat' dir='ltr'>cum</span> <span class='ocrx_word' id='word_1_313' title='bbox 1278 2248 1344 2272; x_wconf 89' lang='lat' dir='ltr'>sua</span> <span class='ocrx_word' id='word_1_314' title='bbox 1361 2237 1581 2272; x_wconf 90' lang='lat' dir='ltr'>auctoritate</span> 
     </span>
     <span class='ocr_line' id='line_1_35' title="bbox 251 2293 1581 2339; baseline -0.001 -10"><span class='ocrx_word' id='word_1_315' title='bbox 251 2294 304 2329; x_wconf 91' lang='lat' dir='ltr'>sic</span> <span class='ocrx_word' id='word_1_316' title='bbox 321 2305 429 2338; x_wconf 86' lang='lat' dir='ltr'>agere</span> <span class='ocrx_word' id='word_1_317' title='bbox 446 2299 633 2339; x_wconf 86' lang='lat' dir='ltr'>potestate</span> <span class='ocrx_word' id='word_1_318' title='bbox 650 2299 828 2328; x_wconf 90' lang='lat' dir='ltr'>carerent.</span> <span class='ocrx_word' id='word_1_319' title='bbox 880 2293 944 2328; x_wconf 89' lang='lat' dir='ltr'>Set</span> <span class='ocrx_word' id='word_1_320' title='bbox 962 2293 1009 2328; x_wconf 92' lang='lat' dir='ltr'>de</span> <span class='ocrx_word' id='word_1_321' title='bbox 1025 2300 1111 2328; x_wconf 91' lang='lat' dir='ltr'>actu</span> <span class='ocrx_word' id='word_1_322' title='bbox 1137 2294 1435 2339; x_wconf 89' lang='lat' dir='ltr'>consumpcionis</span> <span class='ocrx_word' id='word_1_323' title='bbox 1456 2305 1581 2329; x_wconf 91' lang='lat' dir='ltr'>rerum</span> 
     </span>
    </p>

    <p class='ocr_par' dir='ltr' id='par_1_8' title="bbox 197 2350 1582 2513">
     <span class='ocr_line' id='line_1_36' title="bbox 197 2350 1580 2396; baseline -0.001 -9"><span class='ocrx_word' id='word_1_324' title='bbox 197 2363 273 2395; x_wconf 83' lang='lat' dir='ltr'>35a</span> <span class='ocrx_word' id='word_1_325' title='bbox 302 2352 437 2387; x_wconf 87' lang='lat' dir='ltr'>talibus</span> <span class='ocrx_word' id='word_1_326' title='bbox 465 2351 664 2396; x_wconf 88' lang='lat' dir='ltr'>prepositis</span> <span class='ocrx_word' id='word_1_327' title='bbox 694 2362 759 2385; x_wconf 88' lang='lat' dir='ltr'>seu</span> <span class='ocrx_word' id='word_1_328' title='bbox 788 2350 966 2385; x_wconf 87' lang='lat' dir='ltr'>ministris</span> <span class='ocrx_word' id='word_1_329' title='bbox 996 2351 1102 2385; x_wconf 90' lang='lat' dir='ltr'>aliter</span> <span class='ocrx_word' id='word_1_330' title='bbox 1129 2352 1242 2386; x_wconf 90' lang='lat' dir='ltr'>michi</span> <span class='ocrx_word' id='word_1_331' title='bbox 1268 2353 1412 2387; x_wconf 90' lang='lat' dir='ltr'>videtur</span> <span class='ocrx_word' id='word_1_332' title='bbox 1438 2358 1473 2387; x_wconf 89' lang='lat' dir='ltr'>et</span> <span class='ocrx_word' id='word_1_333' title='bbox 1499 2352 1580 2386; x_wconf 89' lang='lat' dir='ltr'>aliis</span> 
     </span>
     <span class='ocr_line' id='line_1_37' title="bbox 250 2409 1582 2456; baseline 0.001 -11"><span class='ocrx_word' id='word_1_334' title='bbox 250 2410 371 2445; x_wconf 87' lang='lat' dir='ltr'>doctis</span> <span class='ocrx_word' id='word_1_335' title='bbox 397 2410 532 2453; x_wconf 89' lang='lat' dir='ltr'>multis,</span> <span class='ocrx_word' id='word_1_336' title='bbox 558 2409 709 2453; x_wconf 90' lang='lat' dir='ltr'>scilicet,</span> <span class='ocrx_word' id='word_1_337' title='bbox 736 2410 836 2454; x_wconf 88' lang='lat' dir='ltr'>quod</span> <span class='ocrx_word' id='word_1_338' title='bbox 862 2409 942 2445; x_wconf 89' lang='lat' dir='ltr'>sine</span> <span class='ocrx_word' id='word_1_339' title='bbox 969 2409 1133 2445; x_wconf 88' lang='lat' dir='ltr'>dominio</span> <span class='ocrx_word' id='word_1_340' title='bbox 1162 2410 1213 2446; x_wconf 90' lang='lat' dir='ltr'>rei</span> <span class='ocrx_word' id='word_1_341' title='bbox 1241 2418 1459 2456; x_wconf 90' lang='lat' dir='ltr'>consumpte</span> <span class='ocrx_word' id='word_1_342' title='bbox 1488 2410 1582 2447; x_wconf 87' lang='lat' dir='ltr'>iuste</span> 
     </span>
     <span class='ocr_line' id='line_1_38' title="bbox 252 2468 686 2513; baseline -0.002 -10"><span class='ocrx_word' id='word_1_343' title='bbox 252 2468 410 2503; x_wconf 89' lang='lat' dir='ltr'>exerceri</span> <span class='ocrx_word' id='word_1_344' title='bbox 428 2479 502 2503; x_wconf 92' lang='lat' dir='ltr'>non</span> <span class='ocrx_word' id='word_1_345' title='bbox 520 2473 686 2513; x_wconf 85' lang='lat' dir='ltr'>possunt.</span> 
     </span>
    </p>

    <p class='ocr_par' dir='ltr' id='par_1_9' title="bbox 254 2524 1837 2635">
     <span class='ocr_line' id='line_1_39' title="bbox 299 2524 1784 2574; baseline -0.001 -13"><span class='ocrx_word' id='word_1_346' title='bbox 299 2527 530 2561; x_wconf 87' lang='lat' dir='ltr'><strong>RICARDUS.</strong></span> <span class='ocrx_word' id='word_1_347' title='bbox 555 2526 673 2561; x_wconf 90' lang='lat' dir='ltr'>Actus</span> <span class='ocrx_word' id='word_1_348' title='bbox 685 2524 984 2570; x_wconf 89' lang='lat' dir='ltr'>consumpcionis</span> <span class='ocrx_word' id='word_1_349' title='bbox 1001 2526 1143 2560; x_wconf 89' lang='lat' dir='ltr'>nullum</span> <span class='ocrx_word' id='word_1_350' title='bbox 1157 2526 1268 2570; x_wconf 87' lang='lat' dir='ltr'>exigit</span> <span class='ocrx_word' id='word_1_351' title='bbox 1287 2526 1323 2560; x_wconf 93' lang='lat' dir='ltr'>in</span> <span class='ocrx_word' id='word_1_352' title='bbox 1338 2533 1581 2562; x_wconf 86' lang='lat' dir='ltr'>consumente</span> <span class='ocrx_word' id='word_1_353' title='bbox 1595 2535 1621 2561; x_wconf 90' lang='lat' dir='ltr'>A</span> <span class='ocrx_word' id='word_1_354' title='bbox 1637 2544 1702 2561; x_wconf 86' lang='lat' dir='ltr'>man</span> <span class='ocrx_word' id='word_1_355' title='bbox 1718 2544 1784 2574; x_wconf 57' lang='lat' dir='ltr'>may</span> 
     </span>
     <span class='ocr_line' id='line_1_40' title="bbox 254 2569 1837 2635; baseline 0.001 -18"><span class='ocrx_word' id='word_1_356' title='bbox 254 2584 482 2627; x_wconf 82' lang='lat' dir='ltr'>dominium3</span> <span class='ocrx_word' id='word_1_357' title='bbox 506 2594 591 2618; x_wconf 91' lang='lat' dir='ltr'>cum</span> <span class='ocrx_word' id='word_1_358' title='bbox 606 2583 707 2618; x_wconf 92' lang='lat' dir='ltr'>illum</span> <span class='ocrx_word' id='word_1_359' title='bbox 720 2583 837 2628; x_wconf 84' lang='lat' dir='ltr'>possit</span> <span class='ocrx_word' id='word_1_360' title='bbox 852 2583 987 2628; x_wconf 87' lang='lat' dir='ltr'>impius</span> <span class='ocrx_word' id='word_1_361' title='bbox 1005 2594 1187 2627; x_wconf 89' lang='lat' dir='ltr'>exercere,</span> <span class='ocrx_word' id='word_1_362' title='bbox 1199 2590 1235 2619; x_wconf 92' lang='lat' dir='ltr'>et</span> <span class='ocrx_word' id='word_1_363' title='bbox 1248 2585 1342 2619; x_wconf 89' lang='lat' dir='ltr'>latro</span> <span class='ocrx_word' id='word_1_364' title='bbox 1360 2584 1397 2618; x_wconf 89' lang='lat' dir='ltr'>in</span> <span class='ocrx_word' id='word_1_365' title='bbox 1411 2584 1582 2620; x_wconf 89' lang='lat' dir='ltr'>iniuriam</span> <span class='ocrx_word' id='word_1_366' title='bbox 1595 2569 1837 2635; x_wconf 48' lang='grc' dir='ltr'>Ὲῗζζζζῗέᾇῗξξ</span> 
     </span>
    </p>

    <p class='ocr_par' dir='ltr' id='par_1_10' title="bbox 199 2635 1800 2743">
     <span class='ocr_line' id='line_1_41' title="bbox 199 2635 1800 2695; baseline 0.001 -19"><span class='ocrx_word' id='word_1_367' title='bbox 199 2653 242 2684; x_wconf 93' lang='lat'>40</span> <span class='ocrx_word' id='word_1_368' title='bbox 255 2641 395 2676; x_wconf 89' lang='lat' dir='ltr'>domini</span> <span class='ocrx_word' id='word_1_369' title='bbox 423 2641 475 2676; x_wconf 90' lang='lat' dir='ltr'>rei</span> <span class='ocrx_word' id='word_1_370' title='bbox 496 2641 672 2686; x_wconf 88' lang='lat' dir='ltr'>cuiusque</span> <span class='ocrx_word' id='word_1_371' title='bbox 701 2647 821 2686; x_wconf 88' lang='lat' dir='ltr'>potest</span> <span class='ocrx_word' id='word_1_372' title='bbox 849 2641 896 2675; x_wconf 92' lang='lat' dir='ltr'>de</span> <span class='ocrx_word' id='word_1_373' title='bbox 924 2641 1022 2675; x_wconf 89' lang='lat' dir='ltr'>facto</span> <span class='ocrx_word' id='word_1_374' title='bbox 1053 2653 1131 2676; x_wconf 91' lang='lat' dir='ltr'>rem</span> <span class='ocrx_word' id='word_1_375' title='bbox 1161 2641 1256 2677; x_wconf 90' lang='lat' dir='ltr'>illius</span> <span class='ocrx_word' id='word_1_376' title='bbox 1286 2653 1512 2686; x_wconf 89' lang='lat' dir='ltr'>consumere,</span> <span class='ocrx_word' id='word_1_377' title='bbox 1543 2649 1581 2677; x_wconf 89' lang='lat' dir='ltr'>ut</span> <span class='ocrx_word' id='word_1_378' title='bbox 1595 2635 1722 2695; x_wconf 52' lang='lat' dir='ltr'>{ffiffif&#39;ip</span> <span class='ocrx_word' id='word_1_379' title='bbox 1734 2644 1800 2662; x_wconf 84' lang='lat' dir='ltr'>over</span> 
     </span>
     <span class='ocr_line' id='line_1_42' title="bbox 255 2698 1583 2743; baseline 0.002 -10"><span class='ocrx_word' id='word_1_380' title='bbox 255 2699 426 2734; x_wconf 88' lang='lat' dir='ltr'>dominus</span> <span class='ocrx_word' id='word_1_381' title='bbox 457 2699 508 2734; x_wconf 91' lang='lat' dir='ltr'>rei</span> <span class='ocrx_word' id='word_1_382' title='bbox 537 2706 755 2743; x_wconf 89' lang='lat' dir='ltr'>consumpte</span> <span class='ocrx_word' id='word_1_383' title='bbox 784 2699 920 2734; x_wconf 90' lang='lat' dir='ltr'>habeat</span> <span class='ocrx_word' id='word_1_384' title='bbox 949 2698 1141 2734; x_wconf 89' lang='lat' dir='ltr'>accionem</span> <span class='ocrx_word' id='word_1_385' title='bbox 1172 2699 1302 2735; x_wconf 91' lang='lat' dir='ltr'>iniurie</span> <span class='ocrx_word' id='word_1_386' title='bbox 1330 2707 1458 2735; x_wconf 90' lang='lat' dir='ltr'>contra</span> <span class='ocrx_word' id='word_1_387' title='bbox 1485 2712 1583 2735; x_wconf 89' lang='lat' dir='ltr'>eum.</span> 
     </span>
    </p>

    <p class='ocr_par' dir='ltr' id='par_1_11' title="bbox 255 2756 1681 2860">
     <span class='ocr_line' id='line_1_43' title="bbox 256 2756 1583 2802; baseline 0.001 -11"><span class='ocrx_word' id='word_1_388' title='bbox 256 2758 338 2792; x_wconf 94' lang='lat' dir='ltr'>Nec</span> <span class='ocrx_word' id='word_1_389' title='bbox 368 2756 512 2792; x_wconf 88' lang='lat' dir='ltr'>iusticia</span> <span class='ocrx_word' id='word_1_390' title='bbox 545 2756 843 2802; x_wconf 89' lang='lat' dir='ltr'>consumpcionis</span> <span class='ocrx_word' id='word_1_391' title='bbox 876 2756 986 2801; x_wconf 88' lang='lat' dir='ltr'>exigit</span> <span class='ocrx_word' id='word_1_392' title='bbox 1021 2757 1057 2792; x_wconf 92' lang='lat' dir='ltr'>in</span> <span class='ocrx_word' id='word_1_393' title='bbox 1091 2764 1331 2793; x_wconf 89' lang='lat' dir='ltr'>consumente</span> <span class='ocrx_word' id='word_1_394' title='bbox 1365 2757 1583 2801; x_wconf 88' lang='lat' dir='ltr'>dominium,</span> 
     </span>
     <span class='ocr_line' id='line_1_44' title="bbox 255 2813 1681 2860; baseline 0.001 -11"><span class='ocrx_word' id='word_1_395' title='bbox 255 2814 430 2860; x_wconf 88' lang='lat' dir='ltr'>quoniam</span> <span class='ocrx_word' id='word_1_396' title='bbox 448 2815 558 2850; x_wconf 90' lang='lat' dir='ltr'>homo</span> <span class='ocrx_word' id='word_1_397' title='bbox 576 2821 697 2860; x_wconf 89' lang='lat' dir='ltr'>potest</span> <span class='ocrx_word' id='word_1_398' title='bbox 712 2813 1001 2850; x_wconf 85' lang='lat' dir='ltr'>ministerialiter</span> <span class='ocrx_word' id='word_1_399' title='bbox 1014 2814 1204 2850; x_wconf 88' lang='lat' dir='ltr'>hominem</span> <span class='ocrx_word' id='word_1_400' title='bbox 1221 2816 1401 2860; x_wconf 88' lang='lat' dir='ltr'>occidere,</span> <span class='ocrx_word' id='word_1_401' title='bbox 1417 2816 1582 2852; x_wconf 86' lang='lat' dir='ltr'>civitates</span> <span class='ocrx_word' id='word_1_402' title='bbox 1660 2820 1681 2846; x_wconf 57' lang='grc' dir='ltr'><em>ὃ</em></span> 
     </span>
    </p>
   </div>
  </div>
 </body>
</html>
