2008 3305
229 198 314 228 cAP.
338 185 395 244 x.]
709 197 851 228 LIBER
884 197 1081 230 PRIMUS.
1778 197 1799 240 7
1810 199 1827 227 1

117 311 212 353 230]
227 321 343 348 nemo
368 317 493 360 potest
518 323 613 358 esse,
635 323 717 349 non
740 318 865 361 potest
888 324 971 349 esse
997 311 1102 361 quod
1125 310 1256 360 opinio
1282 321 1351 348 sua
1380 310 1426 348 sit
1452 322 1552 357 vera,

226 380 300 418 nisi
325 382 448 419 eciam
480 395 560 420 non
589 383 636 420 sit
658 395 758 428 vera,
780 383 877 421 sicut
901 389 1005 432 patet
1026 382 1287 420 examinando
1316 381 1553 431 oppositum.

224 451 410 490 Admisso
423 464 516 502 ergo
531 464 634 499 casu,
651 460 766 503 patet,
784 460 825 491 ut
840 454 955 503 prius,
972 453 1076 503 quod
1089 453 1159 490 ista
1172 452 1304 502 opinio
1319 464 1401 489 non
1414 452 1555 501 poterit

175 528 208 557 D
224 534 308 559 esse
328 535 441 560 vera:
474 536 563 561 cum
583 524 687 562 nulla
706 524 843 562 veritas
864 524 1135 562 condicionata
1164 523 1303 573 poterit
1330 522 1468 559 mutari
1490 520 1508 541 *
1530 534 1554 559 a

192 605 209 638 5
226 595 441 632 necessario
463 596 501 632 in
521 596 751 645 contingens
762 607 772 641 3
802 602 839 633 et
858 607 925 644 per
945 606 1184 643 consequens
1205 605 1293 631 cum
1322 600 1449 642 potest
1469 604 1553 630 esse

225 664 400 702 absolute
440 666 700 704 necessarium
738 665 844 714 quod
882 665 953 703 hec
992 665 1125 715 opinio
1167 676 1247 702 non
1287 664 1334 701 sit
1364 676 1463 708 vera,
1495 669 1552 701 est

223 735 394 773 absolute
412 737 669 774 necessarium
683 736 788 786 quod
802 737 981 774 continue
997 748 1077 773 non
1092 735 1139 773 sit
1153 747 1251 773 vera.
1282 734 1399 772 Tales
1412 734 1551 771 multas

224 807 431 845 instancias
452 808 651 858 quondam
673 807 910 845 adduxeram
930 819 1000 856 pro
1023 806 1103 844 istis
1123 806 1259 855 logicis
1279 805 1532 843 destruendis.

280 878 461 916 Secundo
495 879 754 929 principaliter
787 885 892 928 patet
920 890 967 915 ex
998 877 1192 915 sentencia
1220 875 1417 926 principali
1445 875 1551 925 quod
1564 884 1587 934 ξς·
1600 874 1831 935 ἒὲξὲὃξὶἳὲῦοᾰ

170 964 210 986 10
225 949 329 986 solus
357 949 465 987 Deus
495 956 552 987 est
580 950 756 999 potencie
787 950 958 987 creative.
1015 948 1119 985 Nam
1148 947 1275 985 solum
1302 946 1393 984 illud
1422 959 1550 985 creare
1563 951 1665 975 P0W‘2‘·

223 1020 363 1069 poterit
392 1020 498 1070 quod
529 1032 552 1058 a
583 1032 681 1070 puro
713 1032 797 1058 esse
831 1019 1057 1069 intelligibili
1090 1024 1217 1068 potest
1249 1018 1431 1056 effectum
1462 1031 1551 1068 pro-

224 1090 364 1128 ducere
403 1091 453 1129 ad
482 1103 565 1129 esse
607 1092 647 1129 in
685 1103 851 1140 genere;
891 1091 995 1129 solus
1026 1090 1133 1128 Deus
1163 1089 1238 1128 hoc
1268 1095 1395 1139 potest
1406 1102 1417 1136 3
1460 1101 1553 1139 ergo

221 1161 432 1200 conclusio.
489 1162 622 1200 Minor
642 1168 747 1211 patet
767 1174 815 1199 ex
836 1162 911 1199 hoc
931 1161 1036 1211 quod
1057 1161 1182 1199 solum
1202 1166 1328 1199 motor
1346 1160 1405 1198 ille
1425 1167 1553 1210 potest

220 1233 364 1271 mobile
383 1246 406 1270 a
426 1234 536 1282 signo
553 1234 602 1271 ad
622 1234 775 1283 signum
797 1245 962 1278 movere,
984 1233 1048 1282 qui
1068 1232 1234 1281 precedit
1259 1231 1471 1281 aliqualiter
1490 1231 1554 1270 illa

169 1318 207 1351 15
223 1304 354 1354 signa:
385 1312 425 1342 ut
446 1305 476 1342 si
501 1305 540 1342 in
567 1305 674 1343 omni
703 1311 810 1342 motu
836 1316 996 1342 movens
1019 1309 1056 1340 et
1075 1309 1225 1340 motum
1246 1309 1334 1340 sunt
1354 1301 1466 1340 simul
1487 1299 1552 1353 (ex

221 1376 387 1425 septimo
420 1374 690 1427 Phisicorum),
724 1375 857 1413 mobili
895 1375 1081 1412 existente
1119 1374 1158 1411 in
1195 1373 1357 1411 termino
1397 1385 1419 1411 a
1461 1385 1551 1423 quo,

221 1453 374 1496 oportet
404 1459 473 1497 per
504 1460 544 1485 se
579 1453 771 1485 motorem
797 1446 859 1484 vel
887 1445 994 1482 illum
1022 1444 1229 1482 terminum
1259 1444 1466 1494 precedere
1494 1444 1553 1481 vel

221 1518 357 1556 saltem
385 1518 591 1556 virtualiter
621 1518 673 1555 ibi
706 1529 800 1555 esse.
860 1516 961 1555 Cum
990 1528 1083 1565 ergo
1114 1516 1218 1553 nulla
1251 1528 1345 1565 pure
1378 1521 1552 1553 creatura

221 1590 345 1627 eciam
385 1590 597 1627 secundum
630 1589 806 1626 virtutem
848 1599 888 1625 se
922 1587 1091 1625 extendit
1124 1586 1172 1624 ad
1201 1598 1283 1624 esse
1314 1586 1550 1636 intelligibile

169 1671 209 1693 20
221 1660 389 1706 alieuius,
412 1672 501 1698 cum
529 1672 647 1697 omne
668 1659 742 1696 tale
771 1671 855 1696 esse
884 1658 1054 1708 precedit
1075 1657 1355 1707 quantumlibet
1382 1656 1551 1705 singulas

221 1738 434 1778 creaturas;
477 1731 645 1781 sequitur
677 1731 782 1779 quod
806 1730 865 1767 ab
894 1729 959 1767 illo
988 1741 1073 1767 esse
1107 1741 1186 1766 non
1220 1735 1348 1778 potest
1377 1734 1551 1766 creatura

220 1802 433 1852 quidquam
463 1802 503 1838 in
531 1802 670 1839 effectu
698 1801 923 1850 producere.
981 1799 1240 1837 Confirmatur
1269 1812 1315 1837 ex
1342 1799 1417 1836 hoc
1446 1798 1552 1848 quod

220 1879 392 1910 creatura
421 1873 538 1910 nichil
573 1872 749 1921 producit
780 1872 852 1909 nisi
885 1871 1099 1909 secundum
1131 1877 1298 1908 creatam
1332 1869 1550 1919 potenciam

221 1945 292 1982 sibi
325 1943 465 1989 datam,
498 1950 535 1980 et
565 1955 634 1993 per
664 1954 909 1992 consequens
938 1954 1019 1980 non
1052 1942 1101 1979 ab
1138 1953 1222 1979 esse
1256 1940 1481 1989 intelligibili
1510 1940 1550 1977 in

168 2036 205 2068 25
222 2015 400 2065 potencia
419 2015 600 2060 increata,
618 2014 686 2051 sed
711 2013 803 2051 citra
823 2013 872 2050 ab
892 2024 976 2050 esse
996 2012 1167 2062 possibili
1187 2012 1226 2049 in
1247 2024 1363 2049 causa
1379 2010 1551 2049 secunda

222 2086 271 2124 ad
296 2085 578 2136 producciones
611 2083 831 2122 huiusmodi
862 2083 1064 2121 ordinata:
1112 2095 1201 2121 cum
1232 2095 1326 2131 ergo
1360 2083 1399 2119 in
1426 2081 1550 2120 causis

221 2156 400 2195 secundis
432 2156 477 2193 sit
515 2155 722 2205 disposicio
751 2154 1001 2204 propinquior
1033 2154 1083 2191 ad
1112 2154 1292 2191 effectum
1323 2165 1440 2203 quam
1466 2165 1550 2191 esse

221 2227 454 2276 intelligibile
486 2226 657 2264 absolute
687 2225 946 2263 necessarium
975 2231 1012 2262 et
1037 2231 1223 2271 eternum,
1252 2225 1421 2274 sequitur
1445 2223 1551 2274 quod

121 2309 207 2339 24A
220 2298 495 2336 remotissimus
516 2296 700 2334 terminus
722 2295 740 2315 ’¹‘
763 2308 786 2333 a
806 2307 884 2345 quo
905 2301 1078 2333 creatura
1097 2295 1273 2344 producit
1293 2295 1473 2332 effectum
1493 2301 1550 2332 est

166 2387 207 2418 30
220 2376 345 2408 creata
363 2368 549 2419 potencia·
564 2367 657 2404 citra
670 2367 808 2416 ipsum.
866 2366 961 2404 Ideo
984 2366 1152 2415 negandi
1172 2373 1259 2404 sunt
1280 2378 1390 2404 casus
1411 2366 1551 2416 quibus

219 2440 376 2491 ponitur
395 2438 501 2490 quod
524 2438 632 2475 Deus
653 2437 914 2475 communicet
933 2437 1072 2486 angelo
1091 2437 1312 2486 potenciam
1333 2437 1549 2484 creativam,

219 2519 257 2550 et
273 2523 432 2549 erronee
452 2515 607 2559 putatur
623 2508 728 2558 quod
747 2520 857 2545 mens
877 2513 1005 2545 creata
1024 2513 1128 2544 creat
1148 2519 1236 2544 cum
1253 2507 1326 2544 Dei
1346 2507 1551 2545 influencia

220 2589 348 2622 actum
379 2592 517 2627 suum;
560 2579 649 2630 quia
677 2578 805 2617 omnis
824 2578 908 2616 talis
934 2584 1052 2624 aetus,
1076 2590 1164 2615 cum
1192 2578 1238 2615 sit
1258 2585 1429 2616 mentem
1450 2578 1550 2616 acci-

719 2704 756 2727 15.
779 2697 788 2726 11
800 2696 886 2728 signa
900 2695 922 2721 B
936 2695 954 2721 s.
971 2703 1056 2721 22213.

603 2783 651 2815 16.
675 2783 775 2814 Arist.
793 2782 888 2824 Phys.
906 2782 961 2814 vii.
983 2791 995 2812 1
1016 2792 1047 2823 p.
1068 2790 1123 2821 131
1139 2782 1165 2814 b.
