2008 3305
185 590 211 616 in
227 600 256 616 so
270 590 311 616 sar
324 599 354 616 as
368 590 389 617 it

184 633 276 651 serves
289 625 419 651 another.

185 1170 237 1196 We
250 1169 323 1195 have

184 1203 304 1235 nothing
317 1203 382 1228 here
396 1207 425 1228 to

184 1238 221 1263 do
232 1236 299 1262 with
313 1235 452 1268 anything

185 1271 236 1296 but
249 1270 374 1302 lordship

184 1304 316 1336 formally
329 1303 429 1329 under-

186 1337 279 1369 stood,

185 1581 338 1614 according
352 1586 381 1608 to
397 1580 444 1607 the

186 1615 359 1648 description

186 1649 276 1676 above
289 1649 381 1682 given.

198 2588 222 2615 3..
242 2576 303 2603 The
316 2575 432 2614 correla-

198 2617 254 2636 tive
269 2617 337 2636 term
351 2618 457 2635 servule

197 2645 223 2671 is
239 2645 286 2670 the
300 2643 423 2670 habitos

861 183 926 216 DE
959 182 1182 215 DOMINro
1215 182 1389 214 mvnvo
1642 172 1745 231 [CAP.
1769 187 1796 216 1.

462 299 568 350 quod
587 298 728 338 claudit
748 298 1102 337 contradiccionem
1116 298 1285 349 aliquam
1305 306 1518 337 creaturam
1538 312 1622 338 esse
1642 306 1798 349 propter
1812 307 1884 348 [213

461 371 751 409 vehemenciam
773 370 888 407 divini
910 369 1073 407 dominii
1094 370 1164 407 nisi
1187 370 1258 407 sibi
1279 371 1504 417 subserviat,
1527 371 1584 408 vel
1605 370 1797 419 paciendo

462 442 569 492 quod
583 442 707 486 debet,
723 446 763 477 ut
777 447 1016 489 peccatores,
1026 440 1084 477 vel
1101 440 1281 477 faciendo
1296 440 1401 490 quod
1416 440 1539 488 debet,
1555 448 1596 478 ut
1609 441 1680 478 alie
1694 452 1799 478 crea-

462 520 557 558 ture,
575 511 725 560 singula
741 511 862 559 gradu
883 523 964 548 suo.
996 510 1111 548 Unde
1133 522 1264 548 servus
1286 523 1357 560 pro
1374 523 1467 548 sexu
1488 511 1703 548 masculino
1720 522 1800 548 non

464 583 601 621 dicitur
621 596 667 620 ex
685 594 785 632 equo
802 581 1021 619 correlative
1038 581 1086 618 ad
1107 580 1325 628 dominum;
1355 581 1422 618 sed
1442 593 1673 631 quecunque
1695 593 1799 618 erea—
1814 594 1832 627 5

465 661 548 691 tura
579 654 692 691 servit
726 653 844 699 alteri,
879 653 956 690 sive
988 651 1097 690 suerit
1130 664 1245 689 sexus
1275 652 1462 689 femineus
1497 652 1576 689 sive
1607 658 1801 698 neutrum,

466 726 610 771 dicitur,
626 731 667 761 ut
688 725 753 771 sic,
777 736 906 762 servus
926 724 1012 770 Dei,
1028 724 1118 773 quia
1138 723 1296 761 effectus
1316 723 1403 761 Deo
1425 723 1604 770 serviens,
1622 729 1659 762 et
1679 723 1733 761 sic
1753 735 1802 760 ex

464 808 565 846 equo
587 796 721 833 dicitur
737 795 890 833 relative
907 794 956 832 ad
976 795 1190 832 dominum.
1248 793 1333 832 Nec
1354 793 1572 843 intelligitur
1591 794 1733 830 servire
1752 793 1803 830 ita

464 867 592 904 stricte
622 866 717 904 sicut
744 865 967 914 concipiunt
997 865 1121 915 grossi
1151 864 1334 914 pollitici;
1366 876 1458 901 nam
1488 864 1802 913 quandocunque

465 938 631 975 serviens
657 936 869 986 operando,
890 936 1105 985 pausando,
1127 935 1186 973 vel
1215 935 1508 985 quomodolibet
1537 934 1642 972 aliter
1670 946 1711 972 se
1735 934 1802 971 ha·
1820 954 1859 977 10

464 1008 603 1055 bendo,
631 1007 721 1045 facit
746 1007 853 1057 quod
884 1007 1009 1053 debet,
1037 1007 1255 1056 cuicunque
1282 1006 1442 1044 domino
1475 1018 1545 1044 suo
1575 1006 1697 1044 servit.
1752 1005 1805 1043 Et

464 1085 570 1129 patet
590 1078 761 1116 secunda
781 1078 930 1127 questio
953 1078 1000 1115 de
1021 1077 1203 1126 quiditate
1224 1077 1396 1115 dominii.

520 1149 606 1188 Nec
636 1156 790 1199 oportet
820 1149 881 1186 hic
911 1148 1105 1186 sollicitari
1135 1149 1237 1186 circa
1267 1148 1474 1197 opiniones
1508 1147 1714 1186 hominum
1745 1146 1805 1184 in-

466 1220 717 1259 tendencium
753 1220 918 1268 probare
954 1218 1060 1268 quod
1098 1230 1181 1256 non
1214 1224 1272 1256 est
1311 1218 1515 1256 distinccio
1554 1217 1717 1256 dominii
1755 1217 1805 1255 ab

466 1291 656 1338 absoluto,
680 1291 770 1340 quia
790 1302 907 1327 nemo
928 1295 1054 1339 potest
1074 1289 1148 1327 hoc
1170 1289 1315 1327 facere:
1346 1302 1417 1327 nec
1440 1295 1497 1327 est
1517 1289 1670 1327 difficile
1690 1300 1804 1338 argu·
1821 1302 1859 1334 15

466 1362 545 1400 cias
577 1362 627 1399 ad
658 1361 733 1400 hoc
763 1361 978 1398 nitencium
1008 1361 1137 1398 statim
1168 1360 1313 1398 tollere.
1364 1360 1449 1398 Nec
1478 1360 1620 1399 exhinc
1651 1365 1806 1409 oportet

467 1432 622 1471 credere
645 1430 663 1451 '¹‘
686 1432 792 1482 quod
822 1431 1038 1470 dominium
1063 1431 1288 1469 huiusmodi
1315 1432 1362 1469 sit
1382 1431 1526 1482 aliquid
1550 1431 1658 1481 quod
1681 1430 1805 1480 possit
1819 1441 1847 1471 G

468 1515 537 1553 per
557 1515 599 1541 se
620 1502 791 1552 intelligi,
813 1502 872 1541 vel
892 1502 1015 1540 eciam
1036 1515 1105 1552 per
1132 1514 1173 1541 se
1194 1515 1290 1549 esse,
1314 1514 1361 1540 eo
1383 1502 1489 1553 quod
1511 1502 1727 1540 dominium
1747 1508 1805 1539 est

468 1574 605 1612 veritas
633 1574 813 1624 primarie
843 1574 1041 1622 signabilis
1070 1573 1145 1611 hoc
1175 1574 1393 1623 complexo,
1426 1572 1575 1611 Natura
1600 1573 1805 1611 racionalis

470 1645 692 1683 dominatur
718 1657 789 1682 suo
819 1644 1011 1682 servienti.
1069 1643 1159 1682 Scio
1179 1650 1311 1684 tamen
1331 1644 1436 1694 quod
1456 1644 1673 1682 dominium
1700 1656 1803 1682 nunc
1820 1664 1861 1686 20

470 1716 655 1765 accipitur
675 1715 893 1762 formaliter,
911 1722 953 1753 ut
973 1721 1078 1765 patet
1097 1715 1137 1752 in
1157 1715 1426 1765 descripcione
1447 1715 1609 1753 dominii
1630 1715 1810 1764 superius

470 1786 686 1833 declarata3
712 1793 750 1824 et
770 1799 875 1824 nunc
896 1786 1098 1824 causaliter
1113 1786 1172 1824 vel
1193 1786 1447 1832 materialiter,
1466 1798 1537 1836 pro
1558 1786 1732 1824 subiecto
1748 1786 1807 1823 vel

469 1857 723 1895 fundamento
743 1857 802 1895 vel
828 1857 994 1895 termino
1015 1857 1064 1895 ad
1085 1869 1202 1907 quem
1229 1863 1285 1894 est
1313 1857 1474 1895 formale
1495 1857 1712 1895 dominium
1725 1869 1734 1904 ;
1764 1863 1806 1894 ut

469 1928 604 1977 volgus
624 1934 737 1966 vocat
756 1940 837 1966 rem
858 1940 1079 1978 possessam
1100 1929 1312 1974 dominium,
1335 1928 1468 1966 dicens
1489 1928 1594 1979 quod
1614 1928 1749 1978 predia
1768 1935 1806 1966 et

471 2005 596 2037 cetere
616 2000 885 2049 possessiones
909 2006 998 2037 sunt
1023 2000 1241 2050 possessori
1262 2001 1474 2037 domzm'um.
1532 1999 1609 2037 Sed
1628 2006 1804 2038 nostrum
1821 2021 1859 2054 25

470 2076 527 2108 est
549 2070 655 2119 loqui
675 2070 723 2108 de
746 2070 921 2109 dominio
942 2070 1151 2109 formaliter
1171 2070 1365 2108 intellecto
1386 2077 1423 2109 et
1442 2083 1510 2120 per
1530 2070 1634 2108 illam
1649 2070 1806 2109 distinc-

472 2142 625 2180 cionem
638 2142 821 2179 tolluntur
834 2142 1096 2180 controversie
1109 2142 1358 2193 loquencium
1371 2142 1418 2180 de
1433 2142 1619 2193 quiditate
1636 2142 1807 2180 dominii.

473 2212 623 2251 Omnes
644 2213 749 2250 enim
770 2213 973 2263 loquentes
994 2213 1041 2251 de
1063 2213 1238 2252 dominio
1259 2220 1412 2264 ponunt
1434 2214 1562 2263 ipsum
1582 2226 1666 2252 esse
1687 2226 1806 2263 gene-

472 2284 598 2321 raliter
613 2283 771 2333 aliquod
792 2284 954 2321 istorum
975 2290 1149 2333 quatuor,
1167 2284 1353 2331 videlicet,
1374 2285 1619 2332 relacionem,
1636 2285 1695 2323 vel
1716 2285 1806 2322 sub-

473 2355 616 2393 iectum
656 2354 874 2400 dominans,
907 2354 965 2392 vel
999 2355 1056 2393 ius
1092 2356 1132 2392 in
1165 2368 1244 2406 quo
1277 2355 1458 2394 fundatur
1491 2356 1721 2402 dominium,
1747 2352 1806 2394 vel
1820 2373 1862 2405 30

474 2437 718 2476 possessum:
744 2431 781 2463 et
797 2426 850 2463 sic
869 2437 960 2463 sane
976 2426 1241 2476 intelligentes,
1258 2427 1346 2466 licet
1361 2439 1441 2465 non
1457 2427 1655 2466 verbaliter
1671 2427 1807 2466 saltem

476 2496 759 2536 sentencialiter
778 2502 867 2534 sunt
888 2497 1116 2536 concordes.

532 2568 584 2606 Et
595 2582 642 2606 ex
657 2569 725 2605 hiis
739 2574 842 2617 patet
859 2568 1076 2618 descripcio
1089 2568 1235 2606 servicii
1241 2582 1251 2617 3
1279 2568 1395 2620 quod,
1413 2569 1503 2620 quia
1518 2570 1673 2608 relativa
1685 2583 1807 2620 oppo-

481 2642 625 2679 sicione
640 2641 814 2679 dominio
822 2641 1110 2690 correspondet,
1120 2641 1208 2679 ideo
1219 2639 1451 2692 (secundum
1465 2648 1583 2680 artem
1591 2641 1808 2693 Porphyrii)

515 2736 529 2760 5
543 2728 567 2754 Sc
581 2729 603 2753 Β.
622 2727 771 2753 dmm'mcm
785 2727 809 2752 A
819 2727 857 2753 C:
877 2727 1040 2753 dominium
1055 2727 1085 2752 B.
1211 2737 1250 2760 27.
1271 2729 1461 2754 controversie
1473 2728 1498 2754 A
1509 2728 1549 2755 C:
1568 2729 1760 2756 contraversz'e
1774 2729 1805 2754 B.

482 2771 520 2795 29.
539 2762 671 2787 videlicet
684 2761 741 2793 (v3)
754 2761 829 2786 AC:
850 2762 898 2786 vel
910 2761 942 2787 Β.
1047 2770 1085 2792 30.
1108 2762 1116 2790 ΙΙ
1130 2769 1183 2792 quo
1193 2761 1352 2793 fundatur
1369 2763 1391 2788 B
1402 2763 1419 2788 f.
1437 2772 1483 2788 212
1495 2770 1524 2789 D.
1639 2772 1680 2796 32.
1699 2765 1806 2790 senten-

479 2796 596 2822 cialiter
608 2795 645 2821 A2
659 2794 697 2828 (in
711 2794 849 2828 margine)
863 2795 883 2820 B
897 2801 903 2821 ;
921 2795 1097 2821 sensualiter
1108 2795 1177 2822 A1C.
