<?xml version="1.0" encoding="UTF-8"?>
<!DOCTYPE html PUBLIC "-//W3C//DTD XHTML 1.0 Transitional//EN"
    "http://www.w3.org/TR/xhtml1/DTD/xhtml1-transitional.dtd">
<html xmlns="http://www.w3.org/1999/xhtml" xml:lang="en" lang="en">
 <head>
  <title>
</title>
<meta http-equiv="Content-Type" content="text/html;charset=utf-8" />
  <meta name='ocr-system' content='tesseract 3.04.00' />
  <meta name='ocr-capabilities' content='ocr_page ocr_carea ocr_par ocr_line ocrx_word'/>
</head>
<body>
  <div class='ocr_page' id='page_1' title='image "./dedominiodivinol00wycl_0449.png"; bbox 0 0 2095 3278; ppageno 0'>
   <div class='ocr_carea' id='block_1_1' title="bbox 0 0 8 977">
    <p class='ocr_par' dir='ltr' id='par_1_1' title="bbox 0 0 8 977">
     <span class='ocr_line' id='line_1_1' title="bbox 0 0 8 977; baseline 0 0"><span class='ocrx_word' id='word_1_1' title='bbox 0 0 8 977; x_wconf 95' lang='lat' dir='ltr'> </span> 
     </span>
    </p>
   </div>
   <div class='ocr_carea' id='block_1_2' title="bbox 48 209 1868 263">
    <p class='ocr_par' dir='ltr' id='par_1_2' title="bbox 48 209 1868 263">
     <span class='ocr_line' id='line_1_2' title="bbox 48 209 1868 263; baseline -0.002 -12"><span class='ocrx_word' id='word_1_2' title='bbox 48 222 136 252; x_wconf 73' lang='lat' dir='ltr'>0A12.</span> <span class='ocrx_word' id='word_1_3' title='bbox 159 209 271 263; x_wconf 76' lang='lat' dir='ltr'>vm]</span> <span class='ocrx_word' id='word_1_4' title='bbox 604 217 670 249; x_wconf 85' lang='lat' dir='ltr'>DE</span> <span class='ocrx_word' id='word_1_5' title='bbox 704 217 948 250; x_wconf 86' lang='lat' dir='ltr'><strong>PAUPERIE</strong></span> <span class='ocrx_word' id='word_1_6' title='bbox 973 216 1290 249; x_wconf 81' lang='lat' dir='ltr'>SALVATORIS.</span> <span class='ocrx_word' id='word_1_7' title='bbox 1784 218 1868 261; x_wconf 83' lang='lat'>393</span> 
     </span>
    </p>
   </div>
   <div class='ocr_carea' id='block_1_3' title="bbox 45 329 1784 1239">
    <p class='ocr_par' dir='ltr' id='par_1_3' title="bbox 45 329 1784 1239">
     <span class='ocr_line' id='line_1_3' title="bbox 152 329 1784 375; baseline -0.001 -12"><span class='ocrx_word' id='word_1_8' title='bbox 152 330 248 372; x_wconf 84' lang='lat'>280]</span> <span class='ocrx_word' id='word_1_9' title='bbox 262 329 441 375; x_wconf 83' lang='lat' dir='ltr'>originali,</span> <span class='ocrx_word' id='word_1_10' title='bbox 463 329 664 375; x_wconf 90' lang='lat' dir='ltr'>occupacio</span> <span class='ocrx_word' id='word_1_11' title='bbox 691 329 767 365; x_wconf 90' lang='lat' dir='ltr'>sive</span> <span class='ocrx_word' id='word_1_12' title='bbox 789 330 961 365; x_wconf 89' lang='lat' dir='ltr'>detencio</span> <span class='ocrx_word' id='word_1_13' title='bbox 985 330 1193 365; x_wconf 88' lang='lat' dir='ltr'>voluntaria</span> <span class='ocrx_word' id='word_1_14' title='bbox 1213 336 1324 375; x_wconf 89' lang='lat' dir='ltr'>atque</span> <span class='ocrx_word' id='word_1_15' title='bbox 1349 330 1445 364; x_wconf 88' lang='lat' dir='ltr'>iusta</span> <span class='ocrx_word' id='word_1_16' title='bbox 1469 339 1590 363; x_wconf 90' lang='lat' dir='ltr'>rerum</span> <span class='ocrx_word' id='word_1_17' title='bbox 1604 333 1784 368; x_wconf 74' lang='lat' dir='ltr'>Description</span> 
     </span>
     <span class='ocr_line' id='line_1_4' title="bbox 214 369 1771 435; baseline -0.002 -12"><span class='ocrx_word' id='word_1_18' title='bbox 214 390 283 422; x_wconf 80' lang='lat' dir='ltr'>D*</span> <span class='ocrx_word' id='word_1_19' title='bbox 311 388 450 423; x_wconf 90' lang='lat' dir='ltr'>homini</span> <span class='ocrx_word' id='word_1_20' title='bbox 485 388 733 423; x_wconf 89' lang='lat' dir='ltr'>subiectarum</span> <span class='ocrx_word' id='word_1_21' title='bbox 766 400 809 422; x_wconf 88' lang='lat' dir='ltr'>ex</span> <span class='ocrx_word' id='word_1_22' title='bbox 844 389 921 423; x_wconf 91' lang='lat' dir='ltr'>sola</span> <span class='ocrx_word' id='word_1_23' title='bbox 953 389 1171 423; x_wconf 88' lang='lat' dir='ltr'>auctoritate</span> <span class='ocrx_word' id='word_1_24' title='bbox 1204 387 1392 432; x_wconf 89' lang='lat' dir='ltr'>originalis</span> <span class='ocrx_word' id='word_1_25' title='bbox 1426 369 1771 435; x_wconf 53' lang='lat' dir='ltr'>dominii.g{§¹5{{2{gll2</span> 
     </span>
     <span class='ocr_line' id='line_1_5' title="bbox 264 445 1590 490; baseline -0.001 -9"><span class='ocrx_word' id='word_1_26' title='bbox 264 447 392 482; x_wconf 84' lang='lat' dir='ltr'>Debes</span> <span class='ocrx_word' id='word_1_27' title='bbox 409 452 533 481; x_wconf 90' lang='lat' dir='ltr'>tamen</span> <span class='ocrx_word' id='word_1_28' title='bbox 551 445 742 480; x_wconf 90' lang='lat' dir='ltr'>attendere</span> <span class='ocrx_word' id='word_1_29' title='bbox 760 445 859 490; x_wconf 90' lang='lat' dir='ltr'>quod</span> <span class='ocrx_word' id='word_1_30' title='bbox 878 445 948 480; x_wconf 88' lang='lat' dir='ltr'>ista</span> <span class='ocrx_word' id='word_1_31' title='bbox 966 445 1152 490; x_wconf 81' lang='lat' dir='ltr'>possessio</span> <span class='ocrx_word' id='word_1_32' title='bbox 1166 445 1345 480; x_wconf 89' lang='lat' dir='ltr'>naturalis</span> <span class='ocrx_word' id='word_1_33' title='bbox 1363 450 1419 480; x_wconf 91' lang='lat' dir='ltr'>est</span> <span class='ocrx_word' id='word_1_34' title='bbox 1434 445 1590 489; x_wconf 85' lang='lat' dir='ltr'>duplex:</span> 
     </span>
     <span class='ocr_line' id='line_1_6' title="bbox 264 502 1592 548; baseline -0.002 -10"><span class='ocrx_word' id='word_1_35' title='bbox 264 515 338 538; x_wconf 90' lang='lat' dir='ltr'>una</span> <span class='ocrx_word' id='word_1_36' title='bbox 363 504 534 538; x_wconf 90' lang='lat' dir='ltr'>absoluta</span> <span class='ocrx_word' id='word_1_37' title='bbox 559 502 637 538; x_wconf 90' lang='lat' dir='ltr'>sive</span> <span class='ocrx_word' id='word_1_38' title='bbox 662 502 836 547; x_wconf 89' lang='lat' dir='ltr'>plenaria,</span> <span class='ocrx_word' id='word_1_39' title='bbox 855 502 1003 545; x_wconf 90' lang='lat' dir='ltr'>scilicet,</span> <span class='ocrx_word' id='word_1_40' title='bbox 1031 514 1104 548; x_wconf 91' lang='lat' dir='ltr'>qua</span> <span class='ocrx_word' id='word_1_41' title='bbox 1128 503 1209 548; x_wconf 89' lang='lat' dir='ltr'>quis</span> <span class='ocrx_word' id='word_1_42' title='bbox 1235 514 1313 538; x_wconf 89' lang='lat' dir='ltr'>rem</span> <span class='ocrx_word' id='word_1_43' title='bbox 1337 513 1404 547; x_wconf 90' lang='lat' dir='ltr'>pro</span> <span class='ocrx_word' id='word_1_44' title='bbox 1431 513 1497 537; x_wconf 91' lang='lat' dir='ltr'>suo</span> <span class='ocrx_word' id='word_1_45' title='bbox 1523 513 1592 536; x_wconf 90' lang='lat' dir='ltr'>usu</span> 
     </span>
     <span class='ocr_line' id='line_1_7' title="bbox 230 559 1593 607; baseline -0.002 -11"><span class='ocrx_word' id='word_1_46' title='bbox 230 574 249 607; x_wconf 86' lang='lat'>5</span> <span class='ocrx_word' id='word_1_47' title='bbox 263 561 477 596; x_wconf 90' lang='lat' dir='ltr'>omnimodo</span> <span class='ocrx_word' id='word_1_48' title='bbox 495 567 651 605; x_wconf 90' lang='lat' dir='ltr'>occupat</span> <span class='ocrx_word' id='word_1_49' title='bbox 668 571 675 603; x_wconf 90' lang='lat'>;</span> <span class='ocrx_word' id='word_1_50' title='bbox 702 566 738 595; x_wconf 91' lang='lat' dir='ltr'>et</span> <span class='ocrx_word' id='word_1_51' title='bbox 762 560 836 594; x_wconf 92' lang='lat' dir='ltr'>alia</span> <span class='ocrx_word' id='word_1_52' title='bbox 858 559 1071 594; x_wconf 87' lang='lat' dir='ltr'>modificata</span> <span class='ocrx_word' id='word_1_53' title='bbox 1089 561 1147 594; x_wconf 93' lang='lat' dir='ltr'>vel</span> <span class='ocrx_word' id='word_1_54' title='bbox 1170 561 1262 594; x_wconf 88' lang='lat' dir='ltr'>alias</span> <span class='ocrx_word' id='word_1_55' title='bbox 1287 559 1499 605; x_wconf 90' lang='lat' dir='ltr'>semiplena,</span> <span class='ocrx_word' id='word_1_56' title='bbox 1519 570 1593 604; x_wconf 93' lang='lat' dir='ltr'>qua</span> 
     </span>
     <span class='ocr_line' id='line_1_8' title="bbox 263 617 1592 664; baseline -0.002 -11"><span class='ocrx_word' id='word_1_57' title='bbox 263 619 344 664; x_wconf 90' lang='lat' dir='ltr'>quis</span> <span class='ocrx_word' id='word_1_58' title='bbox 362 630 446 653; x_wconf 90' lang='lat' dir='ltr'>cum</span> <span class='ocrx_word' id='word_1_59' title='bbox 464 618 576 653; x_wconf 91' lang='lat' dir='ltr'>modo</span> <span class='ocrx_word' id='word_1_60' title='bbox 597 617 723 660; x_wconf 88' lang='lat' dir='ltr'>tercio,</span> <span class='ocrx_word' id='word_1_61' title='bbox 743 617 891 661; x_wconf 90' lang='lat' dir='ltr'>scilicet,</span> <span class='ocrx_word' id='word_1_62' title='bbox 918 618 967 652; x_wconf 90' lang='lat' dir='ltr'>ad</span> <span class='ocrx_word' id='word_1_63' title='bbox 993 629 1101 652; x_wconf 90' lang='lat' dir='ltr'>usum</span> <span class='ocrx_word' id='word_1_64' title='bbox 1127 625 1269 653; x_wconf 90' lang='lat' dir='ltr'>certum</span> <span class='ocrx_word' id='word_1_65' title='bbox 1297 617 1373 652; x_wconf 91' lang='lat' dir='ltr'>sive</span> <span class='ocrx_word' id='word_1_66' title='bbox 1399 628 1466 662; x_wconf 87' lang='lat' dir='ltr'>pro</span> <span class='ocrx_word' id='word_1_67' title='bbox 1491 623 1592 651; x_wconf 87' lang='lat' dir='ltr'>certo</span> 
     </span>
     <span class='ocr_line' id='line_1_9' title="bbox 263 674 1591 721; baseline -0.002 -10"><span class='ocrx_word' id='word_1_68' title='bbox 263 682 430 721; x_wconf 89' lang='lat' dir='ltr'>tempore</span> <span class='ocrx_word' id='word_1_69' title='bbox 448 675 525 711; x_wconf 92' lang='lat' dir='ltr'>sive</span> <span class='ocrx_word' id='word_1_70' title='bbox 543 676 625 710; x_wconf 91' lang='lat' dir='ltr'>loco</span> <span class='ocrx_word' id='word_1_71' title='bbox 642 686 720 710; x_wconf 89' lang='lat' dir='ltr'>rem</span> <span class='ocrx_word' id='word_1_72' title='bbox 739 681 906 720; x_wconf 89' lang='lat' dir='ltr'>occupat,</span> <span class='ocrx_word' id='word_1_73' title='bbox 925 674 1030 710; x_wconf 89' lang='lat' dir='ltr'>sicuti</span> <span class='ocrx_word' id='word_1_74' title='bbox 1050 681 1234 720; x_wconf 92' lang='lat' dir='ltr'>occupant</span> <span class='ocrx_word' id='word_1_75' title='bbox 1252 675 1388 710; x_wconf 90' lang='lat' dir='ltr'>usuarii</span> <span class='ocrx_word' id='word_1_76' title='bbox 1406 674 1564 709; x_wconf 91' lang='lat' dir='ltr'>universi</span> <span class='ocrx_word' id='word_1_77' title='bbox 1583 686 1591 708; x_wconf 93' lang='lat'>:</span> 
     </span>
     <span class='ocr_line' id='line_1_10' title="bbox 47 731 1594 778; baseline -0.002 -9"><span class='ocrx_word' id='word_1_78' title='bbox 47 734 85 766; x_wconf 79' lang='lat' dir='ltr'>in</span> <span class='ocrx_word' id='word_1_79' title='bbox 97 743 174 765; x_wconf 79' lang='lat' dir='ltr'>casu</span> <span class='ocrx_word' id='word_1_80' title='bbox 184 742 249 764; x_wconf 86' lang='lat' dir='ltr'>om·</span> <span class='ocrx_word' id='word_1_81' title='bbox 263 740 299 769; x_wconf 89' lang='lat' dir='ltr'>et</span> <span class='ocrx_word' id='word_1_82' title='bbox 325 733 512 778; x_wconf 89' lang='lat' dir='ltr'>utriusque</span> <span class='ocrx_word' id='word_1_83' title='bbox 537 731 784 778; x_wconf 87' lang='lat' dir='ltr'>possessionis</span> <span class='ocrx_word' id='word_1_84' title='bbox 810 738 866 767; x_wconf 90' lang='lat' dir='ltr'>est</span> <span class='ocrx_word' id='word_1_85' title='bbox 891 738 954 767; x_wconf 89' lang='lat' dir='ltr'>aut</span> <span class='ocrx_word' id='word_1_86' title='bbox 981 743 1065 767; x_wconf 90' lang='lat' dir='ltr'>esse</span> <span class='ocrx_word' id='word_1_87' title='bbox 1090 739 1212 777; x_wconf 91' lang='lat' dir='ltr'>potest</span> <span class='ocrx_word' id='word_1_88' title='bbox 1238 731 1276 767; x_wconf 92' lang='lat' dir='ltr'>in</span> <span class='ocrx_word' id='word_1_89' title='bbox 1301 743 1390 767; x_wconf 92' lang='lat' dir='ltr'>casu</span> <span class='ocrx_word' id='word_1_90' title='bbox 1418 732 1473 776; x_wconf 91' lang='lat' dir='ltr'>(ut</span> <span class='ocrx_word' id='word_1_91' title='bbox 1499 731 1594 766; x_wconf 87' lang='lat' dir='ltr'>infra</span> 
     </span>
     <span class='ocr_line' id='line_1_11' title="bbox 47 787 1594 836; baseline -0.001 -10"><span class='ocrx_word' id='word_1_92' title='bbox 47 787 100 831; x_wconf 75' lang='grc' dir='ltr'>Μ’,</span> <span class='ocrx_word' id='word_1_93' title='bbox 129 824 135 831; x_wconf 88' lang='grc'>,</span> <span class='ocrx_word' id='word_1_94' title='bbox 263 790 419 836; x_wconf 89' lang='lat' dir='ltr'>patebit)</span> <span class='ocrx_word' id='word_1_95' title='bbox 440 789 616 835; x_wconf 79' lang='lat' dir='ltr'>originale</span> <span class='ocrx_word' id='word_1_96' title='bbox 635 789 842 824; x_wconf 89' lang='lat' dir='ltr'>dominium</span> <span class='ocrx_word' id='word_1_97' title='bbox 860 801 927 824; x_wconf 94' lang='lat' dir='ltr'>suo</span> <span class='ocrx_word' id='word_1_98' title='bbox 945 790 1057 824; x_wconf 92' lang='lat' dir='ltr'>modo</span> <span class='ocrx_word' id='word_1_99' title='bbox 1074 789 1263 834; x_wconf 88' lang='lat' dir='ltr'>originalis</span> <span class='ocrx_word' id='word_1_100' title='bbox 1281 789 1494 825; x_wconf 80' lang='lat' dir='ltr'>auctoritas.</span> <span class='ocrx_word' id='word_1_101' title='bbox 1544 790 1594 824; x_wconf 91' lang='lat' dir='ltr'>Et</span> 
     </span>
     <span class='ocr_line' id='line_1_12' title="bbox 45 824 1595 900; baseline -0.001 -17"><span class='ocrx_word' id='word_1_102' title='bbox 45 835 132 900; x_wconf 42' lang='lat' dir='ltr'><strong><em>2⁷1}in</em></strong></span> <span class='ocrx_word' id='word_1_103' title='bbox 129 824 210 900; x_wconf 40' lang='lat' dir='ltr'>114²?AE</span> <span class='ocrx_word' id='word_1_104' title='bbox 264 849 347 883; x_wconf 92' lang='lat' dir='ltr'>dico</span> <span class='ocrx_word' id='word_1_105' title='bbox 379 848 603 882; x_wconf 78' lang='lat' dir='ltr'>voluntaria</span> <span class='ocrx_word' id='word_1_106' title='bbox 637 847 839 892; x_wconf 87' lang='lat' dir='ltr'>occupacio</span> <span class='ocrx_word' id='word_1_107' title='bbox 872 854 1024 892; x_wconf 88' lang='lat' dir='ltr'>propter</span> <span class='ocrx_word' id='word_1_108' title='bbox 1057 847 1345 892; x_wconf 89' lang='lat' dir='ltr'>occupacionem</span> <span class='ocrx_word' id='word_1_109' title='bbox 1378 846 1595 881; x_wconf 89' lang='lat' dir='ltr'>animalium</span> 
     </span>
     <span class='ocr_line' id='line_1_13' title="bbox 264 904 1596 951; baseline -0.001 -11"><span class='ocrx_word' id='word_1_110' title='bbox 264 912 480 949; x_wconf 89' lang='lat' dir='ltr'>ceterorum,</span> <span class='ocrx_word' id='word_1_111' title='bbox 499 916 570 951; x_wconf 88' lang='lat' dir='ltr'>que</span> <span class='ocrx_word' id='word_1_112' title='bbox 588 906 816 940; x_wconf 88' lang='lat' dir='ltr'>voluntatem</span> <span class='ocrx_word' id='word_1_113' title='bbox 834 916 909 939; x_wconf 91' lang='lat' dir='ltr'>non</span> <span class='ocrx_word' id='word_1_114' title='bbox 930 906 1082 948; x_wconf 89' lang='lat' dir='ltr'>habent,</span> <span class='ocrx_word' id='word_1_115' title='bbox 1101 912 1137 940; x_wconf 87' lang='lat' dir='ltr'>et</span> <span class='ocrx_word' id='word_1_116' title='bbox 1159 906 1206 940; x_wconf 93' lang='lat' dir='ltr'>ob</span> <span class='ocrx_word' id='word_1_117' title='bbox 1231 906 1302 940; x_wconf 89' lang='lat' dir='ltr'>hoc</span> <span class='ocrx_word' id='word_1_118' title='bbox 1320 916 1379 940; x_wconf 88' lang='lat' dir='ltr'>res</span> <span class='ocrx_word' id='word_1_119' title='bbox 1404 904 1596 949; x_wconf 88' lang='lat' dir='ltr'>possidere</span> 
     </span>
     <span class='ocr_line' id='line_1_14' title="bbox 263 962 1596 1008; baseline -0.002 -10"><span class='ocrx_word' id='word_1_120' title='bbox 263 975 338 998; x_wconf 91' lang='lat' dir='ltr'>non</span> <span class='ocrx_word' id='word_1_121' title='bbox 365 969 541 1008; x_wconf 85' lang='lat' dir='ltr'>possunt;</span> <span class='ocrx_word' id='word_1_122' title='bbox 581 963 668 1008; x_wconf 88' lang='lat' dir='ltr'>quia</span> <span class='ocrx_word' id='word_1_123' title='bbox 697 963 846 1007; x_wconf 86' lang='lat' dir='ltr'>insuper</span> <span class='ocrx_word' id='word_1_124' title='bbox 874 964 993 998; x_wconf 91' lang='lat' dir='ltr'>nullus</span> <span class='ocrx_word' id='word_1_125' title='bbox 1020 963 1237 998; x_wconf 84' lang='lat' dir='ltr'>naturaliter</span> <span class='ocrx_word' id='word_1_126' title='bbox 1263 969 1346 998; x_wconf 92' lang='lat' dir='ltr'>actu</span> <span class='ocrx_word' id='word_1_127' title='bbox 1376 969 1438 997; x_wconf 91' lang='lat' dir='ltr'>aut</span> <span class='ocrx_word' id='word_1_128' title='bbox 1466 962 1596 997; x_wconf 85' lang='lat' dir='ltr'>habitu</span> 
     </span>
     <span class='ocr_line' id='line_1_15' title="bbox 263 1019 1537 1067; baseline -0.001 -12"><span class='ocrx_word' id='word_1_129' title='bbox 263 1021 461 1067; x_wconf 90' lang='lat' dir='ltr'>quicquam</span> <span class='ocrx_word' id='word_1_130' title='bbox 478 1020 644 1065; x_wconf 87' lang='lat' dir='ltr'>possidet</span> <span class='ocrx_word' id='word_1_131' title='bbox 662 1020 731 1055; x_wconf 91' lang='lat' dir='ltr'>nisi</span> <span class='ocrx_word' id='word_1_132' title='bbox 749 1032 827 1055; x_wconf 90' lang='lat' dir='ltr'>rem</span> <span class='ocrx_word' id='word_1_133' title='bbox 845 1027 929 1055; x_wconf 90' lang='lat' dir='ltr'>actu</span> <span class='ocrx_word' id='word_1_134' title='bbox 945 1027 1009 1055; x_wconf 93' lang='lat' dir='ltr'>aut</span> <span class='ocrx_word' id='word_1_135' title='bbox 1027 1021 1155 1056; x_wconf 90' lang='lat' dir='ltr'>habitu</span> <span class='ocrx_word' id='word_1_136' title='bbox 1173 1032 1355 1065; x_wconf 91' lang='lat' dir='ltr'>occupare</span> <span class='ocrx_word' id='word_1_137' title='bbox 1372 1019 1537 1055; x_wconf 90' lang='lat' dir='ltr'>voluerit.</span> 
     </span>
     <span class='ocr_line' id='line_1_16' title="bbox 312 1077 1594 1124; baseline -0.002 -10"><span class='ocrx_word' id='word_1_138' title='bbox 312 1080 541 1114; x_wconf 87' lang='lat' dir='ltr'><strong>IOHANNES.</strong></span> <span class='ocrx_word' id='word_1_139' title='bbox 568 1078 641 1113; x_wconf 92' lang='lat' dir='ltr'>Dic</span> <span class='ocrx_word' id='word_1_140' title='bbox 664 1078 811 1124; x_wconf 92' lang='lat' dir='ltr'>qualem</span> <span class='ocrx_word' id='word_1_141' title='bbox 836 1078 1112 1123; x_wconf 88' lang='lat' dir='ltr'>possessionem</span> <span class='ocrx_word' id='word_1_142' title='bbox 1135 1078 1264 1114; x_wconf 89' lang='lat' dir='ltr'>habuit</span> <span class='ocrx_word' id='word_1_143' title='bbox 1285 1078 1410 1113; x_wconf 89' lang='lat' dir='ltr'>Adam</span> <span class='ocrx_word' id='word_1_144' title='bbox 1428 1077 1465 1112; x_wconf 92' lang='lat' dir='ltr'>in</span> <span class='ocrx_word' id='word_1_145' title='bbox 1486 1079 1594 1112; x_wconf 86' lang='lat' dir='ltr'>Para-</span> 
     </span>
     <span class='ocr_line' id='line_1_17' title="bbox 210 1137 615 1177; baseline 0 -6"><span class='ocrx_word' id='word_1_146' title='bbox 210 1144 248 1177; x_wconf 85' lang='lat'>15</span> <span class='ocrx_word' id='word_1_147' title='bbox 263 1137 386 1172; x_wconf 91' lang='lat' dir='ltr'>disum</span> <span class='ocrx_word' id='word_1_148' title='bbox 403 1137 615 1172; x_wconf 88' lang='lat' dir='ltr'>translatus.</span> 
     </span>
     <span class='ocr_line' id='line_1_18' title="bbox 312 1193 1772 1239; baseline 0 -11"><span class='ocrx_word' id='word_1_149' title='bbox 312 1196 540 1229; x_wconf 86' lang='lat' dir='ltr'><strong>RICARDUS.</strong></span> <span class='ocrx_word' id='word_1_150' title='bbox 579 1195 672 1229; x_wconf 90' lang='lat' dir='ltr'>Cum</span> <span class='ocrx_word' id='word_1_151' title='bbox 700 1194 800 1229; x_wconf 91' lang='lat' dir='ltr'>solus</span> <span class='ocrx_word' id='word_1_152' title='bbox 830 1200 919 1237; x_wconf 88' lang='lat' dir='ltr'>erat,</span> <span class='ocrx_word' id='word_1_153' title='bbox 950 1205 1186 1229; x_wconf 90' lang='lat' dir='ltr'>communem</span> <span class='ocrx_word' id='word_1_154' title='bbox 1216 1193 1490 1239; x_wconf 90' lang='lat' dir='ltr'>possessionem</span> <span class='ocrx_word' id='word_1_155' title='bbox 1518 1205 1593 1228; x_wconf 91' lang='lat' dir='ltr'>non</span> <span class='ocrx_word' id='word_1_156' title='bbox 1607 1201 1772 1228; x_wconf 84' lang='lat' dir='ltr'>OfAdam’s</span> 
     </span>
    </p>
   </div>
   <div class='ocr_carea' id='block_1_4' title="bbox 262 1243 1806 1297">
    <p class='ocr_par' dir='ltr' id='par_1_4' title="bbox 262 1243 1806 1297">
     <span class='ocr_line' id='line_1_19' title="bbox 262 1243 1806 1297; baseline -0.001 -10"><span class='ocrx_word' id='word_1_157' title='bbox 262 1252 403 1297; x_wconf 88' lang='lat' dir='ltr'>habuit,</span> <span class='ocrx_word' id='word_1_158' title='bbox 422 1251 572 1295; x_wconf 90' lang='lat' dir='ltr'>scilicet,</span> <span class='ocrx_word' id='word_1_159' title='bbox 596 1263 665 1287; x_wconf 90' lang='lat' dir='ltr'>nec</span> <span class='ocrx_word' id='word_1_160' title='bbox 689 1252 786 1287; x_wconf 86' lang='lat' dir='ltr'>sacto</span> <span class='ocrx_word' id='word_1_161' title='bbox 813 1263 883 1287; x_wconf 91' lang='lat' dir='ltr'>nec</span> <span class='ocrx_word' id='word_1_162' title='bbox 908 1252 1016 1287; x_wconf 90' lang='lat' dir='ltr'>simul</span> <span class='ocrx_word' id='word_1_163' title='bbox 1042 1253 1142 1287; x_wconf 88' lang='lat' dir='ltr'>facto</span> <span class='ocrx_word' id='word_1_164' title='bbox 1167 1258 1203 1287; x_wconf 91' lang='lat' dir='ltr'>et</span> <span class='ocrx_word' id='word_1_165' title='bbox 1231 1252 1307 1287; x_wconf 90' lang='lat' dir='ltr'>iure</span> <span class='ocrx_word' id='word_1_166' title='bbox 1334 1243 1806 1296; x_wconf 51' lang='lat' dir='ltr'>communem3¹1³22⁵1ffiiss¹2nm</span> 
     </span>
    </p>
   </div>
   <div class='ocr_carea' id='block_1_5' title="bbox 0 1308 1595 1355">
    <p class='ocr_par' dir='ltr' id='par_1_5' title="bbox 0 1308 1595 1355">
     <span class='ocr_line' id='line_1_20' title="bbox 0 1308 1595 1355; baseline 0.001 -12"><span class='ocrx_word' id='word_1_167' title='bbox 0 1315 1 1318; x_wconf 77' lang='grc'>’</span> <span class='ocrx_word' id='word_1_168' title='bbox 47 1312 127 1343; x_wconf 84' lang='lat' dir='ltr'>Post</span> <span class='ocrx_word' id='word_1_169' title='bbox 141 1322 188 1343; x_wconf 86' lang='lat' dir='ltr'>so-</span> <span class='ocrx_word' id='word_1_170' title='bbox 264 1310 351 1355; x_wconf 87' lang='lat' dir='ltr'>quia</span> <span class='ocrx_word' id='word_1_171' title='bbox 378 1321 448 1344; x_wconf 88' lang='lat' dir='ltr'>nec</span> <span class='ocrx_word' id='word_1_172' title='bbox 476 1309 618 1344; x_wconf 90' lang='lat' dir='ltr'>socium</span> <span class='ocrx_word' id='word_1_173' title='bbox 645 1320 714 1344; x_wconf 90' lang='lat' dir='ltr'>nec</span> <span class='ocrx_word' id='word_1_174' title='bbox 744 1308 886 1344; x_wconf 85' lang='lat' dir='ltr'>sociam</span> <span class='ocrx_word' id='word_1_175' title='bbox 914 1310 1127 1355; x_wconf 91' lang='lat' dir='ltr'>possidendi</span> <span class='ocrx_word' id='word_1_176' title='bbox 1156 1310 1344 1355; x_wconf 89' lang='lat' dir='ltr'>propriam</span> <span class='ocrx_word' id='word_1_177' title='bbox 1377 1310 1476 1344; x_wconf 87' lang='lat' dir='ltr'>facto</span> <span class='ocrx_word' id='word_1_178' title='bbox 1507 1316 1595 1344; x_wconf 90' lang='lat' dir='ltr'>tunc</span> 
     </span>
    </p>
   </div>
   <div class='ocr_carea' id='block_1_6' title="bbox 0 1354 1596 1430">
    <p class='ocr_par' dir='ltr' id='par_1_6' title="bbox 0 1354 1596 1430">
     <span class='ocr_line' id='line_1_21' title="bbox 0 1354 1596 1430; baseline -0.001 -28"><span class='ocrx_word' id='word_1_179' title='bbox 0 1372 1 1388; x_wconf 71' lang='lat'>³</span> <span class='ocrx_word' id='word_1_180' title='bbox 47 1354 251 1430; x_wconf 54' lang='grc' dir='ltr'>ἵέἴῖαῗῗὲἒ·</span> <span class='ocrx_word' id='word_1_181' title='bbox 265 1367 406 1409; x_wconf 83' lang='lat' dir='ltr'>habuit,</span> <span class='ocrx_word' id='word_1_182' title='bbox 425 1367 513 1412; x_wconf 89' lang='lat' dir='ltr'>quia</span> <span class='ocrx_word' id='word_1_183' title='bbox 530 1368 628 1402; x_wconf 92' lang='lat' dir='ltr'>solus</span> <span class='ocrx_word' id='word_1_184' title='bbox 646 1374 734 1402; x_wconf 90' lang='lat' dir='ltr'>tunc</span> <span class='ocrx_word' id='word_1_185' title='bbox 751 1367 867 1402; x_wconf 88' lang='lat' dir='ltr'>fuerat</span> <span class='ocrx_word' id='word_1_186' title='bbox 885 1379 891 1401; x_wconf 95' lang='lat'>:</span> <span class='ocrx_word' id='word_1_187' title='bbox 921 1374 975 1402; x_wconf 90' lang='lat' dir='ltr'>set</span> <span class='ocrx_word' id='word_1_188' title='bbox 993 1379 1041 1402; x_wconf 89' lang='lat' dir='ltr'>an</span> <span class='ocrx_word' id='word_1_189' title='bbox 1058 1367 1188 1402; x_wconf 90' lang='lat' dir='ltr'>habuit</span> <span class='ocrx_word' id='word_1_190' title='bbox 1214 1367 1489 1412; x_wconf 87' lang='lat' dir='ltr'>possessionem</span> <span class='ocrx_word' id='word_1_191' title='bbox 1507 1373 1596 1402; x_wconf 88' lang='lat' dir='ltr'>tunc</span> 
     </span>
    </p>
   </div>
   <div class='ocr_carea' id='block_1_7' title="bbox 213 1424 1781 2681">
    <p class='ocr_par' dir='ltr' id='par_1_7' title="bbox 264 1424 1595 1518">
     <span class='ocr_line' id='line_1_22' title="bbox 264 1424 1595 1471; baseline 0 -11"><span class='ocrx_word' id='word_1_192' title='bbox 264 1424 428 1470; x_wconf 86' lang='lat' dir='ltr'>aliquam</span> <span class='ocrx_word' id='word_1_193' title='bbox 455 1425 553 1460; x_wconf 90' lang='lat' dir='ltr'>facto</span> <span class='ocrx_word' id='word_1_194' title='bbox 582 1431 618 1460; x_wconf 92' lang='lat' dir='ltr'>et</span> <span class='ocrx_word' id='word_1_195' title='bbox 651 1424 728 1460; x_wconf 87' lang='lat' dir='ltr'>iure</span> <span class='ocrx_word' id='word_1_196' title='bbox 761 1425 949 1470; x_wconf 89' lang='lat' dir='ltr'>propriam</span> <span class='ocrx_word' id='word_1_197' title='bbox 979 1424 1046 1460; x_wconf 90' lang='lat' dir='ltr'>tibi</span> <span class='ocrx_word' id='word_1_198' title='bbox 1076 1425 1165 1460; x_wconf 88' lang='lat' dir='ltr'>libet</span> <span class='ocrx_word' id='word_1_199' title='bbox 1195 1425 1390 1471; x_wconf 89' lang='lat' dir='ltr'>inquirere,</span> <span class='ocrx_word' id='word_1_200' title='bbox 1425 1432 1488 1460; x_wconf 88' lang='lat' dir='ltr'>aut</span> <span class='ocrx_word' id='word_1_201' title='bbox 1516 1424 1595 1460; x_wconf 88' lang='lat' dir='ltr'>iure</span> 
     </span>
     <span class='ocr_line' id='line_1_23' title="bbox 265 1493 512 1518; baseline 0 -1"><span class='ocrx_word' id='word_1_202' title='bbox 265 1493 512 1518; x_wconf 89' lang='lat' dir='ltr'>communem.</span> 
     </span>
    </p>

    <p class='ocr_par' dir='ltr' id='par_1_8' title="bbox 266 1540 1597 1701">
     <span class='ocr_line' id='line_1_24' title="bbox 318 1540 1595 1586; baseline 0 -12"><span class='ocrx_word' id='word_1_203' title='bbox 318 1541 408 1575; x_wconf 85' lang='lat' dir='ltr'><strong>IOH.</strong></span> <span class='ocrx_word' id='word_1_204' title='bbox 435 1541 493 1574; x_wconf 86' lang='lat' dir='ltr'>Ex</span> <span class='ocrx_word' id='word_1_205' title='bbox 510 1551 583 1585; x_wconf 93' lang='lat' dir='ltr'>quo</span> <span class='ocrx_word' id='word_1_206' title='bbox 601 1540 725 1575; x_wconf 89' lang='lat' dir='ltr'>Adam</span> <span class='ocrx_word' id='word_1_207' title='bbox 749 1546 851 1575; x_wconf 86' lang='lat' dir='ltr'>extra</span> <span class='ocrx_word' id='word_1_208' title='bbox 878 1540 1099 1575; x_wconf 88' lang='lat' dir='ltr'>Paradisum</span> <span class='ocrx_word' id='word_1_209' title='bbox 1125 1547 1272 1576; x_wconf 87' lang='lat' dir='ltr'>creatus</span> <span class='ocrx_word' id='word_1_210' title='bbox 1297 1540 1439 1586; x_wconf 89' lang='lat' dir='ltr'>positus</span> <span class='ocrx_word' id='word_1_211' title='bbox 1464 1540 1530 1575; x_wconf 80' lang='lat' dir='ltr'>fuit</span> <span class='ocrx_word' id='word_1_212' title='bbox 1558 1540 1595 1575; x_wconf 92' lang='lat' dir='ltr'>in</span> 
     </span>
     <span class='ocr_line' id='line_1_25' title="bbox 266 1597 1597 1643; baseline 0 -11"><span class='ocrx_word' id='word_1_213' title='bbox 266 1597 444 1632; x_wconf 89' lang='lat' dir='ltr'>Paradiso</span> <span class='ocrx_word' id='word_1_214' title='bbox 462 1604 501 1632; x_wconf 92' lang='lat' dir='ltr'>ut</span> <span class='ocrx_word' id='word_1_215' title='bbox 519 1603 730 1643; x_wconf 90' lang='lat' dir='ltr'>operaretur</span> <span class='ocrx_word' id='word_1_216' title='bbox 746 1605 782 1632; x_wconf 90' lang='lat' dir='ltr'>et</span> <span class='ocrx_word' id='word_1_217' title='bbox 801 1598 1001 1633; x_wconf 88' lang='lat' dir='ltr'>custodiret</span> <span class='ocrx_word' id='word_1_218' title='bbox 1021 1597 1134 1642; x_wconf 91' lang='lat' dir='ltr'>illum,</span> <span class='ocrx_word' id='word_1_219' title='bbox 1152 1605 1188 1633; x_wconf 87' lang='lat' dir='ltr'>et</span> <span class='ocrx_word' id='word_1_220' title='bbox 1208 1605 1479 1643; x_wconf 87' lang='lat' dir='ltr'>consequenter</span> <span class='ocrx_word' id='word_1_221' title='bbox 1496 1598 1597 1633; x_wconf 89' lang='lat' dir='ltr'>solus</span> 
     </span>
     <span class='ocr_line' id='line_1_26' title="bbox 266 1655 1595 1701; baseline -0.001 -11"><span class='ocrx_word' id='word_1_222' title='bbox 266 1655 315 1690; x_wconf 90' lang='lat' dir='ltr'>ibi</span> <span class='ocrx_word' id='word_1_223' title='bbox 343 1655 505 1690; x_wconf 88' lang='lat' dir='ltr'>existens</span> <span class='ocrx_word' id='word_1_224' title='bbox 534 1655 685 1690; x_wconf 90' lang='lat' dir='ltr'>nomina</span> <span class='ocrx_word' id='word_1_225' title='bbox 712 1655 855 1690; x_wconf 90' lang='lat' dir='ltr'>cunctis</span> <span class='ocrx_word' id='word_1_226' title='bbox 889 1656 1141 1691; x_wconf 88' lang='lat' dir='ltr'>animantibus</span> <span class='ocrx_word' id='word_1_227' title='bbox 1167 1662 1206 1691; x_wconf 88' lang='lat' dir='ltr'>ut</span> <span class='ocrx_word' id='word_1_228' title='bbox 1233 1657 1308 1691; x_wconf 88' lang='lat' dir='ltr'>suis</span> <span class='ocrx_word' id='word_1_229' title='bbox 1333 1656 1518 1701; x_wconf 87' lang='lat' dir='ltr'>imposuit,</span> <span class='ocrx_word' id='word_1_230' title='bbox 1544 1655 1595 1690; x_wconf 93' lang='lat' dir='ltr'>vi-</span> 
     </span>
    </p>

    <p class='ocr_par' dir='ltr' id='par_1_9' title="bbox 213 1713 1600 1989">
     <span class='ocr_line' id='line_1_27' title="bbox 213 1713 1597 1759; baseline 0.001 -12"><span class='ocrx_word' id='word_1_231' title='bbox 213 1720 251 1752; x_wconf 88' lang='lat'>25</span> <span class='ocrx_word' id='word_1_232' title='bbox 266 1714 373 1748; x_wconf 90' lang='lat' dir='ltr'>detur</span> <span class='ocrx_word' id='word_1_233' title='bbox 397 1713 496 1758; x_wconf 90' lang='lat' dir='ltr'>quod</span> <span class='ocrx_word' id='word_1_234' title='bbox 522 1713 686 1748; x_wconf 92' lang='lat' dir='ltr'>omnium</span> <span class='ocrx_word' id='word_1_235' title='bbox 713 1713 857 1748; x_wconf 87' lang='lat' dir='ltr'>illorum</span> <span class='ocrx_word' id='word_1_236' title='bbox 874 1714 1148 1758; x_wconf 89' lang='lat' dir='ltr'>possessionem</span> <span class='ocrx_word' id='word_1_237' title='bbox 1173 1714 1362 1759; x_wconf 87' lang='lat' dir='ltr'>propriam</span> <span class='ocrx_word' id='word_1_238' title='bbox 1379 1721 1466 1749; x_wconf 87' lang='lat' dir='ltr'>tunc</span> <span class='ocrx_word' id='word_1_239' title='bbox 1482 1714 1597 1748; x_wconf 91' lang='lat' dir='ltr'>habe-</span> 
     </span>
     <span class='ocr_line' id='line_1_28' title="bbox 265 1770 1598 1817; baseline 0.001 -12"><span class='ocrx_word' id='word_1_240' title='bbox 265 1771 340 1814; x_wconf 91' lang='lat' dir='ltr'>bat,</span> <span class='ocrx_word' id='word_1_241' title='bbox 358 1782 433 1805; x_wconf 92' lang='lat' dir='ltr'>non</span> <span class='ocrx_word' id='word_1_242' title='bbox 450 1772 567 1806; x_wconf 91' lang='lat' dir='ltr'>solum</span> <span class='ocrx_word' id='word_1_243' title='bbox 585 1771 683 1806; x_wconf 88' lang='lat' dir='ltr'>facto</span> <span class='ocrx_word' id='word_1_244' title='bbox 704 1777 757 1806; x_wconf 90' lang='lat' dir='ltr'>set</span> <span class='ocrx_word' id='word_1_245' title='bbox 778 1770 880 1813; x_wconf 81' lang='lat' dir='ltr'>iure3</span> <span class='ocrx_word' id='word_1_246' title='bbox 908 1771 1084 1816; x_wconf 79' lang='lat' dir='ltr'>quoniam</span> <span class='ocrx_word' id='word_1_247' title='bbox 1107 1783 1150 1806; x_wconf 87' lang='lat' dir='ltr'>ex</span> <span class='ocrx_word' id='word_1_248' title='bbox 1176 1783 1250 1817; x_wconf 93' lang='lat' dir='ltr'>quo</span> <span class='ocrx_word' id='word_1_249' title='bbox 1274 1772 1311 1806; x_wconf 95' lang='lat' dir='ltr'>in</span> <span class='ocrx_word' id='word_1_250' title='bbox 1337 1783 1381 1806; x_wconf 90' lang='lat' dir='ltr'>eo</span> <span class='ocrx_word' id='word_1_251' title='bbox 1405 1777 1504 1806; x_wconf 90' lang='lat' dir='ltr'>statu</span> <span class='ocrx_word' id='word_1_252' title='bbox 1527 1782 1598 1816; x_wconf 89' lang='lat' dir='ltr'>quo</span> 
     </span>
     <span class='ocr_line' id='line_1_29' title="bbox 266 1828 1598 1873; baseline 0 -10"><span class='ocrx_word' id='word_1_253' title='bbox 266 1829 364 1863; x_wconf 89' lang='lat' dir='ltr'>solus</span> <span class='ocrx_word' id='word_1_254' title='bbox 381 1829 599 1873; x_wconf 87' lang='lat' dir='ltr'>possederat</span> <span class='ocrx_word' id='word_1_255' title='bbox 619 1828 839 1864; x_wconf 87' lang='lat' dir='ltr'>Paradisum</span> <span class='ocrx_word' id='word_1_256' title='bbox 856 1840 940 1863; x_wconf 90' lang='lat' dir='ltr'>cum</span> <span class='ocrx_word' id='word_1_257' title='bbox 967 1828 1043 1864; x_wconf 88' lang='lat' dir='ltr'>suis</span> <span class='ocrx_word' id='word_1_258' title='bbox 1070 1829 1254 1864; x_wconf 88' lang='lat' dir='ltr'>contentis</span> <span class='ocrx_word' id='word_1_259' title='bbox 1280 1829 1402 1864; x_wconf 92' lang='lat' dir='ltr'>nullus</span> <span class='ocrx_word' id='word_1_260' title='bbox 1429 1829 1521 1864; x_wconf 90' lang='lat' dir='ltr'>alius</span> <span class='ocrx_word' id='word_1_261' title='bbox 1541 1829 1598 1863; x_wconf 88' lang='lat' dir='ltr'>ius</span> 
     </span>
     <span class='ocr_line' id='line_1_30' title="bbox 266 1885 1599 1931; baseline -0.001 -10"><span class='ocrx_word' id='word_1_262' title='bbox 266 1897 311 1921; x_wconf 91' lang='lat' dir='ltr'>ea</span> <span class='ocrx_word' id='word_1_263' title='bbox 328 1885 545 1930; x_wconf 90' lang='lat' dir='ltr'>possidendi</span> <span class='ocrx_word' id='word_1_264' title='bbox 563 1886 736 1928; x_wconf 89' lang='lat' dir='ltr'>habebat,</span> <span class='ocrx_word' id='word_1_265' title='bbox 755 1892 873 1921; x_wconf 87' lang='lat' dir='ltr'>totum</span> <span class='ocrx_word' id='word_1_266' title='bbox 892 1886 948 1921; x_wconf 89' lang='lat' dir='ltr'>ius</span> <span class='ocrx_word' id='word_1_267' title='bbox 972 1886 1186 1931; x_wconf 88' lang='lat' dir='ltr'>possidendi</span> <span class='ocrx_word' id='word_1_268' title='bbox 1213 1899 1257 1922; x_wconf 90' lang='lat' dir='ltr'>ea</span> <span class='ocrx_word' id='word_1_269' title='bbox 1280 1886 1317 1921; x_wconf 91' lang='lat' dir='ltr'>in</span> <span class='ocrx_word' id='word_1_270' title='bbox 1337 1898 1405 1921; x_wconf 90' lang='lat' dir='ltr'>sua</span> <span class='ocrx_word' id='word_1_271' title='bbox 1422 1887 1500 1922; x_wconf 91' lang='lat' dir='ltr'>sola</span> <span class='ocrx_word' id='word_1_272' title='bbox 1518 1898 1599 1931; x_wconf 92' lang='lat' dir='ltr'>per-</span> 
     </span>
     <span class='ocr_line' id='line_1_31' title="bbox 267 1943 1600 1989; baseline 0.001 -11"><span class='ocrx_word' id='word_1_273' title='bbox 267 1954 359 1978; x_wconf 85' lang='lat' dir='ltr'>sona</span> <span class='ocrx_word' id='word_1_274' title='bbox 376 1943 567 1986; x_wconf 87' lang='lat' dir='ltr'>remansit,</span> <span class='ocrx_word' id='word_1_275' title='bbox 585 1950 622 1979; x_wconf 92' lang='lat' dir='ltr'>et</span> <span class='ocrx_word' id='word_1_276' title='bbox 640 1943 692 1978; x_wconf 88' lang='lat' dir='ltr'>ita</span> <span class='ocrx_word' id='word_1_277' title='bbox 710 1943 789 1989; x_wconf 89' lang='lat' dir='ltr'>ipse</span> <span class='ocrx_word' id='word_1_278' title='bbox 814 1943 941 1979; x_wconf 89' lang='lat' dir='ltr'>omnia</span> <span class='ocrx_word' id='word_1_279' title='bbox 967 1943 1027 1979; x_wconf 91' lang='lat' dir='ltr'>illa</span> <span class='ocrx_word' id='word_1_280' title='bbox 1053 1944 1230 1989; x_wconf 87' lang='lat' dir='ltr'>singulari</span> <span class='ocrx_word' id='word_1_281' title='bbox 1256 1956 1321 1980; x_wconf 91' lang='lat' dir='ltr'>seu</span> <span class='ocrx_word' id='word_1_282' title='bbox 1347 1944 1510 1980; x_wconf 90' lang='lat' dir='ltr'>solitario</span> <span class='ocrx_word' id='word_1_283' title='bbox 1535 1951 1600 1979; x_wconf 92' lang='lat' dir='ltr'>aut</span> 
     </span>
    </p>

    <p class='ocr_par' dir='ltr' id='par_1_10' title="bbox 213 2000 704 2046">
     <span class='ocr_line' id='line_1_32' title="bbox 213 2000 704 2046; baseline 0.006 -13"><span class='ocrx_word' id='word_1_284' title='bbox 213 2011 255 2042; x_wconf 83' lang='lat'>30</span> <span class='ocrx_word' id='word_1_285' title='bbox 268 2000 416 2046; x_wconf 88' lang='lat' dir='ltr'>proprio</span> <span class='ocrx_word' id='word_1_286' title='bbox 434 2001 510 2036; x_wconf 91' lang='lat' dir='ltr'>iure</span> <span class='ocrx_word' id='word_1_287' title='bbox 527 2001 704 2046; x_wconf 89' lang='lat' dir='ltr'>possedit.</span> 
     </span>
    </p>

    <p class='ocr_par' dir='ltr' id='par_1_11' title="bbox 267 2058 1781 2278">
     <span class='ocr_line' id='line_1_33' title="bbox 315 2058 1599 2106; baseline 0.002 -14"><span class='ocrx_word' id='word_1_288' title='bbox 315 2060 403 2093; x_wconf 85' lang='lat' dir='ltr'><strong>RIC.</strong></span> <span class='ocrx_word' id='word_1_289' title='bbox 430 2060 561 2094; x_wconf 87' lang='lat' dir='ltr'>Donec</span> <span class='ocrx_word' id='word_1_290' title='bbox 596 2058 633 2093; x_wconf 91' lang='lat' dir='ltr'>in</span> <span class='ocrx_word' id='word_1_291' title='bbox 667 2065 796 2104; x_wconf 90' lang='lat' dir='ltr'>quarto</span> <span class='ocrx_word' id='word_1_292' title='bbox 827 2059 934 2094; x_wconf 92' lang='lat' dir='ltr'>huius</span> <span class='ocrx_word' id='word_1_293' title='bbox 964 2059 1142 2095; x_wconf 89' lang='lat' dir='ltr'>discimus</span> <span class='ocrx_word' id='word_1_294' title='bbox 1171 2060 1218 2095; x_wconf 92' lang='lat' dir='ltr'>de</span> <span class='ocrx_word' id='word_1_295' title='bbox 1248 2060 1473 2106; x_wconf 87' lang='lat' dir='ltr'>proprietate</span> <span class='ocrx_word' id='word_1_296' title='bbox 1503 2066 1599 2095; x_wconf 89' lang='lat' dir='ltr'>trac-</span> 
     </span>
     <span class='ocr_line' id='line_1_34' title="bbox 267 2116 1781 2163; baseline -0.001 -13"><span class='ocrx_word' id='word_1_297' title='bbox 267 2122 398 2159; x_wconf 88' lang='lat' dir='ltr'>temus,</span> <span class='ocrx_word' id='word_1_298' title='bbox 418 2117 581 2157; x_wconf 89' lang='lat' dir='ltr'>attende,</span> <span class='ocrx_word' id='word_1_299' title='bbox 602 2116 694 2151; x_wconf 90' lang='lat' dir='ltr'>sicut</span> <span class='ocrx_word' id='word_1_300' title='bbox 714 2117 881 2161; x_wconf 90' lang='lat' dir='ltr'>superius</span> <span class='ocrx_word' id='word_1_301' title='bbox 906 2118 952 2152; x_wconf 91' lang='lat' dir='ltr'>de</span> <span class='ocrx_word' id='word_1_302' title='bbox 973 2117 1142 2161; x_wconf 82' lang='lat' dir='ltr'>originali</span> <span class='ocrx_word' id='word_1_303' title='bbox 1169 2118 1335 2152; x_wconf 90' lang='lat' dir='ltr'>dominio</span> <span class='ocrx_word' id='word_1_304' title='bbox 1359 2118 1424 2153; x_wconf 92' lang='lat' dir='ltr'>tibi</span> <span class='ocrx_word' id='word_1_305' title='bbox 1449 2130 1598 2163; x_wconf 90' lang='lat' dir='ltr'>respon·</span> <span class='ocrx_word' id='word_1_306' title='bbox 1611 2123 1651 2157; x_wconf 85' lang='lat' dir='ltr'>by</span> <span class='ocrx_word' id='word_1_307' title='bbox 1661 2122 1781 2156; x_wconf 80' lang='lat' dir='ltr'>himself,</span> 
     </span>
     <span class='ocr_line' id='line_1_35' title="bbox 269 2173 1598 2220; baseline 0.002 -13"><span class='ocrx_word' id='word_1_308' title='bbox 269 2173 391 2208; x_wconf 89' lang='lat' dir='ltr'>dimus</span> <span class='ocrx_word' id='word_1_309' title='bbox 417 2174 515 2218; x_wconf 88' lang='lat' dir='ltr'>quod</span> <span class='ocrx_word' id='word_1_310' title='bbox 539 2174 657 2219; x_wconf 89' lang='lat' dir='ltr'>potuit</span> <span class='ocrx_word' id='word_1_311' title='bbox 683 2185 765 2209; x_wconf 91' lang='lat' dir='ltr'>esse</span> <span class='ocrx_word' id='word_1_312' title='bbox 792 2174 977 2219; x_wconf 86' lang='lat' dir='ltr'>singulare</span> <span class='ocrx_word' id='word_1_313' title='bbox 1003 2186 1068 2209; x_wconf 90' lang='lat' dir='ltr'>seu</span> <span class='ocrx_word' id='word_1_314' title='bbox 1094 2175 1141 2210; x_wconf 94' lang='lat' dir='ltr'>de</span> <span class='ocrx_word' id='word_1_315' title='bbox 1167 2175 1265 2210; x_wconf 88' lang='lat' dir='ltr'>facto</span> <span class='ocrx_word' id='word_1_316' title='bbox 1293 2176 1498 2210; x_wconf 89' lang='lat' dir='ltr'>solitarium</span> <span class='ocrx_word' id='word_1_317' title='bbox 1523 2176 1598 2220; x_wconf 89' lang='lat' dir='ltr'>uni,</span> 
     </span>
     <span class='ocr_line' id='line_1_36' title="bbox 267 2231 1599 2278; baseline 0.002 -13"><span class='ocrx_word' id='word_1_318' title='bbox 267 2242 503 2276; x_wconf 88' lang='lat' dir='ltr'>nequaquam</span> <span class='ocrx_word' id='word_1_319' title='bbox 529 2231 718 2276; x_wconf 90' lang='lat' dir='ltr'>proprium</span> <span class='ocrx_word' id='word_1_320' title='bbox 741 2232 778 2266; x_wconf 92' lang='lat' dir='ltr'>in</span> <span class='ocrx_word' id='word_1_321' title='bbox 805 2232 953 2277; x_wconf 91' lang='lat' dir='ltr'>proprio</span> <span class='ocrx_word' id='word_1_322' title='bbox 983 2244 1095 2267; x_wconf 90' lang='lat' dir='ltr'>sensu</span> <span class='ocrx_word' id='word_1_323' title='bbox 1121 2233 1199 2268; x_wconf 90' lang='lat' dir='ltr'>sive</span> <span class='ocrx_word' id='word_1_324' title='bbox 1229 2233 1417 2278; x_wconf 90' lang='lat' dir='ltr'>primario,</span> <span class='ocrx_word' id='word_1_325' title='bbox 1447 2233 1599 2276; x_wconf 89' lang='lat' dir='ltr'>scilicet,</span> 
     </span>
    </p>

    <p class='ocr_par' dir='ltr' id='par_1_12' title="bbox 214 2287 1599 2565">
     <span class='ocr_line' id='line_1_37' title="bbox 214 2287 1598 2335; baseline 0.003 -13"><span class='ocrx_word' id='word_1_326' title='bbox 214 2294 253 2328; x_wconf 78' lang='lat'>35</span> <span class='ocrx_word' id='word_1_327' title='bbox 268 2287 355 2331; x_wconf 90' lang='lat' dir='ltr'>iure,</span> <span class='ocrx_word' id='word_1_328' title='bbox 375 2288 427 2323; x_wconf 88' lang='lat' dir='ltr'>sic</span> <span class='ocrx_word' id='word_1_329' title='bbox 444 2289 591 2334; x_wconf 90' lang='lat' dir='ltr'>proprie</span> <span class='ocrx_word' id='word_1_330' title='bbox 609 2289 707 2334; x_wconf 92' lang='lat' dir='ltr'>quod</span> <span class='ocrx_word' id='word_1_331' title='bbox 723 2301 852 2324; x_wconf 89' lang='lat' dir='ltr'>omnes</span> <span class='ocrx_word' id='word_1_332' title='bbox 870 2290 962 2324; x_wconf 90' lang='lat' dir='ltr'>alios</span> <span class='ocrx_word' id='word_1_333' title='bbox 978 2290 1200 2334; x_wconf 84' lang='lat' dir='ltr'>excluderet,</span> <span class='ocrx_word' id='word_1_334' title='bbox 1215 2290 1268 2325; x_wconf 91' lang='lat' dir='ltr'>sic</span> <span class='ocrx_word' id='word_1_335' title='bbox 1282 2291 1469 2335; x_wconf 91' lang='lat' dir='ltr'>possessio</span> <span class='ocrx_word' id='word_1_336' title='bbox 1486 2293 1598 2326; x_wconf 85' lang='lat' dir='ltr'>Para-</span> 
     </span>
     <span class='ocr_line' id='line_1_38' title="bbox 269 2345 1599 2393; baseline 0.003 -13"><span class='ocrx_word' id='word_1_337' title='bbox 269 2345 340 2380; x_wconf 93' lang='lat' dir='ltr'>disi</span> <span class='ocrx_word' id='word_1_338' title='bbox 367 2357 451 2380; x_wconf 89' lang='lat' dir='ltr'>cum</span> <span class='ocrx_word' id='word_1_339' title='bbox 478 2346 554 2381; x_wconf 87' lang='lat' dir='ltr'>suis</span> <span class='ocrx_word' id='word_1_340' title='bbox 582 2347 774 2390; x_wconf 89' lang='lat' dir='ltr'>contentis,</span> <span class='ocrx_word' id='word_1_341' title='bbox 794 2347 963 2392; x_wconf 90' lang='lat' dir='ltr'>quamvis</span> <span class='ocrx_word' id='word_1_342' title='bbox 989 2348 1245 2392; x_wconf 90' lang='lat' dir='ltr'>prothoplasto</span> <span class='ocrx_word' id='word_1_343' title='bbox 1271 2348 1504 2393; x_wconf 86' lang='lat' dir='ltr'>singulariter</span> <span class='ocrx_word' id='word_1_344' title='bbox 1521 2348 1599 2384; x_wconf 86' lang='lat' dir='ltr'>sive</span> 
     </span>
     <span class='ocr_line' id='line_1_39' title="bbox 269 2403 1598 2451; baseline 0.003 -14"><span class='ocrx_word' id='word_1_345' title='bbox 269 2403 432 2438; x_wconf 88' lang='lat' dir='ltr'>solitarie</span> <span class='ocrx_word' id='word_1_346' title='bbox 451 2405 697 2449; x_wconf 89' lang='lat' dir='ltr'>competebat,</span> <span class='ocrx_word' id='word_1_347' title='bbox 716 2411 842 2439; x_wconf 89' lang='lat' dir='ltr'>tamen</span> <span class='ocrx_word' id='word_1_348' title='bbox 862 2416 945 2440; x_wconf 87' lang='lat' dir='ltr'>esse</span> <span class='ocrx_word' id='word_1_349' title='bbox 969 2416 1035 2439; x_wconf 90' lang='lat' dir='ltr'>sua</span> <span class='ocrx_word' id='word_1_350' title='bbox 1059 2406 1219 2450; x_wconf 89' lang='lat' dir='ltr'>propria,</span> <span class='ocrx_word' id='word_1_351' title='bbox 1245 2406 1394 2450; x_wconf 86' lang='lat' dir='ltr'>scilicet,</span> <span class='ocrx_word' id='word_1_352' title='bbox 1419 2406 1495 2441; x_wconf 91' lang='lat' dir='ltr'>iure</span> <span class='ocrx_word' id='word_1_353' title='bbox 1516 2418 1598 2451; x_wconf 85' lang='lat' dir='ltr'>pro-</span> 
     </span>
     <span class='ocr_line' id='line_1_40' title="bbox 268 2460 1599 2507; baseline 0.004 -13"><span class='ocrx_word' id='word_1_354' title='bbox 268 2460 348 2505; x_wconf 88' lang='lat' dir='ltr'>prio</span> <span class='ocrx_word' id='word_1_355' title='bbox 374 2472 448 2495; x_wconf 89' lang='lat' dir='ltr'>non</span> <span class='ocrx_word' id='word_1_356' title='bbox 474 2461 654 2505; x_wconf 90' lang='lat' dir='ltr'>debebat;</span> <span class='ocrx_word' id='word_1_357' title='bbox 682 2462 867 2507; x_wconf 90' lang='lat' dir='ltr'>quoniam,</span> <span class='ocrx_word' id='word_1_358' title='bbox 893 2462 1012 2497; x_wconf 89' lang='lat' dir='ltr'>eciam</span> <span class='ocrx_word' id='word_1_359' title='bbox 1039 2463 1069 2497; x_wconf 92' lang='lat' dir='ltr'>si</span> <span class='ocrx_word' id='word_1_360' title='bbox 1096 2463 1173 2507; x_wconf 91' lang='lat' dir='ltr'>ipse</span> <span class='ocrx_word' id='word_1_361' title='bbox 1199 2464 1389 2507; x_wconf 87' lang='lat' dir='ltr'>nescisset,</span> <span class='ocrx_word' id='word_1_362' title='bbox 1415 2464 1507 2498; x_wconf 90' lang='lat' dir='ltr'>alius</span> <span class='ocrx_word' id='word_1_363' title='bbox 1535 2475 1599 2499; x_wconf 88' lang='lat' dir='ltr'>sue</span> 
     </span>
     <span class='ocr_line' id='line_1_41' title="bbox 268 2519 1597 2565; baseline 0.003 -13"><span class='ocrx_word' id='word_1_364' title='bbox 268 2524 400 2553; x_wconf 90' lang='lat' dir='ltr'>nature</span> <span class='ocrx_word' id='word_1_365' title='bbox 419 2525 563 2553; x_wconf 90' lang='lat' dir='ltr'>creatus</span> <span class='ocrx_word' id='word_1_366' title='bbox 582 2520 712 2564; x_wconf 93' lang='lat' dir='ltr'>equale</span> <span class='ocrx_word' id='word_1_367' title='bbox 730 2519 766 2553; x_wconf 90' lang='lat' dir='ltr'>in</span> <span class='ocrx_word' id='word_1_368' title='bbox 786 2519 855 2554; x_wconf 90' lang='lat' dir='ltr'>illis</span> <span class='ocrx_word' id='word_1_369' title='bbox 874 2521 982 2555; x_wconf 90' lang='lat' dir='ltr'>rebus</span> <span class='ocrx_word' id='word_1_370' title='bbox 1001 2531 1085 2554; x_wconf 91' lang='lat' dir='ltr'>cum</span> <span class='ocrx_word' id='word_1_371' title='bbox 1103 2532 1147 2555; x_wconf 92' lang='lat' dir='ltr'>eo</span> <span class='ocrx_word' id='word_1_372' title='bbox 1165 2520 1370 2555; x_wconf 91' lang='lat' dir='ltr'>dominium</span> <span class='ocrx_word' id='word_1_373' title='bbox 1394 2521 1597 2565; x_wconf 89' lang='lat' dir='ltr'>habuisset,</span> 
     </span>
    </p>

    <p class='ocr_par' dir='ltr' id='par_1_13' title="bbox 214 2574 1598 2624">
     <span class='ocr_line' id='line_1_42' title="bbox 214 2574 1598 2624; baseline 0.003 -14"><span class='ocrx_word' id='word_1_374' title='bbox 214 2589 257 2620; x_wconf 94' lang='lat'>40</span> <span class='ocrx_word' id='word_1_375' title='bbox 270 2574 364 2610; x_wconf 90' lang='lat' dir='ltr'>sicut</span> <span class='ocrx_word' id='word_1_376' title='bbox 382 2587 533 2610; x_wconf 88' lang='lat' dir='ltr'>uxorem</span> <span class='ocrx_word' id='word_1_377' title='bbox 558 2588 640 2611; x_wconf 91' lang='lat' dir='ltr'>esse</span> <span class='ocrx_word' id='word_1_378' title='bbox 662 2576 699 2611; x_wconf 91' lang='lat' dir='ltr'>in</span> <span class='ocrx_word' id='word_1_379' title='bbox 724 2577 843 2622; x_wconf 88' lang='lat' dir='ltr'>prima</span> <span class='ocrx_word' id='word_1_380' title='bbox 868 2577 1094 2612; x_wconf 90' lang='lat' dir='ltr'>formacione</span> <span class='ocrx_word' id='word_1_381' title='bbox 1120 2577 1235 2623; x_wconf 91' lang='lat' dir='ltr'>ipsius</span> <span class='ocrx_word' id='word_1_382' title='bbox 1261 2578 1394 2622; x_wconf 86' lang='lat' dir='ltr'>uxoris,</span> <span class='ocrx_word' id='word_1_383' title='bbox 1419 2590 1550 2624; x_wconf 91' lang='lat' dir='ltr'>sopore</span> <span class='ocrx_word' id='word_1_384' title='bbox 1575 2590 1598 2614; x_wconf 89' lang='lat' dir='ltr'>a</span> 
     </span>
    </p>

    <p class='ocr_par' dir='ltr' id='par_1_14' title="bbox 273 2632 1598 2681">
     <span class='ocr_line' id='line_1_43' title="bbox 273 2632 1598 2681; baseline 0.004 -15"><span class='ocrx_word' id='word_1_385' title='bbox 273 2633 357 2667; x_wconf 94' lang='lat' dir='ltr'>Deo</span> <span class='ocrx_word' id='word_1_386' title='bbox 376 2632 445 2667; x_wconf 93' lang='lat' dir='ltr'>sibi</span> <span class='ocrx_word' id='word_1_387' title='bbox 464 2633 641 2677; x_wconf 88' lang='lat' dir='ltr'>immisso,</span> <span class='ocrx_word' id='word_1_388' title='bbox 659 2646 741 2669; x_wconf 89' lang='lat' dir='ltr'>esse</span> <span class='ocrx_word' id='word_1_389' title='bbox 759 2634 950 2678; x_wconf 90' lang='lat' dir='ltr'>nescierat,</span> <span class='ocrx_word' id='word_1_390' title='bbox 970 2646 1041 2680; x_wconf 92' lang='lat' dir='ltr'>que</span> <span class='ocrx_word' id='word_1_391' title='bbox 1060 2641 1184 2670; x_wconf 89' lang='lat' dir='ltr'>tamen</span> <span class='ocrx_word' id='word_1_392' title='bbox 1201 2642 1403 2681; x_wconf 90' lang='lat' dir='ltr'>antequam</span> <span class='ocrx_word' id='word_1_393' title='bbox 1428 2648 1598 2681; x_wconf 89' lang='lat' dir='ltr'>soporem</span> 
     </span>
    </p>
   </div>
   <div class='ocr_carea' id='block_1_8' title="bbox 44 2337 237 2422">
    <p class='ocr_par' dir='ltr' id='par_1_15' title="bbox 44 2337 237 2422">
     <span class='ocr_line' id='line_1_44' title="bbox 45 2337 180 2379; baseline -0.007 -10"><span class='ocrx_word' id='word_1_394' title='bbox 45 2337 180 2379; x_wconf 77' lang='lat' dir='ltr'>protho-</span> 
     </span>
     <span class='ocr_line' id='line_1_45' title="bbox 44 2382 237 2422; baseline 0 -10"><span class='ocrx_word' id='word_1_395' title='bbox 44 2382 180 2422; x_wconf 75' lang='lat' dir='ltr'>plausto</span> <span class='ocrx_word' id='word_1_396' title='bbox 197 2389 237 2412; x_wconf 91' lang='lat' dir='ltr'>M.</span> 
     </span>
    </p>
   </div>
   <div class='ocr_carea' id='block_1_9' title="bbox 2 2689 1597 2738">
    <p class='ocr_par' dir='ltr' id='par_1_16' title="bbox 2 2689 1597 2738">
     <span class='ocr_line' id='line_1_46' title="bbox 2 2689 1597 2738; baseline 0.004 -16"><span class='ocrx_word' id='word_1_397' title='bbox 2 2690 5 2710; x_wconf 60' lang='lat'>¹¹</span> <span class='ocrx_word' id='word_1_398' title='bbox 54 2689 143 2720; x_wconf 84' lang='lat' dir='ltr'>Ante</span> <span class='ocrx_word' id='word_1_399' title='bbox 152 2694 223 2730; x_wconf 77' lang='lat' dir='ltr'>par</span> <span class='ocrx_word' id='word_1_400' title='bbox 237 2697 257 2720; x_wconf 85' lang='lat' dir='ltr'>B</span> <span class='ocrx_word' id='word_1_401' title='bbox 273 2689 476 2734; x_wconf 85' lang='lat' dir='ltr'>digesserat</span> <span class='ocrx_word' id='word_1_402' title='bbox 489 2702 556 2735; x_wconf 89' lang='lat' dir='ltr'>par</span> <span class='ocrx_word' id='word_1_403' title='bbox 570 2702 653 2725; x_wconf 93' lang='lat' dir='ltr'>cum</span> <span class='ocrx_word' id='word_1_404' title='bbox 666 2703 710 2727; x_wconf 95' lang='lat' dir='ltr'>eo</span> <span class='ocrx_word' id='word_1_405' title='bbox 722 2703 844 2726; x_wconf 91' lang='lat' dir='ltr'>rerum</span> <span class='ocrx_word' id='word_1_406' title='bbox 858 2692 1003 2726; x_wconf 87' lang='lat' dir='ltr'>illarum</span> <span class='ocrx_word' id='word_1_407' title='bbox 1017 2692 1094 2728; x_wconf 86' lang='lat' dir='ltr'>iure</span> <span class='ocrx_word' id='word_1_408' title='bbox 1107 2693 1309 2728; x_wconf 90' lang='lat' dir='ltr'>dominium</span> <span class='ocrx_word' id='word_1_409' title='bbox 1324 2694 1533 2738; x_wconf 92' lang='lat' dir='ltr'>optinebat:</span> <span class='ocrx_word' id='word_1_410' title='bbox 1561 2700 1597 2729; x_wconf 86' lang='lat' dir='ltr'>et</span> 
     </span>
    </p>
   </div>
   <div class='ocr_carea' id='block_1_10' title="bbox 0 2733 222 2765">
    <p class='ocr_par' dir='ltr' id='par_1_17' title="bbox 0 2733 222 2765">
     <span class='ocr_line' id='line_1_47' title="bbox 0 2733 222 2765; baseline 0.018 -4"><span class='ocrx_word' id='word_1_411' title='bbox 0 2733 6 2761; x_wconf 67' lang='lat' dir='ltr'>i</span> <span class='ocrx_word' id='word_1_412' title='bbox 54 2737 89 2763; x_wconf 83' lang='lat' dir='ltr'>at</span> <span class='ocrx_word' id='word_1_413' title='bbox 104 2734 222 2765; x_wconf 86' lang='lat' dir='ltr'>insen&#39;t.</span> 
     </span>
    </p>
   </div>
   <div class='ocr_carea' id='block_1_11' title="bbox 0 2803 9 3194">
    <p class='ocr_par' dir='ltr' id='par_1_18' title="bbox 0 2803 9 3194">
     <span class='ocr_line' id='line_1_48' title="bbox 0 2803 9 3194; textangle 90"><span class='ocrx_word' id='word_1_414' title='bbox 2 3188 9 3194; x_wconf 61' lang='lat' dir='ltr'>t</span> <span class='ocrx_word' id='word_1_415' title='bbox 2 3147 9 3179; x_wconf 65' lang='lat' dir='ltr'>..c</span> <span class='ocrx_word' id='word_1_416' title='bbox 6 3125 8 3135; x_wconf 27' lang='grc' dir='ltr'>ἢ</span> <span class='ocrx_word' id='word_1_417' title='bbox 0 3073 8 3115; x_wconf 39' lang='grc' dir='ltr'>ηιμ</span> <span class='ocrx_word' id='word_1_418' title='bbox 1 2947 8 3060; x_wconf 31' lang='lat' dir='ltr'>:vm-„vnn</span> <span class='ocrx_word' id='word_1_419' title='bbox 2 2895 8 2941; x_wconf 38' lang='lat' dir='ltr'>,xv</span> <span class='ocrx_word' id='word_1_420' title='bbox 5 2861 7 2886; x_wconf 43' lang='grc' dir='ltr'>Α.</span> <span class='ocrx_word' id='word_1_421' title='bbox 0 2803 7 2849; x_wconf 34' lang='lat'>⁴21..</span> 
     </span>
    </p>
   </div>
   <div class='ocr_carea' id='block_1_12' title="bbox 6 3200 9 3273">
    <p class='ocr_par' dir='ltr' id='par_1_19' title="bbox 6 3200 9 3273">
     <span class='ocr_line' id='line_1_49' title="bbox 6 3200 9 3273; baseline 0 5"><span class='ocrx_word' id='word_1_422' title='bbox 6 3200 9 3273; x_wconf 95' lang='lat' dir='ltr'> </span> 
     </span>
    </p>
   </div>
   <div class='ocr_carea' id='block_1_13' title="bbox 273 2748 1598 2854">
    <p class='ocr_par' dir='ltr' id='par_1_20' title="bbox 273 2748 1598 2854">
     <span class='ocr_line' id='line_1_50' title="bbox 273 2748 1597 2796; baseline 0.003 -14"><span class='ocrx_word' id='word_1_423' title='bbox 273 2748 320 2782; x_wconf 95' lang='lat' dir='ltr'>ob</span> <span class='ocrx_word' id='word_1_424' title='bbox 337 2748 409 2782; x_wconf 90' lang='lat' dir='ltr'>hoc</span> <span class='ocrx_word' id='word_1_425' title='bbox 427 2759 496 2782; x_wconf 89' lang='lat' dir='ltr'>nec</span> <span class='ocrx_word' id='word_1_426' title='bbox 514 2754 601 2782; x_wconf 89' lang='lat' dir='ltr'>tunc</span> <span class='ocrx_word' id='word_1_427' title='bbox 619 2759 688 2783; x_wconf 90' lang='lat' dir='ltr'>nec</span> <span class='ocrx_word' id='word_1_428' title='bbox 705 2755 789 2784; x_wconf 89' lang='lat' dir='ltr'>ante</span> <span class='ocrx_word' id='word_1_429' title='bbox 808 2749 996 2794; x_wconf 89' lang='lat' dir='ltr'>proprium</span> <span class='ocrx_word' id='word_1_430' title='bbox 1015 2750 1219 2785; x_wconf 84' lang='lat' dir='ltr'>dominium</span> <span class='ocrx_word' id='word_1_431' title='bbox 1237 2757 1299 2786; x_wconf 91' lang='lat' dir='ltr'>aut</span> <span class='ocrx_word' id='word_1_432' title='bbox 1318 2751 1394 2786; x_wconf 91' lang='lat' dir='ltr'>iure</span> <span class='ocrx_word' id='word_1_433' title='bbox 1412 2751 1597 2796; x_wconf 89' lang='lat' dir='ltr'>propriam</span> 
     </span>
     <span class='ocr_line' id='line_1_51' title="bbox 275 2804 1598 2854; baseline 0.004 -15"><span class='ocrx_word' id='word_1_434' title='bbox 275 2804 547 2849; x_wconf 88' lang='lat' dir='ltr'>possessionem</span> <span class='ocrx_word' id='word_1_435' title='bbox 566 2806 728 2842; x_wconf 86' lang='lat' dir='ltr'>habebat</span> <span class='ocrx_word' id='word_1_436' title='bbox 744 2819 753 2848; x_wconf 91' lang='lat'>;</span> <span class='ocrx_word' id='word_1_437' title='bbox 780 2807 848 2841; x_wconf 88' lang='lat' dir='ltr'>nisi</span> <span class='ocrx_word' id='word_1_438' title='bbox 866 2808 956 2842; x_wconf 86' lang='lat' dir='ltr'>forte</span> <span class='ocrx_word' id='word_1_439' title='bbox 974 2807 1083 2842; x_wconf 86' lang='lat' dir='ltr'>aliam</span> <span class='ocrx_word' id='word_1_440' title='bbox 1108 2819 1257 2843; x_wconf 89' lang='lat' dir='ltr'>causam</span> <span class='ocrx_word' id='word_1_441' title='bbox 1283 2809 1425 2854; x_wconf 87' lang='lat' dir='ltr'>proprie</span> <span class='ocrx_word' id='word_1_442' title='bbox 1450 2821 1598 2854; x_wconf 92' lang='lat' dir='ltr'>posses-</span> 
     </span>
    </p>
   </div>
  </div>
 </body>
</html>
