2008 3305
178 702 248 744 1A]
391 703 588 744 LIBER
631 703 913 746 RJCARDJ
948 701 1474 745 ARCHJEPJSCOPJ

46 760 198 792 Titulum

45 804 169 836 addidi.
459 796 648 836 ARMA
661 795 872 837 CHANJ
906 794 1000 834 DE
1042 795 1125 835 ΡΑ
1141 794 1392 835 UPERJE

709 884 830 926 SAL
850 885 925 927 VA
938 884 1144 926 TORJS.

309 1027 588 1062 SANCTISSIMO
623 1026 658 1061 in
694 1026 844 1061 Christo
878 1024 973 1070 patri
1008 1037 1052 1060 ac
1085 1025 1250 1068 domino,
1284 1024 1435 1059 domino
1468 1031 1593 1059 nostro
1608 1030 1775 1058 Dedication
1791 1037 1819 1058 to

229 1099 247 1130 5
264 1084 486 1118 Innocencio
510 1083 635 1118 divina
660 1082 900 1128 providencia
924 1090 1159 1117 sacrosancte
1186 1084 1356 1117 Romane
1382 1093 1426 1116 ac
1451 1083 1593 1117 univer·
1609 1065 1810 1092 InnocentVI.

262 1142 349 1176 salis
376 1141 533 1176 ecclesie
559 1153 705 1177 summo
728 1141 907 1186 pontifici,
931 1152 998 1175 sue
1022 1140 1228 1175 sanctitatis
1252 1140 1400 1175 humilis
1426 1147 1593 1175 creatura

261 1199 443 1234 Ricardus
462 1199 758 1244 archiepiscopus
776 1199 1071 1242 Ardmachanus,
1087 1198 1226 1243 primas
1246 1197 1439 1239 Hibernie,
1454 1198 1591 1242 pedum

260 1257 386 1291 oscula
411 1258 613 1291 beatorum.
677 1257 831 1291 Dudum
860 1256 977 1290 felicis
1006 1255 1278 1290 recordacionis
1306 1255 1477 1290 dominus
1510 1257 1590 1290 Cle-
1605 1261 1723 1294 Having
1735 1262 1806 1289 been

259 1326 364 1349 mens
398 1326 497 1359 papa
530 1320 665 1356 sextus,
696 1314 751 1348 sui
786 1313 978 1358 regiminis
1012 1324 1111 1348 anno
1145 1320 1288 1356 octavo,
1318 1313 1589 1348 venerabilibus
1604 1296 1785 1355 {iffiteendtlssffi

208 1389 247 1412 10
260 1372 405 1406 duobus
433 1372 470 1406 in
500 1371 688 1416 theologia
718 1371 838 1406 doctis
868 1370 1081 1405 doctoribus
1109 1382 1152 1405 ac
1179 1371 1291 1405 michi
1317 1370 1449 1415 pusillo
1476 1382 1589 1415 nego·
1603 1364 1872 1428 ffiggi‘rffifftffiwo

259 1429 358 1464 cium
375 1429 565 1474 quoddam
583 1429 678 1464 inter
695 1429 789 1463 duos
808 1428 1002 1473 precipuos
1023 1429 1322 1463 mendicancium
1340 1428 1487 1463 ordines
1506 1440 1589 1463 cum
1603 1429 1838 1495 ξὲξιξῖυἱέςῖὲοοῃῗ-

258 1487 360 1522 omni
387 1487 555 1532 possibili
585 1486 782 1531 diligencia
815 1486 923 1521 annis
955 1486 1121 1531 plurimis
1156 1488 1370 1530 laceratum,
1400 1498 1522 1521 rerum
1552 1499 1588 1521 1n
1603 1496 1724 1522 debated
1737 1506 1840 1534 among

258 1546 464 1580 fomentum
489 1545 723 1580 mortalitatis
749 1546 910 1580 humane
936 1557 958 1580 a
984 1545 1260 1590 sapientissimo
1285 1557 1351 1580 suo
1377 1557 1421 1580 ac
1445 1557 1590 1580 summo
1603 1530 1848 1596 ᾏῗὲεῗξῗέζξῖῗῑξὲ

41 1625 205 1652 creatura-
257 1604 358 1638 bono
386 1603 538 1638 Artifice
569 1610 774 1638 creatarum
807 1603 1074 1648 proprietatem
1102 1603 1330 1648 contingens,
1361 1603 1438 1638 sive
1473 1603 1588 1638 domi·
1602 1598 1862 1662 ξῇξξέζξὲεξέεζξζῇ·

40 1674 116 1693 rum
132 1672 159 1696 Β,
205 1673 242 1704 15
258 1661 372 1704 nium,
391 1661 679 1706 possessionem,
698 1667 810 1706 atque
832 1660 887 1696 ius
906 1661 996 1705 ipsis
1019 1662 1127 1696 rebus
1146 1661 1285 1704 utendi,
1305 1673 1417 1706 quam
1437 1673 1500 1696 seu
1519 1673 1588 1706 que
1602 1664 1657 1689 and
1668 1650 1718 1690 'the
1729 1664 1805 1697 right
1817 1652 1859 1690 of’

257 1719 294 1752 in
313 1718 402 1763 ipsis
422 1719 529 1753 rebus
549 1718 707 1753 obtinuit
723 1719 894 1753 Salvator
906 1725 1032 1753 noster
1048 1725 1085 1754 et
1102 1719 1287 1754 Dominus
1304 1721 1405 1753 Iesus
1421 1719 1588 1754 Christus
1600 1705 1660 1728 use,

255 1782 292 1811 et
311 1775 480 1810 obtinent
497 1776 628 1811 fratres
648 1775 811 1810 minores
834 1782 870 1810 et
892 1777 982 1810 ordo
1004 1775 1179 1820 ipsorum,
1198 1776 1363 1811 eiusdem
1386 1777 1588 1811 Salvatoris

255 1833 373 1868 nostri
402 1833 617 1878 pauperiem
644 1834 697 1877 (ut
726 1833 928 1878 preferunt)
956 1834 1156 1877 imitantes,
1182 1846 1327 1869 necnon
1358 1835 1587 1869 concordan-

256 1891 354 1926 ciam
372 1898 407 1926 et
425 1891 720 1937 discrepanciam
745 1892 985 1926 decretalium
1008 1892 1170 1927 felicium
1193 1893 1498 1927 recordacionum
1523 1893 1587 1928 do-

203 1963 244 1985 20
256 1949 441 1984 minorum
460 1951 495 1984 N
501 1950 635 1984 icholai
655 1951 712 1984 III
733 1956 768 1984 et
789 1950 964 1985 Iohannis
984 1951 1097 1984 XXII
1124 1962 1353 1985 summorum
1371 1951 1587 1995 pontificum

256 2018 367 2052 super
391 2008 524 2043 eadem
553 2007 708 2043 materia
733 2007 919 2042 editorum
951 2008 1189 2051 discuciendi,
1218 2008 1413 2043 commisit.
1469 2010 1587 2054 Super
1599 2009 1655 2035 and
1665 2009 1715 2048 ,the
1729 2009 1786 2049 dis:

38 2061 127 2092 nobis
144 2070 175 2093 B·
255 2075 329 2110 quo
346 2065 513 2109 negocio,
533 2076 618 2100 cum
641 2077 707 2110 per
724 2072 847 2109 partes
872 2065 971 2110 ipsas
995 2077 1119 2100 coram
1139 2066 1243 2100 vobis
1263 2067 1393 2102 fuisset
1412 2078 1478 2112 per
1495 2074 1585 2102 tem-
1599 2044 1828 2115 ῗευῗξέηηέἷᾝῖς

253 2134 323 2167 pus
341 2123 567 2167 protraccius
586 2130 695 2168 atque
713 2123 881 2157 diffusius
905 2123 1144 2168 disputatum,
1163 2125 1360 2160 attendens
1380 2126 1478 2170 quod
1499 2137 1583 2160 acu·
1599 2110 1715 2143 ⁰¹³⁵¹⁰¹¹¹

254 2180 320 2215 leis
346 2180 513 2225 veprium
539 2181 666 2225 pocius
693 2192 804 2226 quam
831 2181 956 2216 cultris
986 2193 1050 2216 seu
1076 2182 1285 2217 vomeribus
1311 2183 1485 2218 corticem
1512 2183 1585 2218 dis-

36 2249 66 2275 et
77 2245 146 2276 rad.
166 2254 195 2277 B.
255 2239 431 2273 secabant
450 2250 472 2273 a
490 2238 677 2273 radicibus
696 2239 869 2282 elongati,
884 2241 958 2274 zelo
977 2239 1196 2275 elucidande
1211 2240 1375 2276 veritatis
1393 2252 1582 2283 accensus,
1596 2245 1617 2271 it
1631 2246 1742 2272 seemed
1756 2247 1817 2272 well
1836 2251 1865 2272 to

253 2296 485 2340 quorundam
512 2296 663 2341 insuper
685 2296 918 2331 dominorum
944 2309 1110 2332 meorum
1141 2298 1385 2333 cardinalium
1411 2281 1856 2345 benepla-ssetssnssffitffifflt'

252 2353 335 2389 citis
353 2354 542 2397 excitatus,
561 2354 676 2399 ipsius
695 2355 850 2389 materie
868 2366 1066 2399 aggressus
1085 2367 1167 2390 sum
1187 2356 1407 2401 investigare
1426 2357 1581 2400 radices,
1597 2347 1761 2405 ξτῗᾶζῗξῑξοοῑ
1775 2347 1864 2372 ⁰f‘he

36 2413 115 2445 Rev.
124 2413 238 2446 xxii.6.
254 2411 290 2446 in
313 2412 488 2447 Davitica
513 2412 636 2448 radice
661 2413 834 2455 confisus,
852 2414 962 2447 stella
978 2414 1172 2458 splendida
1190 2416 1392 2449 matutina.
1442 2416 1580 2450 Verum
1595 2425 1687 2450 which
1700 2425 1807 2457 design,

253 2470 339 2515 quia
361 2482 453 2515 opus
478 2471 677 2515 inceptum,
696 2478 846 2515 propter
866 2483 990 2505 meum
1011 2483 1197 2506 recessum
1221 2484 1244 2506 a
1267 2472 1377 2515 curia,
1398 2472 1580 2508 deducere
1594 2458 1784 2524 ξὲζέξέὲὲοζξ
1797 2492 1844 2516 the

200 2543 240 2573 30
252 2539 324 2562 non
351 2534 517 2572 poteram
547 2529 595 2563 ad
623 2529 837 2573 perfectum,
864 2528 956 2563 inter
981 2529 1112 2564 fluctus
1142 2530 1339 2574 pastoralis
1365 2530 1475 2564 officii
1502 2531 1580 2565 sine
1594 2525 1799 2585 &rigereggeofmy

253 2585 526 2620 intermissione
555 2586 592 2619 in
626 2586 793 2630 partibus
830 2586 1010 2621 Hibernie
1045 2587 1276 2630 inundantes,
1307 2599 1391 2622 cum
1425 2588 1580 2624 fuissent
1708 2578 1714 2591 ⁹

35 2642 222 2684 mitzgracz'us
253 2643 439 2687 paululum
461 2643 619 2687 mitigati
639 2643 830 2678 intervalla
848 2651 1055 2688 temporum
1074 2644 1178 2689 quasi
1196 2645 1329 2680 furtive
1352 2645 1467 2689 (novit
1488 2647 1579 2681 Om-

34 2692 65 2716 B·
252 2700 439 2745 nipotens)
472 2700 585 2735 michi
615 2701 794 2745 surripui;
833 2703 1258 2737 etconsummacionem
1288 2703 1390 2747 operi
1421 2703 1693 2747 incoato‚1have
1706 2716 1735 2737 at
1749 2712 1847 2743 length

252 2764 290 2791 ut
317 2758 419 2802 potui
447 2758 500 2792 sic
526 2758 735 2801 distractus,
752 2771 984 2804 nequaquam
1012 2766 1050 2794 ut
1076 2761 1263 2795 volueram
1288 2767 1350 2795 aut
1383 2762 1577 2805 debebam,
1592 2746 1749 2805 {ssgsslglfeffid
1763 2746 1860 2805 tgvfg?

1727 2788 1770 2812 yp
1854 2799 1860 2810 ‚

198 2828 236 2858 35
252 2815 409 2860 imposui
428 2828 434 2851 z
464 2822 518 2851 set
537 2816 627 2851 citra
643 2816 867 2852 desiderium
886 2829 1007 2852 meum
1029 2819 1116 2853 satis
1135 2819 1242 2863 longe
1260 2826 1296 2854 et
1314 2831 1386 2853 uno
1401 2821 1579 2864 opusculo

866 2885 895 2915 T
