2008 3305
142 182 225 237 306

138 424 170 441 or
182 419 210 440 at
221 415 291 442 least
305 416 338 442 of

140 449 212 475 their
225 449 360 476 material.

298 2777 404 2814 XIX.

802 193 1006 225 RICARDI
1039 193 1341 225 ARMACHANI
1807 182 1906 235 [Lm.
1930 194 1961 222 1.

415 295 546 330 saltem
586 296 666 330 eius
704 298 860 331 materie
872 310 885 332 ,·
920 308 1044 332 annon
1077 296 1142 331 fuit
1178 297 1238 331 illa
1271 294 1533 341 multiplicacio
1566 294 1745 330 veraciter
1761 297 1830 339 [80

416 364 504 387 usus
523 359 624 388 coste
640 355 652 388 ?

463 412 551 446 RIC.
580 411 674 446 Mihi
693 411 836 447 videtur
861 412 959 457 quod
986 412 1021 446 in
1047 413 1118 447 hoc
1143 418 1228 446 actu
1254 410 1504 446 edificacionis
1533 417 1636 446 coste
1665 411 1748 445 Ade

415 468 451 502 in
467 470 588 503 Evam
597 469 662 503 fuit
673 469 993 515 multiplicacionis
1005 476 1121 513 actuS,
1135 476 1170 504 et
1183 475 1288 504 actus
1302 468 1551 504 conversionis
1566 468 1750 512 similiter;

417 526 593 571 quoniam
627 528 782 562 materia
816 533 928 570 coste,
963 539 1033 572 que
1071 527 1227 562 materia
1267 526 1304 561 in
1341 528 1423 561 Eva
1455 526 1634 561 remansit
1668 526 1780 574 sine5

417 584 629 619 adieccione
654 584 807 620 materie
833 585 1034 629 corporalis
1059 584 1272 628 extrinsece,
1291 595 1366 618 non
1392 584 1509 628 potuit
1536 585 1617 618 Eve
1647 583 1747 618 suffi-

418 652 500 676 cere
520 641 590 676 nisi
616 641 858 686 multiplicata
882 640 1021 685 fuisset,
1047 648 1083 677 et
1108 641 1227 676 forma
1253 647 1366 685 coste,
1384 652 1458 676 non
1486 641 1649 684 dubium,
1672 652 1749 675 non

417 698 593 734 remansit
611 699 683 733 nisi
701 700 904 734 secundum
921 706 1076 745 partem,
1097 699 1247 743 scilicet,
1266 699 1303 733 in
1328 706 1432 744 parte
1451 710 1559 734 ossea
1575 698 1749 733 mulieris.

420 759 532 793 Unde
557 757 676 792 maior
701 770 786 803 pars
813 764 915 793 coste
940 757 1008 793 suit
1035 769 1214 793 conversa
1236 757 1272 792 in
1295 763 1418 802 partes
1442 757 1534 792 alias
1560 756 1748 792 mulieris:

418 823 454 851 et
473 816 520 850 ob
541 816 613 850 hoc
635 815 754 851 adieci
779 820 848 850 aut
866 815 997 850 saltem
1023 817 1103 850 eius
1125 817 1289 850 materie.
1342 816 1455 851 Unde
1472 826 1557 860 pars
1576 815 1638 849 illa
1655 813 1749 849 ossis
1766 830 1805 851 10

417 872 658 918 multiplicata
683 873 722 908 in
748 873 860 908 aliam
885 880 1055 908 naturam
1080 880 1164 919 post
1190 873 1539 918 multiplicacionem
1564 884 1640 907 non
1669 872 1749 916 fuit,

419 937 474 965 set
501 930 610 966 desiit
636 942 718 966 esse
744 931 905 974 omnino,
924 931 1010 976 quia
1027 931 1092 966 fuit
1118 943 1308 966 conversa.
1361 931 1494 976 Quoad
1517 937 1640 965 actum
1658 941 1748 965 con-
1761 931 1927 973 quiafuz't

417 988 609 1032 versionis,
637 988 795 1024 diximus
821 988 859 1023 in
885 989 1051 1034 proximo
1077 989 1237 1034 capitulo
1265 989 1352 1034 quid
1383 988 1586 1023 sentimus:
1627 988 1748 1033 quoad
1762 986 1827 1006 om.
1844 983 1875 1005 Β·

418 1045 769 1091 multiplicacionem
793 1047 909 1092 partis
936 1053 1036 1082 coste
1054 1047 1137 1081 Ade
1163 1046 1200 1081 in
1223 1046 1347 1081 omnia
1365 1057 1450 1081 ossa
1467 1047 1548 1081 Eve
1565 1057 1609 1080 ac
1626 1046 1748 1091 quoad
1761 1061 1870 1092 supra,
1888 1062 1946 1092 pp.

418 1103 770 1149 multiplicacionem
796 1104 964 1149 parcium
992 1104 1239 1139 materialium
1265 1110 1379 1148 coste,
1406 1104 1453 1139 de
1480 1104 1612 1149 quibus
1639 1104 1749 1138 fiebat
1764 1104 1825 1134 303
1843 1105 1909 1135 seq.

418 1168 538 1196 totum
573 1162 736 1207 corporis
778 1163 859 1197 Eve
891 1162 1081 1197 residuum
1114 1168 1236 1207 preter
1268 1173 1365 1206 ossa,
1400 1161 1452 1197 ita
1482 1160 1573 1196 mihi
1606 1161 1812 1196 videturz'ta
1829 1172 1895 1194 om.
1913 1169 1953 1192 M.

419 1219 620 1254 dicendum
647 1225 685 1254 ut
712 1231 810 1254 nunc
839 1220 885 1254 de
913 1231 1052 1264 panum
1081 1219 1392 1264 multiplicacione
1419 1219 1657 1264 prediximus,
1681 1218 1750 1253 sci-

418 1278 513 1321 licet,
533 1278 631 1323 quod
657 1277 783 1313 omnia
807 1278 869 1313 illa
893 1289 959 1323 per
983 1278 1148 1312 divinam
1168 1278 1381 1323 potenciam
1400 1277 1613 1313 immediate
1630 1278 1820 1329 multi-pes
1830 1279 1930 1328 J'llam

418 1335 556 1380 plicata
584 1335 742 1380 fuerunt,
772 1336 872 1370 nullo
898 1335 1077 1381 corporali
1104 1335 1309 1371 extrinseco
1335 1336 1388 1370 eis
1415 1335 1561 1371 adiecto
1588 1334 1646 1380 (ex
1679 1347 1750 1380 quo
1761 1323 1914 1354 dwmam
1929 1329 1968 1353 M.

420 1393 611 1438 Scriptura
640 1394 800 1428 affirmat
823 1394 923 1438 quod
948 1395 1053 1428 Deus
1085 1398 1222 1428 costam
1255 1394 1445 1439 edgficavit
1472 1395 1513 1428 in
1545 1394 1752 1438 mulierem,
1768 1402 1808 1424 20

421 1452 504 1486 Gen
526 1451 561 1487 ii.
592 1450 664 1496 22),
681 1457 717 1486 et
736 1451 836 1496 quod
854 1451 916 1486 illa
941 1451 1203 1497 multiplicacio
1220 1451 1287 1487 fuit
1304 1463 1392 1487 usus
1411 1451 1555 1487 illorum
1573 1457 1609 1487 et
1627 1451 1754 1495 iustus,

420 1509 506 1554 quia
523 1521 546 1543 a
564 1509 728 1544 dominio
746 1509 889 1544 illorum
906 1508 1032 1544 divino
1048 1510 1266 1555 procedens.
1761 1510 1843 1553 quia
1859 1521 1923 1543 om.
1937 1518 1969 1542 Β.

469 1568 560 1601 ΙΟΗ.
589 1566 771 1611 Intelligo,
799 1573 837 1602 ut
863 1567 955 1602 mihi
980 1567 1135 1611 videtur,
1162 1567 1311 1612 quando
1336 1579 1381 1602 ac
1406 1578 1478 1613 quo
1504 1566 1616 1603 modo
1645 1573 1750 1602 actus
1762 1565 1903 1615 div-ino:

419 1624 741 1669 multiplicacionis
767 1636 888 1660 rerum
913 1631 968 1660 est
992 1631 1097 1660 actus
1122 1624 1237 1660 divini
1263 1625 1443 1668 dominii3
1466 1625 1585 1661 eciam
1603 1626 1650 1660 de
1669 1625 1751 1660 aliis
1761 1608 1842 1641 “⁷⁷²²‘’
1857 1609 1954 1641 codd.

419 1682 564 1717 actibus
591 1694 702 1727 supra
721 1682 830 1717 tactis
857 1682 895 1717 id
921 1683 1021 1718 idem
1047 1683 1212 1718 adverto.
1262 1684 1312 1718 Et
1338 1683 1598 1718 nichilominus
1624 1683 1752 1718 videor
1766 1694 1805 1726 25

419 1740 510 1774 mihi
536 1740 662 1775 videre
686 1740 880 1785 perspicue
905 1741 1003 1785 quod
1028 1752 1097 1776 nec
1123 1741 1206 1776 Deo
1231 1751 1298 1785 per
1325 1741 1404 1776 eius
1438 1740 1643 1775 dominium
1681 1752 1751 1776 nec

420 1797 494 1833 Dei
520 1797 685 1832 dominio
710 1797 888 1843 competit
913 1797 1094 1843 dissipare
1119 1804 1182 1833 aut
1206 1798 1360 1843 perdere
1386 1798 1457 1833 nisi
1480 1799 1529 1833 ad
1554 1798 1751 1834 utilitatem

419 1862 484 1890 aut
516 1856 689 1890 decorem
724 1856 779 1890 sui
812 1855 1021 1900 regiminis;
1058 1856 1150 1891 sicut
1178 1855 1216 1890 in
1253 1857 1461 1901 exemplum
1494 1855 1750 1891 inobediencie
1765 1858 1848 1890 Gen.
1862 1858 1927 1890 xix.

420 1924 571 1948 uxorem
591 1914 686 1948 Loth
705 1914 885 1949 convertit
911 1914 948 1948 in
976 1920 1137 1949 statuam
1161 1914 1259 1958 salis,
1279 1920 1315 1949 et
1338 1914 1431 1949 sicut
1449 1914 1610 1959 perdidit
1628 1926 1752 1949 omnes
1765 1901 1815 1932 ²6·

419 1972 489 2016 qui
511 1974 718 2016 operantur
740 1973 979 2016 iniquitatem
1004 1978 1041 2007 et
1067 1983 1197 2006 omnes
1223 1971 1283 2017 qui
1308 1971 1535 2007 fornicantur
1560 1973 1609 2007 ab
1633 1983 1689 2015 eo,
1715 1979 1751 2007 et
1762 1974 1814 2005 Ps.
1833 1973 1895 2005 xci.
1911 1982 1959 2003 10.

420 2030 582 2073 dz'sszpat
597 2030 753 2064 consilia
764 2031 940 2075 gencium
955 2042 969 2064 .·
994 2041 1064 2075 que
1089 2029 1213 2064 omnia
1238 2029 1286 2063 ad
1312 2029 1507 2065 utilitatem
1525 2036 1561 2065 et
1579 2030 1749 2065 decorem
1763 2034 1815 2065 Ps.
1831 2034 1930 2066 xxxii.

418 2086 604 2132 pertinent
629 2087 800 2131 universi,
825 2099 959 2132 magne
986 2086 1152 2132 (scilicet)
1172 2087 1305 2122 domus
1333 2088 1430 2131 Dei;
1454 2094 1492 2123 et
1515 2088 1562 2123 ob
1588 2088 1659 2123 hoc
1686 2100 1752 2133 per
1766 2086 1815 2108 10·

420 2156 460 2179 se
485 2155 508 2179 a
533 2145 698 2180 dominio
723 2145 883 2180 universi
910 2146 1113 2190 procedunt
1130 2150 1235 2180 actus
1253 2145 1478 2181 huiusmodi.
1528 2147 1611 2180 Nec
1628 2145 1750 2181 minus

420 2202 574 2237 attendo
600 2203 699 2248 quod
725 2215 810 2238 cum
836 2203 978 2238 domini
1003 2203 1202 2238 transitorii
1226 2204 1383 2248 perdunt
1407 2215 1471 2238 seu
1492 2203 1673 2249 dissipant
1691 2215 1750 2239 res

421 2260 491 2295 sibi
510 2261 707 2304 subiectas,
725 2261 755 2296 si
775 2261 949 2296 inutiliter
969 2261 986 2281 ’¹‘
1008 2262 1045 2296 id
1066 2268 1206 2306 agatur,
1225 2272 1300 2296 non
1321 2268 1377 2297 est
1393 2267 1499 2296 actus
1517 2261 1576 2297 ille
1595 2261 1749 2296 dominii
1763 2268 1796 2296 D

420 2318 492 2353 nisi
513 2330 580 2364 per
602 2319 776 2354 accidens
804 2318 858 2364 (ut
885 2318 1024 2364 dixisti)
1043 2331 1050 2354 :
1080 2319 1132 2354 sic
1150 2319 1268 2354 eciam
1287 2331 1371 2354 cum
1388 2319 1577 2364 negligunt
1596 2318 1694 2365 (curn
1713 2319 1750 2354 in

420 2376 493 2411 hoc
521 2388 597 2412 non
623 2383 739 2422 agunt
766 2383 822 2412 set
851 2389 964 2422 agare
993 2384 1082 2412 tunc
1116 2376 1317 2422 omittunt),
1347 2389 1422 2412 non
1451 2376 1592 2412 faciunt
1626 2384 1747 2413 actum
1760 2385 1863 2423 agant
1878 2389 1908 2412 B.

420 2434 585 2478 dominii,
619 2446 688 2470 nec
720 2435 908 2480 negleccio
937 2447 959 2470 a
988 2435 1153 2470 dominio
1179 2435 1341 2480 ipsorum
1373 2434 1550 2480 procedit,
1580 2435 1650 2471 nisi
1683 2447 1750 2481 per

420 2492 618 2527 accidens:
646 2493 764 2537 qualis
788 2493 1031 2537 negligencia,
1055 2493 1140 2538 quia
1167 2493 1202 2527 in
1230 2494 1352 2528 Deum
1378 2492 1687 2538 omnisapientem
1712 2500 1749 2528 et

421 2549 716 2594 omnipotentem
741 2557 777 2585 et
802 2562 909 2586 omne
934 2551 1072 2585 bonum
1099 2551 1230 2585 cadere
1257 2551 1408 2585 omnino
1432 2562 1506 2585 non
1529 2557 1663 2596 potest,
1681 2563 1748 2586 nec
1762 2566 1805 2598 40

420 2607 469 2642 ad
487 2619 594 2642 usum
612 2620 733 2643 rerum
750 2609 881 2653 poterit
899 2608 1094 2654 pertinere.

469 2667 557 2702 RIC.
585 2668 662 2701 Ista
680 2667 881 2712 prudenter
897 2666 1072 2702 advertis.
1124 2667 1233 2702 Ultra
1250 2666 1483 2712 progredere.

467 2779 697 2815 IOHANNES.
728 2780 788 2815 De
805 2785 889 2815 actu
908 2778 1124 2815 donacionis
1142 2791 1216 2816 non
1235 2780 1341 2816 video
1360 2780 1516 2826 qualiter
1533 2778 1658 2815 divino
1677 2779 1743 2815 do·-
