2095 3278
223 177 307 219 390
858 174 1063 206 RICARm
1094 173 1399 205 ARMACHANI
1853 161 1956 220 [Lm.
1979 175 2048 203 111.

502 294 635 322 natura
659 298 703 323 ex
729 293 807 322 toto
832 289 881 323 ab
907 288 978 323 illis
1004 294 1067 323 aut
1092 288 1171 323 eius
1202 287 1437 322 indistinccio
1460 298 1483 321 a
1509 286 1675 321 dominio
1696 285 1831 331 poterit
1847 285 1946 328 [28A

500 345 688 389 affirmari,
717 345 894 390 quoniam
919 345 956 380 in
982 345 1056 380 suis
1083 345 1249 390 partibus
1274 351 1431 390 possunt
1459 345 1506 379 ab
1536 344 1748 379 hominibus
1777 344 1831 378 sic

500 403 638 438 includi
658 409 693 438 et
708 403 812 438 aliter
826 404 1010 448 occupari,
1023 414 1092 438 nec
1106 415 1233 438 eorum
1247 409 1379 437 natura
1392 414 1437 437 ea
1448 402 1604 437 sustinet
1618 403 1666 436 ab
1680 401 1832 436 homine

500 461 606 496 aliter
630 461 834 505 possideri;
863 467 900 495 et
925 461 973 495 ob
999 462 1070 496 hoc
1096 460 1296 506 occupacio
1322 461 1436 505 partis
1463 460 1499 495 in
1525 459 1614 505 ipsis
1638 458 1832 494 elementis

500 519 701 563 occupacio
718 518 836 554 tocius
855 525 1038 562 censetur,
1057 530 1141 553 curn
1160 529 1349 563 occupans
1368 518 1458 552 illud
1477 517 1644 552 intendit.
1846 526 1864 559 5

549 578 639 611 IOH.
667 576 882 612 Secundum
908 577 979 611 hoc
1004 576 1191 621 possessio
1217 577 1331 611 habet
1362 575 1572 611 necessario
1603 580 1727 609 actum
1752 584 1833 619 pre-

499 634 600 669 vium
618 635 831 669 voluntatis.

549 693 637 727 RIC.
665 693 725 726 De
744 692 981 737 possessione
998 692 1135 727 actuali
1154 698 1254 727 recte
1272 692 1344 727 hoc
1363 691 1486 727 infers.

549 751 639 785 IOH.
667 751 752 785 Hoc
770 750 919 785 racione
937 751 1125 785 confirma.

222 806 463 867 fiisssseffissoi'viiint'o
549 809 636 843 Rlc.
663 808 765 843 Sicut
785 808 990 843 dominium
1015 807 1257 853 presupponit
1283 806 1472 842 racionem
1498 812 1534 842 et
1561 806 1679 842 eciam
1704 811 1833 851 poten·
1846 803 1947 836 eciam
1959 813 1969 835 -·
1995 804 2033 835 in

221 850 341 908 lfiossess,
501 865 598 900 ciam
615 866 819 910 volitivam,
846 866 900 901 sic
918 866 997 901 eius
1016 866 1254 901 immediatus
1273 865 1437 909 effectus,
1457 864 1611 907 scilicet,
1629 863 1833 909 possessio,
1847 855 1879 880 Β·

501 923 675 968 supponit
694 923 939 958 inmediatum
952 923 1113 959 racionis
1132 923 1318 966 effectum,
1331 922 1483 966 scilicet,
1497 923 1641 957 actuale
1656 921 1834 956 iudicium

500 981 660 1016 racionis
688 987 725 1016 et
746 981 967 1026 appetitum,
995 981 1057 1027 qui
1085 987 1141 1016 est
1168 981 1308 1026 primus
1333 987 1438 1016 actus
1464 979 1633 1025 potencie
1659 978 1833 1022 volitive;

500 1039 563 1084 qui
582 1039 769 1084 appetitus
788 1050 949 1084 sequens
968 1039 1144 1074 iudicium
1162 1038 1322 1074 racionis
1341 1039 1511 1073 voluntas
1529 1044 1702 1073 vocatur:
1730 1043 1766 1072 et
1782 1036 1835 1071 sic

500 1096 686 1142 possessio
704 1097 872 1142 previam
889 1097 999 1141 exigit
1015 1098 1256 1139 voluntatem,
1276 1096 1380 1131 sicud
1398 1107 1528 1131 sensus
1547 1095 1663 1140 ipsius
1679 1094 1836 1130 tercium
1853 1102 1891 1135 15

501 1154 647 1190 videtur
670 1154 888 1199 exprimere,
916 1154 1068 1198 scilicet,
1096 1160 1179 1199 post
1207 1153 1497 1199 acquisicionem
1524 1153 1643 1188 sessio
1676 1152 1730 1198 (ut
1759 1152 1835 1187 iam

501 1224 613 1258 supra
646 1211 935 1257 expressimus);
973 1212 1058 1247 licet
1087 1213 1241 1247 verbum
1281 1211 1499 1257 possidendi
1543 1210 1729 1246 interdum
1765 1221 1836 1255 pro

500 1270 738 1315 possessione
763 1270 944 1305 habituali
971 1271 1049 1306 sive
1075 1271 1124 1305 ad
1150 1270 1419 1315 possidendum
1444 1270 1560 1305 libera
1583 1270 1757 1304 facultate
1781 1268 1835 1313 (ut

501 1328 576 1364 cito
593 1328 690 1363 infra
707 1328 911 1373 clarescet),
930 1335 966 1364 et
992 1328 1222 1374 aliquociens
1246 1327 1546 1363 similitudinarie
1572 1327 1610 1362 in
1636 1327 1836 1372 Scripturis

501 1393 680 1431 sumatur,
705 1393 744 1422 ut
770 1387 832 1431 ibi,
858 1388 1015 1422 Noctem
1041 1388 1152 1422 illam
1178 1388 1390 1422 tenebrosus
1415 1386 1523 1421 turbo
1541 1386 1736 1432 possideat
1753 1384 1837 1430 (Iob
1854 1393 1893 1416 20

501 1444 550 1479 iii.
569 1444 619 1489 6),
645 1451 682 1479 et
710 1444 772 1489 ibi,
797 1446 1008 1480 Possz‘debz't
1031 1449 1173 1480 tremor
1186 1446 1383 1490 ypocritas
1410 1443 1511 1489 (Ysa.
1538 1443 1634 1478 xxiii.
1656 1441 1726 1487 14),
1745 1449 1781 1478 et
1800 1443 1837 1477 in
1849 1444 1972 1475 xxiii..-

222 1507 347 1546 yv13ereas
364 1503 593 1539 lordshiplocis
622 1502 814 1538 similibus.
864 1503 1084 1539 Dominium
1113 1510 1237 1538 autem
1260 1513 1498 1548 nequaquam
1524 1502 1752 1536 voluntatem
1770 1502 1836 1535 ho·
1850 1488 1944 1519 codd.
1964 1496 2015 1527 3²·

222 1541 450 1601 aeiffldependent
463 1540 495 1566 Of
504 1560 616 1595 minis
629 1561 871 1606 presupponit
886 1561 1000 1606 (iuxta
1019 1561 1187 1606 superius
1199 1561 1273 1595 iam
1285 1559 1461 1604 ostensa),
1475 1565 1530 1594 set
1541 1559 1655 1594 oritur
1666 1559 1702 1593 in
1713 1558 1838 1593 anima

503 1618 553 1653 ad
570 1619 803 1663 presenciam
820 1619 944 1664 gracie
963 1619 1151 1664 inspirate.
1203 1618 1327 1654 Claret
1339 1629 1427 1662 ergo
1442 1617 1541 1662 quod
1559 1617 1640 1662 ipsa
1652 1616 1838 1662 possessio

503 1677 558 1711 sic
577 1688 737 1721 sequens
759 1677 915 1711 liberam
932 1678 1162 1712 voluntatem
1180 1689 1203 1711 a
1221 1676 1386 1711 dominio
1409 1687 1474 1710 suo
1498 1675 1575 1710 sive
1592 1687 1615 1709 a
1633 1675 1799 1710 dominio
1816 1687 1839 1709 a
1853 1682 1891 1715 25

503 1746 577 1780 quo
604 1734 698 1770 iuste
722 1735 902 1780 procedit,
920 1742 1101 1780 tanquam
1123 1747 1146 1770 a
1171 1746 1238 1769 sua
1262 1745 1386 1777 causa,
1407 1734 1444 1768 in
1467 1733 1660 1769 elementis
1685 1733 1778 1768 sicut
1801 1733 1840 1767 in

502 1792 704 1828 mobilibus
721 1794 832 1828 rebus
852 1793 1091 1838 distinguitur
1106 1804 1114 1837 ;
1141 1793 1226 1828 licet
1243 1804 1316 1827 non
1334 1798 1481 1827 tanturn
1507 1803 1576 1826 nec
1602 1791 1653 1826 ita
1669 1797 1841 1836 patenter

502 1857 539 1886 et
557 1852 694 1896 pariter
711 1858 766 1887 est
785 1852 832 1886 de
858 1851 1095 1896 possessione
1120 1850 1312 1894 habituali,
1330 1850 1506 1896 quoniam
1532 1849 1593 1884 illa
1610 1850 1840 1884 voluntatem

503 1909 737 1944 habitualem
768 1909 846 1945 sive
874 1909 1078 1944 voluntatis
1103 1908 1275 1944 habitum
1300 1907 1543 1954 posteriorem
1568 1907 1734 1942 dominio
1759 1918 1840 1952 pre—

504 1967 689 2012 supponit.
1854 1976 1896 2008 30

554 2026 645 2060 IOH.
674 2025 867 2060 Possessio
885 2025 935 2060 ad
958 2036 1067 2060 usum
1090 2024 1203 2059 michi
1230 2023 1415 2069 pertinere
1432 2023 1588 2066 videtur,
1606 2022 1782 2068 quoniam
1799 2034 1840 2058 re

505 2094 681 2128 possessa
714 2094 737 2118 a
770 2083 895 2119 labore
930 2083 1103 2118 sedemus
1133 2088 1170 2117 et
1200 2082 1252 2117 ita
1281 2081 1477 2117 utilitatem
1507 2081 1767 2126 consequimur
1795 2091 1840 2115 eo

505 2141 627 2175 modo.

553 2200 642 2233 RIC.
670 2200 758 2233 Non
783 2199 904 2233 omnis
931 2197 1072 2233 utilitas
1094 2204 1192 2233 extat
1216 2209 1315 2233 usus.
1366 2198 1504 2232 Annon
1523 2196 1685 2231 didicisti
1705 2195 1741 2230 in
1759 2196 1839 2240 phi-

506 2256 679 2301 losophia
699 2256 910 2291 Aristotelis
936 2257 983 2291 de
1009 2255 1135 2290 anima
1160 2262 1286 2290 actum
1307 2254 1469 2299 primum
1493 2255 1541 2289 ab
1566 2260 1651 2289 actu
1677 2254 1840 2289 secundo
1855 2261 1894 2294 35

508 2314 746 2359 distinguere,
758 2320 798 2349 ut
817 2320 922 2349 actus
940 2314 1126 2349 secundus
1144 2313 1191 2348 sit
1210 2319 1315 2348 actus
1333 2311 1453 2357 primi,
1471 2323 1546 2347 non
1564 2318 1688 2346 autem
1707 2312 1841 2346 dicitur

508 2378 615 2407 actus
648 2372 790 2417 primus
819 2378 882 2406 aut
917 2371 1037 2417 quivis
1078 2371 1228 2405 habitus
1269 2371 1348 2405 sive
1387 2369 1590 2415 disposicio
1623 2381 1706 2404 esse
1740 2381 1840 2413 usus,

509 2430 678 2475 quamvis
703 2441 850 2475 quoquo
876 2430 990 2464 modo
1016 2435 1102 2473 apte
1127 2428 1245 2474 possit
1270 2427 1341 2463 dici
1368 2427 1534 2463 utilitas?
1583 2429 1707 2463 Usum
1732 2427 1843 2471 igitur

508 2488 683 2523 non*nisi
708 2494 833 2522 actum
859 2488 1076 2530 secundum,
1097 2487 1247 2529 scilicet,
1266 2486 1535 2531 operacionem,
1561 2486 1731 2531 appella:
1758 2490 1886 2531 pos-B

510 2545 627 2581 sessio
644 2552 770 2580 autern
788 2545 908 2590 magis
927 2551 983 2580 est
1001 2544 1267 2590 acquisicionis
1284 2544 1378 2579 finis.
1855 2550 1899 2582 40

420 2674 500 2708 VII.
562 2668 794 2702 IOHANNES.
822 2667 895 2702 Dic
913 2678 1012 2702 nunc
1033 2678 1098 2701 cur
1116 2667 1270 2702 verbum
1296 2665 1532 2701 naturaliter
1547 2665 1701 2711 posuisti
1721 2664 1757 2699 in
1777 2665 1842 2700 de·
1856 2674 1964 2706 supra,
1983 2674 2015 2705 p.

234 2728 424 2767 Explanatioq
439 2729 471 2754 os
514 2725 718 2770 scripcione
736 2724 924 2769 originalis
944 2724 1111 2759 dominii.
1857 2717 1929 2748 335'

235 2764 282 2789 the
293 2763 461 2794 description
472 2763 505 2788 os

235 2795 492 2829 originallordship
562 2784 790 2818 RchRDUs.
817 2783 876 2817 Ad
911 2782 1180 2818 excludendum
1216 2793 1365 2817 omnem
1400 2782 1514 2817 alium
1548 2781 1715 2827 previum
1745 2780 1949 2827 posi-omni
1965 2791 1995 2816 Β.
