2095 3278
188 176 271 218 342

847 169 1053 202 RICARDI
1084 168 1390 201 ARMACHANI
1847 156 1947 210 [Lm.
1966 168 2014 198 11.

465 279 659 310 sementem
671 274 823 321 generis
840 275 911 316 sui,
931 277 975 308 ut
990 274 1070 307 siut
1084 273 1188 307 vobis
1205 273 1246 307 in
1269 283 1413 313 escam;
1438 269 1499 305 ubi
1526 274 1671 305 constat
1696 267 1797 313 prius
1812 272 1907 315 [16D

467 334 596 368 datum
620 333 674 368 eis
700 332 814 367 fuisse
832 331 1039 366 dominium
1065 331 1250 375 lignorum
1275 336 1312 365 et
1338 330 1534 372 fructuum,
1553 339 1665 373 quam
1684 327 1799 361 debe-

466 392 558 426 bant
584 391 630 426 de
656 390 726 425 illis
753 389 969 432 comedere;
997 389 1096 423 unde
1122 388 1235 433 liquet
1262 393 1477 433 preceptum
1503 385 1580 421 sive
1605 383 1800 420 licenciam

469 449 515 483 de
534 447 800 483 commestione
819 446 1125 492 presupposuisse
1144 445 1181 480 in
1200 451 1449 480 commestura
1467 444 1517 479 rei
1532 442 1801 478 commedende

469 505 686 541 dominium.
737 507 787 540 Et
805 506 876 540 hoc
894 511 950 539 est
968 515 1173 539 consonum
1198 502 1347 545 racioni‚
1367 502 1542 547 quoniam
1566 512 1654 535 usus
1677 511 1800 535 rerum
1814 503 1832 535 5

470 564 570 598 iuxta
589 565 658 598 hee
676 564 790 598 verba
807 562 960 598 effectus
979 561 1197 596 donacionis
1215 561 1362 595 videtur
1377 573 1385 602 3
1412 560 1521 603 Dedi,
1540 559 1668 604 inquit,
1687 558 1801 601 vobis,

470 625 515 656 ut
530 622 608 656 sint
624 621 728 655 vobis
752 622 793 655 2⁰72
811 632 955 655 escam:
981 619 1139 654 donacio
1165 619 1273 663 igitur
1299 618 1336 652 in
1361 624 1516 662 utroque
1543 617 1670 651 debuit
1695 627 1803 650 usum

471 679 679 725 precedere.
731 680 825 713 Cum
852 678 961 722 igitur
977 678 1103 712 Adam
1128 683 1215 711 ante
1242 676 1472 711 creacionem
1498 674 1620 709 uxoris
1646 673 1805 719 potuerit

472 738 572 772 iuxta
593 736 800 771 dominium
822 736 1043 770 mandatum
1071 735 1148 770 sive
1166 734 1331 769 divinam
1349 733 1560 768 doctrinam
1585 732 1664 767 sive
1689 731 1804 766 licen-

473 796 571 830 ciam
600 795 647 830 de
674 794 783 839 lignis
815 793 984 828 Paradisi
1017 793 1224 835 comedere,
1252 791 1354 837 sequi
1383 791 1530 826 videtur
1556 790 1656 835 quod
1680 790 1805 824 Adam
1820 794 1860 816 10

473 854 673 889 translatus
703 852 740 886 in
773 852 993 886 Paradisum
1020 857 1107 886 ante
1140 850 1405 885 formacionem
1436 861 1499 884 sue
1528 848 1651 883 uxoris
1683 858 1807 882 rerum

431 913 460 944 6.
475 911 618 956 accepit
644 910 862 945 dominium.
913 909 1024 954 Quod
1041 909 1193 953 insuper
1210 907 1372 953 capitulo
1392 907 1427 941 ii.
1451 916 1503 951 19,
1528 906 1695 949 adicitur,
1714 906 1805 940 For·
1820 903 1857 936 ii.
1875 900 1970 935 codd·
1988 911 2015 933 1-

473 980 583 1004 maus
607 970 732 1014 igitur
746 969 937 1002 Dominus
957 968 1062 1001 Deus
1086 967 1129 1001 de
1154 966 1244 1000 limo
1270 967 1411 1000 cunctis
1435 965 1692 999 animantibus
1712 968 1808 998 terre

473 1032 511 1062 et
534 1028 725 1061 universis
750 1025 971 1060 volatilibus
996 1025 1073 1067 celi,
1100 1024 1264 1058 adduxit
1286 1035 1329 1058 ea
1354 1024 1408 1057 ad
1427 1023 1567 1067 Adam,
1594 1026 1638 1057 ut
1665 1022 1811 1056 videret

475 1086 572 1130 quid
585 1088 735 1119 vocaret
746 1096 815 1125 ea;
836 1094 942 1118 omne
958 1083 1056 1117 emm
1071 1083 1172 1126 quod
1182 1082 1335 1116 vocavit
1346 1081 1475 1115 Adam
1488 1082 1614 1115 anime
1630 1081 1807 1122 viventis,
1825 1088 1862 1120 15

476 1145 601 1188 ipsum
624 1146 679 1176 est
694 1152 826 1176 nomen
852 1142 942 1184 eius,
965 1141 1065 1175 istud
1093 1140 1297 1174 dominium
1323 1140 1480 1174 latenter
1505 1139 1691 1173 insinuare
1708 1137 1808 1172 vide-

476 1209 558 1236 tur:
597 1200 717 1245 primo
747 1199 911 1244 quidem,
942 1198 1117 1244 quoniam
1148 1197 1342 1243 imposicio
1372 1204 1408 1232 et
1442 1197 1616 1242 precipue
1648 1194 1809 1241 specifici

477 1258 640 1293 nominis
659 1258 695 1292 in
715 1257 930 1302 imponente
948 1256 1206 1291 auctoritatem
1225 1268 1336 1301 super
1353 1255 1586 1290 nominatum
1605 1254 1681 1289 sive
1701 1264 1810 1298 supe-

478 1317 682 1352 rioritatem
712 1316 826 1350 habet
862 1326 1056 1357 annexam,
1084 1326 1168 1349 cum
1194 1314 1275 1359 ipsa
1304 1313 1499 1359 imposicio
1530 1313 1569 1348 fit
1595 1312 1812 1347 auctoritate

480 1374 630 1420 propria
648 1372 883 1418 imponentis.
921 1373 1035 1408 Unde
1054 1372 1255 1407 infantibus
1275 1372 1342 1406 soli
1361 1378 1534 1416 parentes
1554 1370 1810 1405 auctoritatem
1827 1379 1868 1401 20

478 1434 618 1468 habent
643 1432 794 1466 nomina
819 1430 1046 1476 imponendi,
1065 1430 1101 1464 in
1127 1436 1270 1465 tantum
1298 1436 1337 1464 ut
1365 1429 1521 1464 Iohanni
1550 1428 1718 1473 Baptiste
1743 1438 1813 1462 nec

480 1493 559 1526 sola
576 1497 695 1525 mater
712 1501 780 1524 nec
798 1489 890 1524 alius
908 1489 1026 1534 potuit
1044 1499 1180 1523 nomen
1199 1488 1387 1533 imponere
1404 1499 1412 1531 3
1439 1493 1495 1522 set
1517 1493 1635 1522 mater
1653 1486 1812 1528 dicebat,

489 1549 686 1584 Vocabitur
711 1549 907 1587 Iohannes,
938 1552 1045 1592 pater
1074 1558 1161 1581 vero
1194 1546 1272 1581 eius
1306 1552 1430 1580 mutus
1463 1545 1624 1580 existens
1655 1543 1813 1588 scripsit,

480 1608 619 1651 dicens,
639 1606 827 1641 Iohannes
849 1609 904 1639 est
919 1615 1052 1639 nomen
1074 1606 1155 1639 eius
1174 1604 1277 1649 (Luc.
1296 1604 1317 1639 i.
1337 1604 1409 1648 63).
1461 1603 1550 1638 Ideo
1571 1603 1695 1638 Adam
1713 1601 1814 1643 dixit,

481 1668 563 1701 Hec
586 1665 783 1699 vocabitur
805 1665 954 1709 virago,
980 1664 1157 1707 quoniam
1184 1662 1227 1697 a'e
1252 1664 1337 1697 viro
1360 1674 1427 1696 suo
1451 1665 1604 1707 sumpta
1629 1665 1693 1705 est,
1722 1662 1815 1695 Gen.
1832 1667 1870 1700 25

482 1724 517 1758 ii.
538 1733 593 1767 23.
644 1723 749 1757 Deus
767 1727 893 1756 autem
910 1720 1046 1755 nostris
1064 1720 1193 1765 primis
1218 1721 1431 1765 parentibus
1450 1719 1663 1765 specificum
1680 1729 1817 1753 nomen

484 1781 671 1826 imposuit,
700 1781 757 1815 Et
783 1781 937 1814 vocavit
964 1790 1096 1813 nomen
1124 1790 1251 1812 eorum
1281 1779 1409 1813 Adam
1439 1780 1480 1813 in
1510 1778 1568 1812 die
1597 1789 1673 1823 qua
1703 1776 1822 1811 creati

471 1841 650 1886 fuerunt,
669 1837 707 1872 id
733 1844 800 1881 est,
818 1837 935 1880 homo,
956 1837 1049 1871 Gen.
1067 1848 1101 1870 ν.
1120 1846 1151 1871 2.
1204 1838 1287 1871 Hec
1312 1836 1421 1880 igitur
1446 1835 1628 1881 inposicio
1655 1834 1817 1869 nominis
1823 1834 1945 1877 posz'cz'o
1961 1841 1992 1864 B.

485 1896 648 1942 specifici
682 1895 825 1930 cunctis
857 1894 1110 1929 animantibus
1145 1894 1404 1929 auctoritatem
1437 1906 1481 1929 ac
1523 1893 1818 1939 superioritatem

487 1967 597 2000 super
626 1966 670 1989 ea
701 1954 737 1988 in
766 1953 889 1988 Adam
918 1952 1133 1997 supposuit3
1173 1952 1259 1997 quia
1288 1964 1362 1987 non
1392 1952 1512 1987 iussus
1542 1963 1612 1987 nec
1639 1962 1770 1986 suasus
1796 1960 1875 1991 a30

488 2015 583 2056 Deo,
604 2019 659 2048 set
678 2024 745 2047 sua
762 2011 991 2053 auctoritate,
1011 2010 1049 2044 id
1071 2010 1168 2054 fecit,
1188 2011 1363 2055 quoniam
1382 2010 1516 2045 dicitur
1539 2010 1640 2055 quod
1656 2010 1761 2044 Deus
1778 2020 1820 2043 ea
1834 2013 1916 2045 Gen.
1936 2012 1969 2044 ii.
1986 2021 2034 2053 19.

445 2079 473 2114 7.
488 2073 652 2107 adduxit
668 2075 712 2105 ut
727 2071 872 2104 videret
887 2070 983 2114 quid
1004 2073 1154 2103 vocaret
1175 2080 1229 2103 ea.
1280 2069 1389 2113 Quod
1416 2069 1567 2113 insuper
1592 2068 1628 2102 in
1654 2067 1823 2112 predicta

489 2129 680 2174 Scriptura
721 2128 889 2171 adicitur,
928 2127 1045 2162 Omne
1077 2128 1177 2161 enim
1218 2127 1320 2171 quod
1351 2128 1504 2161 vocavit
1533 2125 1663 2160 Adam
1697 2126 1823 2160 anime

487 2189 666 2231 viventis,
684 2187 810 2232 ipsum
835 2190 890 2220 est
912 2196 1044 2220 nomen
1070 2187 1159 2228 eius,
1187 2185 1224 2219 id
1250 2185 1349 2219 idem
1375 2185 1559 2227 affirmat3
1586 2183 1771 2229 quoniam,
1790 2182 1821 2217 si

488 2246 638 2281 nonnisi
664 2246 773 2281 simul
800 2256 884 2279 cum
910 2255 1021 2279 uxore
1047 2243 1230 2288 acceperit
1250 2242 1465 2286 dominium,
1485 2253 1562 2276 non
1588 2241 1715 2276 debuit
1742 2241 1821 2275 sine
1836 2255 1876 2288 35

489 2315 674 2340 consensu
701 2303 797 2338 illius
822 2303 975 2337 nomina
1000 2308 1180 2347 perpetuo
1206 2312 1449 2346 permansura
1468 2299 1727 2335 communibus
1746 2298 1822 2334 suis

488 2363 599 2397 rebus
626 2361 837 2406 imponere;
874 2360 999 2402 immo,
1027 2360 1120 2394 iuste
1146 2359 1339 2404 po*terant
1365 2364 1513 2403 recepto
1540 2357 1715 2400 dominio,
1740 2363 1822 2391 tan·
1837 2358 1917 2391 17A

490 2432 603 2466 quam
621 2419 799 2454 maiorem
817 2418 1073 2453 auctoritatem
1091 2418 1271 2452 habentes
1290 2428 1401 2461 quam
1419 2422 1516 2458 ante,
1529 2427 1655 2450 eorum
1672 2414 1824 2449 nomina

491 2478 709 2513 immutare:
753 2483 881 2512 contra
914 2476 1014 2521 quod
1049 2476 1192 2519 dicitur,
1230 2476 1346 2509 Omne
1381 2474 1483 2519 quod
1511 2475 1663 2508 vocavit
1694 2472 1823 2508 Adam

492 2538 618 2571 anime
642 2537 819 2578 viventis,
838 2537 961 2579 ifisum
979 2538 1034 2568 est
1056 2545 1188 2568 nomen
1214 2535 1319 2575 eius;
1343 2533 1404 2567 ubi
1432 2538 1520 2577 puto
1546 2530 1823 2575 intelligendum
1836 2542 1879 2572 40

494 2595 593 2639 quod
627 2594 750 2639 ipsum
783 2604 919 2627 nomen
954 2592 1081 2626 debuit
1116 2591 1148 2626 ei
1183 2598 1359 2636 tanquam
1394 2590 1605 2635 specificum
1647 2594 1824 2634 perpetuo

452 2653 661 2688 8.retinere.
714 2653 758 2686 Id
788 2651 888 2686 idem
918 2650 1064 2685 videtur
1089 2650 1281 2684 ostendere
1309 2649 1476 2683 divinum
1505 2647 1700 2682 consilium
1728 2646 1826 2681 circa

494 2710 656 2745 hominis
689 2708 976 2754 produccionem
1011 2708 1247 2753 primariam:
1285 2708 1339 2741 Et
1370 2708 1435 2749 ait,
1468 2706 1595 2750 inquit,
1622 2705 1827 2739 Faciamus

492 2770 675 2804 hominem
710 2768 764 2802 ad
783 2769 1001 2813 ymaginem
1035 2770 1071 2800 et
1102 2765 1391 2800 similitudinem
1426 2768 1605 2807 nostram,
1640 2766 1677 2797 et
1702 2763 1828 2807 presit
