2008 3305
118 706 202 737 59A
321 692 618 738 *INCIPIT
658 694 1050 739 TRACTATUS
1093 691 1450 738 SECUNDUS

514 794 608 836 DE
648 795 945 837 DOMJNJO
983 793 1241 836 DIVINO.

679 925 1017 967 CAPITULUM
1056 925 1088 965 Ι.

270 1032 347 1070 IAM
382 1032 556 1071 secundo
587 1039 705 1071 restat
734 1033 856 1071 lacius
889 1033 1073 1071 disserere
1115 1029 1163 1069 de
1198 1030 1373 1069 dominio
1408 1029 1548 1076 divino,
1563 1033 1831 1095 ggpffgssgoggffi:

184 1116 202 1148 5
216 1104 346 1154 quoad
369 1104 618 1150 dominabile,
640 1116 731 1142 cum
756 1117 805 1142 ex
826 1104 938 1142 dictis
964 1103 1125 1153 patescit
1146 1102 1193 1141 de
1222 1102 1415 1152 primitate
1435 1101 1550 1139 divini
1563 1110 1643 1161 ,Ἐξ
1656 1110 1801 1161 {gg-¹10³

216 1175 387 1213 dominii.
447 1174 548 1213 Cum
577 1175 682 1213 enim
702 1187 820 1213 omne
850 1174 1067 1212 dominium
1098 1174 1200 1223 capit
1229 1184 1344 1211 suum
1371 1173 1551 1211 ordinem

215 1257 239 1282 a
266 1252 404 1291 creato,
426 1252 531 1295 patet
552 1246 658 1295 quod
686 1245 859 1284 dominia
879 1243 954 1283 Dei
983 1246 1189 1283 observant
1216 1244 1394 1281 ordinem
1414 1243 1551 1292 priori-

215 1317 302 1354 tatis
336 1316 552 1354 secundum
581 1316 759 1354 ordinem
793 1323 1057 1353 creaturarum
1087 1315 1136 1352 ad
1170 1327 1266 1364 quas
1291 1314 1553 1364 principaliter

215 1387 486 1424 terminantur:
527 1393 579 1433 ut,
611 1386 708 1424 sicut
735 1387 862 1436 primo
892 1386 1068 1424 omnium
1099 1393 1251 1423 creatur
1279 1397 1377 1431 esse,
1399 1385 1453 1423 sic
1482 1384 1550 1422 do·
1565 1393 1621 1419 His
1633 1393 1691 1419 first
1705 1393 1832 1426 lordship

163 1472 203 1494 10
215 1457 379 1494 minium
403 1457 650 1495 terminatum
678 1457 726 1494 ad
755 1469 839 1495 esse
866 1464 1036 1494 creatum
1064 1456 1274 1505 analogum
1301 1462 1357 1493 est
1381 1455 1550 1505 primum
1564 1427 1791 1487 ιεενῖἔῖἷνῖιὴιῗνῗέἷ

215 1528 431 1566 dominium
464 1528 647 1577 possibile
676 1527 763 1566 Deo
796 1534 954 1573 nostr0;
985 1527 1130 1565 nedum
1159 1527 1328 1576 primum
1361 1526 1551 1575 primitate
1565 1495 1672 1527 logum'

215 1605 360 1645 nature,
384 1597 453 1636 sed
483 1604 521 1636 et
549 1598 745 1647 temporis,
767 1605 805 1636 et
828 1598 950 1636 eciam
974 1597 1192 1646 dignitatis:
1223 1597 1325 1646 quia,
1347 1596 1379 1633 si
1402 1596 1549 1633 nullum
1564 1608 1623 1634 first
1637 1607 1664 1634 in
1678 1608 1754 1640 time,

215 1669 363 1706 instans
391 1668 452 1707 vel
486 1675 639 1718 tempus
678 1669 801 1718 potuit
835 1669 1065 1717 precessisse
1101 1668 1191 1705 illud
1221 1667 1328 1717 quod
1362 1667 1411 1705 de
1449 1667 1552 1705 facto

216 1739 336 1777 fuerat
360 1739 529 1789 primum
555 1740 713 1785 instans,
736 1752 807 1777 nec
835 1745 967 1788 posset
987 1745 1089 1776 esset
1109 1751 1179 1776 ens
1197 1745 1371 1776 creatum
1396 1738 1552 1787 dignius

164 1826 202 1859 15
216 1809 293 1846 sive
323 1810 578 1856 communius,
604 1822 698 1859 ergo
727 1822 799 1847 nec
824 1809 1040 1847 dominium
1069 1809 1200 1859 quoad
1223 1809 1430 1853 obiectum,
1453 1809 1552 1846 sicut

216 1891 287 1917 nec
321 1880 452 1930 quoad
485 1880 715 1926 subiectum,
749 1880 811 1918 vel
849 1880 975 1917 eciam
1012 1879 1320 1918 fundamentum.
1378 1878 1551 1916 Primum

216 1962 384 2001 namque
409 1950 556 1988 instans
580 1950 859 1988 individuaturn
884 1957 942 1988 est
969 1951 1201 1988 sufficienter
1225 1951 1274 1987 ab
1303 1950 1375 1988 isto
1402 1950 1552 1987 mundo

216 2027 345 2059 creato
384 2033 474 2059 cum
519 2021 598 2058 suis
635 2021 844 2070 principiis,
885 2021 939 2058 sic
978 2021 1084 2071 quod
1121 2021 1343 2058 immediate
1382 2021 1552 2070 sequitur

216 2092 364 2129 instans
389 2091 598 2129 eternitatis
618 2091 860 2129 individuans
882 2091 1143 2129 essencialiter
1164 2091 1364 2141 quodlibet
1384 2103 1551 2140 sequens

164 2163 363 2202 20instans
381 2175 390 2208 3
421 2174 510 2199 curn
533 2161 681 2199 nullum
702 2168 856 2211 tempus
876 2161 935 2199 vel
956 2161 1103 2200 instans
1124 2162 1308 2210 temporis
1329 2161 1552 2199 anteriorari

216 2233 355 2282 poterit
373 2232 432 2270 vel
452 2232 554 2270 aliud
583 2232 813 2279 immiscere,
836 2239 877 2270 ut
896 2231 959 2270 hic
984 2233 1214 2282 supponitur
1233 2245 1282 2270 ex
1307 2232 1397 2270 alibi
1423 2232 1552 2270 decla-

216 2303 317 2341 ratis.
376 2302 452 2340 Sed
489 2315 560 2352 pro
598 2303 788 2352 primitate
827 2308 959 2340 nature
998 2309 1149 2352 oportet
1195 2303 1267 2341 tria
1305 2315 1522 2352 supponere
1541 2308 1693 2369 :ffiziusso
1707 2307 1735 2334 in

216 2374 352 2423 primo,
384 2373 490 2423 quod
520 2373 595 2410 sint
624 2373 853 2411 universalia
882 2386 930 2410 ex
961 2380 1069 2422 parte
1094 2374 1148 2411 rei
1170 2372 1226 2424 (ut
1253 2374 1346 2411 alias
1376 2374 1551 2411 diffusius

172 2452 203 2481 B
217 2442 448 2494 declaravi);
479 2443 659 2489 secundo,
682 2443 787 2493 quod
814 2456 882 2481 ens
909 2444 1119 2493 analogum
1140 2444 1187 2482 sit
1213 2445 1380 2493 primum
1403 2444 1552 2482 univer-

166 2524 203 2556 25
218 2515 294 2552 sale
312 2513 330 2534 *
348 2514 531 2564 possibile
546 2526 554 2559 ;
585 2520 621 2552 et
641 2514 769 2560 tercio,
792 2514 897 2563 quod
916 2513 1024 2551 Deus
1044 2515 1148 2563 prius
1162 2515 1384 2552 dominatur
1399 2516 1552 2553 univer-

218 2585 286 2623 sali
307 2597 425 2635 quam
446 2584 558 2622 alicui
579 2584 762 2633 singulari
784 2584 971 2633 signabili.
1002 2584 1062 2621 Ex
1084 2585 1223 2633 quibus
1244 2591 1348 2634 patet
1367 2585 1552 2634 assignati

218 2656 380 2693 dominii
401 2655 517 2693 divini
536 2655 707 2704 primitas
727 2654 919 2692 naturalis.

1374 2739 1495 2773 primus

254 2785 275 2801 1.
294 2775 404 2807 Incipit
417 2776 565 2801 tractatus
577 2773 717 2800 secundus
730 2773 772 2800 A:
794 2776 802 2803 ΙΙ
812 2772 903 2798 Liber
912 2773 1053 2799 secundus
1067 2774 1090 2799 B
1101 2773 1122 2799 f.
1133 2782 1182 2806 239
1192 2780 1226 2799 A:
1247 2773 1356 2805 Incipit
1367 2773 1507 2799 secundus
1520 2773 1552 2800 C.

220 2818 242 2841 3.
264 2809 439 2841 Capitulum
452 2809 471 2834 I
482 2807 509 2834 in
523 2808 605 2834 codd.
620 2808 708 2833 deest.
786 2816 809 2838 4.
830 2807 951 2832 secundo
964 2807 1001 2832 A2
1011 2807 1034 2832 Β
1045 2807 1084 2833 C:
1106 2808 1232 2834 ulterius
1244 2807 1291 2833 ΑΙ.
1363 2815 1387 2846 9:
1405 2807 1554 2832 omnium:

219 2842 415 2900 ‹godd30mn-z'¹13
523 2851 561 2867 10.
584 2841 777 2867 terminatum
793 2840 815 2865 B
825 2840 863 2866 C:
885 2841 1070 2866 terminatur
1080 2841 1114 2867 A.
1237 2849 1277 2866 21.
1299 2840 1460 2866 imma-cere
1475 2840 1500 2866 A
1511 2840 1550 2866 C:

220 2883 378 2901 zmmzscerz
421 2895 426 2900 .
