2008 3305
132 230 214 259 122
813 225 877 256 DE
911 224 1127 257 DOMINIO
1161 224 1335 255 DIVINo
1523 214 1731 268 [manv.

412 342 505 378 enim
547 341 623 378 odit
659 353 700 376 ne
718 341 885 390 feceris:
923 352 965 376 ne
998 340 1111 385 dicas,
1142 339 1212 376 Ille
1249 352 1303 376 me
1334 340 1547 388 inplanavit
1581 338 1638 390 <id
1671 345 1738 386 est,
1754 344 1849 385 [400

411 413 545 460 decepit
570 411 629 448 vel
653 412 692 447 in
718 423 877 447 errorem
904 409 1048 460 duxit).
1091 409 1141 447 Et
1168 410 1336 458 sequitur
1356 422 1482 455 causa,
1508 409 1621 447 Omne
1645 411 1739 447 enim

410 486 706 520 execramentum
726 481 867 518 erroris
894 481 969 517 odit
995 479 1111 517 Deus.
1167 480 1218 517 Et
1239 480 1417 530 sequitur,
1437 479 1542 516 Deus
1561 480 1606 516 ab
1630 480 1742 517 inicio

412 553 601 589 constituit
631 553 807 589 hominem
840 555 975 588 rectum
1006 555 1040 587 et
1074 551 1227 600 reliquit
1260 564 1339 588 eum
1369 552 1408 587 in
1446 563 1560 587 manu
1597 551 1746 587 consilii

412 624 503 666 sui,·
542 623 675 659 adiecit
703 622 879 659 mandata
912 626 946 658 et
961 627 1134 671 precepta
1167 635 1264 659 sua:
1303 623 1342 659 si
1374 622 1532 658 volueris
1565 622 1772 665 mandata5

411 706 636 738 conservare,
667 692 934 730 conservabunt
964 697 995 730 te
1031 696 1065 729 et
1099 694 1139 730 in
1168 697 1383 742 perpetuum
1412 692 1529 742 fldem
1558 692 1741 740 placitam

411 777 571 801 servare.
612 763 799 812 Apposuit
817 763 888 800 tibi
902 776 1036 811 aquam
1056 768 1090 800 et
1112 764 1232 813 ignem
1249 777 1262 801 .·
1293 764 1346 800 aa⁷
1361 763 1460 812 quod
1481 763 1639 799 volueris
1649 768 1742 811 por-

413 837 495 884 rige
529 847 679 872 manum
711 838 823 871 tuam.
899 834 997 870 Ante
1030 834 1207 871 hominem
1236 835 1314 871 vita
1343 838 1376 871 et
1403 846 1513 879 mors,
1551 833 1681 870 bonum
1712 837 1746 869 et

413 907 549 944 malum
566 919 578 943 .·
611 906 710 955 quod
727 905 920 954 placuerit
945 906 982 941 ei
1011 904 1161 942 dabitur
1190 905 1257 943 illi.
1328 904 1379 942 Et
1417 904 1591 942 subditur
1629 915 1744 941 causa

412 977 548 1014 huius:
592 976 773 1022 Quoniam
798 976 914 1012 multa
943 976 1129 1024 sapiencia
1152 974 1238 1022 Dei,
1259 980 1293 1013 et
1302 976 1428 1026 sortis
1452 976 1490 1012 in
1510 975 1691 1025 potencia,
1712 977 1797 1010 etro

414 1048 539 1085 videns
559 1047 682 1084 omnia
701 1047 779 1084 sine
797 1047 1072 1084 intermissione.

136 1130 236 1156 Hence
470 1118 531 1155 Ex
552 1118 631 1155 istis
650 1117 776 1154 verbis
796 1117 910 1166 plane
930 1117 1106 1154 videntur
1135 1117 1206 1154 tria
1234 1123 1456 1167 patescere:
1486 1116 1612 1166 primo
1640 1116 1745 1167 quod

135 1174 164 1190 a.
183 1163 200 1190 i.
213 1162 277 1190 God
290 1162 403 1189 created

135 1206 202 1256 {iffi
216 1197 374 1257 gvfigljfflsree-
416 1189 525 1227 Deus
555 1188 836 1238 sapientissime
867 1188 1007 1225 creavit
1040 1187 1240 1225 hominem
1270 1189 1414 1226 iustum
1449 1200 1537 1226 cum
1571 1188 1746 1225 libertate

135 1274 164 1301 ii.
183 1274 274 1300 which
287 1274 323 1300 he
336 1274 404 1300 does
417 1259 560 1298 arbitrii
577 1273 586 1307 3
618 1258 792 1297 secundo
815 1258 922 1308 quod
945 1270 1026 1296 non
1046 1259 1218 1308 prevenit
1239 1259 1417 1309 cogendo
1436 1259 1672 1297 voluntatem
1698 1258 1747 1295 ad

135 1313 191 1374 2ξὲ,
204 1308 279 1335 force
297 1314 326 1334 to
346 1316 404 1340 any
417 1331 560 1381 aliquid
579 1342 651 1368 nec
671 1330 897 1380 permittens
918 1329 1133 1379 quidquam
1153 1342 1295 1379 cogere
1315 1330 1450 1380 ipsam,
1468 1342 1539 1368 nec
1559 1341 1647 1367 eam
1668 1340 1746 1366 ser-
1763 1339 1800 1372 15

136 1406 181 1466 isiiifi
192 1407 268 1467 :least
281 1406 359 1434 osan
374 1411 402 1432 t0
416 1409 569 1440 vantem
583 1400 757 1450 regulam
770 1412 944 1450 unquam
959 1400 1097 1437 deserit
1105 1412 1114 1447 ;
1135 1401 1253 1438 tercio
1267 1401 1373 1450 quod
1386 1412 1465 1438 non
1478 1399 1679 1438 necessitat
1691 1399 1749 1436 vel

137 1482 188 1509 but
201 1482 243 1509 sin
255 1483 291 1509 he
303 1482 395 1509 hates.
416 1474 548 1512 incitat
568 1472 617 1511 ad
637 1472 892 1522 peccandum,
912 1483 1000 1508 curn
1022 1471 1104 1509 odit
1129 1478 1342 1521 peccatum,
1363 1477 1405 1509 ut
1424 1477 1529 1521 patet
1550 1470 1610 1508 hic
1634 1469 1749 1507 Zach.

416 1545 489 1583 viii.
515 1553 573 1592 17,
601 1543 857 1592 Unusquisque
876 1543 1015 1579 malum
1040 1546 1169 1579 contra
1197 1543 1356 1579 amicum
1380 1555 1487 1579 suum
1518 1554 1560 1578 ne
1588 1541 1751 1590 cogitetis

416 1617 455 1653 in
474 1615 644 1653 cordibus
667 1615 810 1659 vestris,
831 1617 864 1650 et
889 1613 1136 1650 iuramentum
1158 1614 1320 1651 mendax
1340 1626 1383 1650 ne
1402 1613 1571 1661 diligatis
1582 1625 1602 1656 ,·
1628 1612 1751 1648 omnia

417 1691 536 1724 autem
570 1687 632 1724 hec
663 1688 752 1722 sunt
781 1697 849 1733 que
887 1684 956 1729 odi,
998 1683 1088 1722 dicit
1126 1683 1329 1721 Dominus.
1387 1682 1405 1703 *
1428 1683 1477 1720 Et
1505 1682 1637 1732 Apok.
1663 1682 1699 1719 ii.
1726 1683 1796 1722 6D

419 1758 558 1796 dicitur
572 1756 711 1806 angelo
727 1755 886 1793 ecclesie
903 1754 1109 1804 Ephesiue,
1128 1754 1255 1792 Odisti
1258 1755 1373 1804 sacta
1389 1754 1670 1793 Nz'colaz'tarum
1686 1765 1753 1802 que

421 1842 483 1878 ego
503 1830 572 1866 odi.
629 1827 679 1865 Et
707 1827 760 1864 sic
789 1826 942 1875 iniquos
968 1832 1004 1863 et
1023 1832 1248 1876 peccatores
1269 1826 1405 1864 dicitur
1425 1837 1562 1863 omnes
1583 1824 1690 1862 odire
1715 1830 1753 1861 et

420 1900 620 1949 despicere
653 1899 692 1936 in
728 1898 936 1947 Scriptura,
966 1903 1003 1935 et
1037 1909 1106 1946 per
1137 1908 1381 1946 consequens
1410 1896 1496 1946 plus
1525 1901 1752 1945 peccatum;

420 1983 514 2020 ergo
546 1983 626 2008 non
655 1969 807 2007 ordinat
834 1969 962 2018 ipsum
994 1980 1099 2006 esse:
1129 1980 1217 2006 cum
1249 1980 1366 2005 omne
1397 1980 1465 2018 per
1498 1967 1678 2005 accidens
1708 1966 1754 2003 sit

423 2041 629 2079 reducibile
664 2040 713 2077 ad
745 2052 839 2089 pure
865 2052 934 2089 per
959 2051 1011 2085 se,
1042 2046 1080 2076 et
1106 2039 1213 2077 Deus
1239 2051 1307 2088 per
1335 2038 1513 2076 accidens
1540 2037 1621 2076 odit
1647 2048 1752 2075 crea·
1769 2053 1807 2085 25

424 2120 549 2150 turam
587 2117 827 2161 peccantem,
870 2116 927 2148 est
959 2110 1050 2148 dare
1088 2122 1210 2147 unum
1243 2110 1349 2159 quod
1385 2109 1493 2146 Deus
1532 2121 1601 2158 per
1638 2120 1679 2145 se
1717 2114 1754 2145 et

424 2183 549 2233 primo
580 2182 683 2228 odit;
714 2181 820 2231 quod
850 2193 932 2218 non
961 2186 1019 2218 est
1046 2180 1217 2230 fingibile
1247 2180 1351 2218 aliud
1380 2193 1402 2218 a
1430 2186 1603 2230 peccato.
1661 2178 1754 2216 Non

423 2265 516 2302 ergo
536 2252 624 2290 facit
644 2252 736 2289 illud
763 2252 853 2301 quia
874 2251 989 2289 nichil
1013 2263 1169 2290 suorum
1191 2263 1351 2301 operum
1378 2262 1474 2300 pure
1495 2250 1586 2287 odit.
1642 2249 1754 2294 Item,

142 2333 165 2358 b.
189 2331 409 2358 E1sesinwould
423 2330 514 2361 tunc
534 2329 738 2373 peccatum
759 2322 915 2360 serviret
935 2322 1033 2369 Deo,
1056 2328 1093 2359 et
1122 2334 1191 2371 per
1220 2333 1464 2371 consequens
1487 2320 1607 2358 homo
1627 2325 1755 2369 potest

141 2375 221 2391 serve
233 2366 308 2396 God,
322 2366 379 2390 and

144 2408 209 2458 ¹0¹3ssss
222 2400 411 2458 {ffilgnfflve
425 2394 536 2431 simul
556 2393 642 2432 Deo
670 2393 810 2431 servire
833 2393 962 2431 debite
984 2399 1024 2431 et
1050 2398 1212 2443 peccato
1230 2405 1239 2439 ;
1268 2403 1512 2441 consequens
1536 2397 1593 2428 est
1620 2395 1755 2428 contra
1769 2409 1810 2441 30

143 2467 191 2492 the
205 2476 280 2492 same
294 2466 370 2493 time·
426 2465 662 2503 sentenciam
689 2463 904 2509 Salvatoris,
925 2462 1043 2501 Nemo
1055 2468 1177 2513 potest
1201 2463 1339 2501 duobus
1362 2463 1519 2500 dominis
1544 2462 1693 2507 servire,
1716 2466 1757 2497 ut

424 2536 629 2585 exponitur
650 2547 777 2584 supra,
795 2534 968 2572 secundo
988 2534 1165 2583 capitulo.
1216 2534 1253 2572 Si
1275 2534 1377 2570 enim
1399 2533 1523 2582 placet
1544 2532 1630 2570 Deo
1651 2531 1757 2581 quod

459 2622 485 2647 6.
506 2623 532 2647 te
546 2620 585 2646 B:
606 2629 660 2646 om.
675 2620 701 2645 A
712 2619 745 2645 C.
774 2619 872 2651 fidem
884 2618 931 2651 (cf.
943 2618 1023 2650 infra,
1039 2628 1066 2652 p.
1081 2618 1159 2651 346).·
1177 2618 1397 2651 codd.fidelem.
1489 2627 1528 2649 14.
1548 2616 1666 2649 cogendo
1680 2616 1704 2641 A
1716 2615 1757 2642 Ct

426 2655 535 2687 agendo
549 2654 582 2680 Β.
724 2662 764 2686 19.
782 2654 887 2679 vestris
899 2662 954 2679 om.
970 2653 1002 2679 B.
1161 2661 1202 2678 22.
1222 2653 1272 2678 odi
1282 2653 1308 2678 A
1320 2652 1362 2678 C:
1381 2652 1443 2678 odit
1457 2651 1490 2677 B.
1534 2652 1574 2676 sic
1589 2650 1629 2676 B:
1650 2650 1678 2675 si
1688 2650 1713 2675 A
1724 2649 1758 2675 C.

427 2690 468 2714 26.
489 2689 665 2720 llpeccantem
681 2687 704 2712 B
718 2687 737 2712 f.
753 2695 836 2718 ²300·

470 2740 500 2769 4.
525 2731 675 2768 Rectum,
706 2729 900 2770 apparently
927 2728 1079 2770 supplied
1106 2729 1188 2760 from
1220 2728 1309 2760 Eccl.
1337 2728 1394 2759 vii.
1423 2736 1483 2767 30:
1516 2726 1617 2767 Quod
1649 2725 1760 2756 fecerit

426 2783 520 2813 Deus
535 2782 703 2811 hominem
722 2785 854 2811 rectum.

517 2841 566 2872 31.
594 2832 713 2863 Matth.
731 2832 771 2863 vi.
792 2842 841 2871 24.
1238 2840 1288 2870 32.
1313 2831 1427 2871 Supra,
1445 2830 1495 2862 ch.
1512 2829 1553 2860 iv.
1571 2840 1602 2870 p.
1623 2838 1671 2870 29.
