2095 3278
193 173 276 226 360
848 179 1052 211 RICARDI
1085 177 1389 210 ARMACHANI
1849 166 1952 224 [tm.
1966 180 2018 210 ιτ,

471 295 579 319 suam
596 284 865 330 perfeccionem
884 284 1148 330 acquirendam
1166 283 1344 328 accipere,
1363 282 1455 318 sicut
1473 283 1519 317 de
1537 282 1670 326 Adam,
1685 281 1735 317 ita
1754 281 1799 317 de
1816 286 1918 328 [20])

475 342 623 383 singulis
642 342 800 388 posteris
819 342 898 378 eius
916 343 965 377 ad
983 342 1147 387 graciam
1163 341 1339 376 restitutis
1358 341 1554 375 affirmant.

330 465 461 497 XVHI,
524 457 646 501 Quam
664 456 827 501 graciam
845 456 1102 501 baptismalem
1113 457 1287 501 graciam
1303 455 1379 490 sive
1388 456 1560 499 primam
1573 466 1749 489 vocamus
1767 461 1802 490 et

192 509 360 575 grg‘cffgfgrees
374 508 402 534 ³¹¹
476 515 646 559 equalem
672 515 709 548 in
736 515 907 549 omnibus
933 514 1163 555 estimarnus,
1182 513 1239 547 cui
1258 513 1425 547 infimum
1444 513 1600 556 gradum
1617 512 1801 548 felicitatis

434 573 638 607 1.humane
668 573 799 615 future,
825 579 861 607 et
896 571 1049 616 singulis
1079 571 1160 606 aliis
1190 571 1365 615 gradibus
1391 571 1555 606 caritatis
1585 582 1649 605 seu
1681 571 1835 615 gracief,

475 630 665 674 amplioris
684 631 903 675 ampliorem
921 629 1249 675 proporcionaliter
1262 628 1285 650 ᾗ
1299 629 1455 673 gradum
1472 628 1654 663 felicitatis
1672 629 1802 671 future,
1817 638 1897 667 21A

475 688 722 724 verisimiliter
740 688 925 723 credimus
940 688 1259 733 compensandum
1273 699 1281 730 3
1302 686 1489 731 quoniam,
1502 698 1586 721 cum
1600 687 1668 721 hec
1679 686 1803 730 gracia

475 753 620 791 gratum
640 748 723 781 Deo
740 746 886 788 efficiat,
905 753 940 781 et
959 752 1096 791 quanto
1116 745 1196 790 quis
1222 751 1278 780 est
1297 746 1380 779 Deo
1403 744 1548 788 gracior
1571 743 1648 779 sive
1672 756 1803 788 accep-

475 805 550 839 cior
568 811 671 839 tanto
689 804 755 839 erit
773 805 886 848 glorie
905 803 1080 847 celsioris,
1097 802 1332 848 consequitur
1349 803 1448 847 quod
1467 808 1605 847 quanto
1623 803 1704 847 plus
1722 801 1805 847 quis

475 862 613 897 ditatur
631 863 701 896 hac
725 862 849 906 gracia
875 861 912 895 in
931 861 1104 906 presenti,
1124 867 1228 895 tanto
1246 859 1414 905 ampliori
1434 859 1610 894 ditabitur
1633 859 1748 904 gloria
1768 859 1804 893 in
1821 870 1860 892 10

432 933 459 954 2.
474 921 607 955 futuro.
662 921 767 962 Item,
786 926 867 954 esto
892 919 992 964 quod
1014 918 1139 963 gracia
1157 929 1270 962 quam
1290 919 1411 952 Adam
1434 918 1593 962 perdidit
1617 917 1685 952 sibi
1710 929 1804 951 nun-

476 989 587 1023 quam
615 977 784 1012 restituta
809 977 951 1019 fuisset,
970 976 1090 1010 minor
1107 983 1233 1011 tamen
1251 975 1300 1009 illi
1326 975 1452 1019 gracia
1477 976 1650 1010 recollata
1674 974 1805 1010 fuisset

477 1036 532 1078 ei3
561 1035 766 1069 dominium
784 1046 859 1069 non
877 1034 998 1069 minus
1016 1033 1196 1068 extitisset
1221 1045 1264 1068 ex
1289 1033 1430 1077 integro
1452 1032 1661 1067 restitutum
1680 1044 1804 1077 quam,

476 1093 581 1128 sicuti
600 1093 637 1126 in
656 1093 829 1137 presenti,
848 1092 947 1127 idem
966 1091 1168 1126 dominium
1188 1103 1252 1125 seu
1270 1092 1401 1136 equale
1420 1090 1455 1125 in
1474 1090 1641 1125 diversos
1660 1102 1805 1125 succes-

476 1152 552 1186 sive
570 1150 779 1195 pertransiit
802 1149 926 1194 gracie
950 1156 985 1184 et
1010 1149 1127 1184 eciam
1152 1149 1311 1183 sciencie
1335 1149 1525 1193 inequalis.
1576 1149 1658 1183 Nec
1681 1148 1805 1193 quoad
1823 1160 1860 1192 15

477 1208 725 1253 integritatem
756 1207 910 1242 dominii
937 1207 1062 1252 gracia
1088 1207 1165 1241 sive
1191 1206 1350 1241 sciencia
1374 1213 1437 1240 aut
1463 1205 1626 1251 corporis
1644 1206 1807 1240 valitudo

477 1267 554 1302 sive
578 1266 728 1301 libertas
756 1273 856 1301 certa
881 1265 1086 1310 requiritur,
1107 1271 1162 1299 set
1189 1265 1322 1299 sufficit
1347 1264 1632 1309 qualiscunque3
1661 1263 1714 1298 sic
1738 1274 1808 1298 nec

480 1324 517 1358 in
543 1324 668 1358 Adam
694 1330 756 1358 aut
781 1324 817 1358 in
845 1324 920 1358 suis
948 1322 1105 1368 posteris
1131 1322 1232 1356 aliud
1258 1321 1353 1366 exigi
1380 1328 1436 1357 est
1460 1321 1658 1356 dicendum
1685 1321 1809 1366 quoad

478 1383 655 1427 graciam,
683 1393 794 1427 quam
820 1381 919 1426 quod
945 1388 1091 1425 gratum
1121 1380 1317 1415 facientem
1342 1380 1507 1425 graciam
1537 1380 1746 1414 habuerunt
1770 1379 1807 1412 in

434 1449 463 1479 3.
480 1441 715 1475 restitucione
733 1440 896 1475 dominii.
948 1439 1010 1475 Sic
1033 1440 1133 1474 enim
1151 1439 1263 1473 michi
1281 1438 1425 1473 videtur
1448 1439 1493 1472 de
1511 1437 1645 1482 gracia,
1664 1437 1808 1472 formali
1823 1447 1864 1468 20

479 1499 742 1543 quoquomodo
768 1509 892 1540 causa,
917 1497 1022 1532 sicuti
1050 1498 1096 1531 de
1124 1496 1304 1531 materiali
1336 1507 1449 1531 causa
1474 1495 1637 1539 dominii,
1657 1494 1809 1538 scilicet,

478 1557 704 1591 mortalitate
723 1556 898 1601 corporis,
919 1556 1018 1601 quod
1039 1568 1107 1591 nec
1125 1555 1204 1590 eius
1230 1561 1474 1600 augmentum
1498 1566 1565 1589 nec
1589 1554 1666 1589 eius
1691 1553 1810 1588 immi-

477 1615 587 1649 nucio
605 1621 714 1659 auget
734 1626 798 1650 seu
817 1614 949 1649 minuit
968 1614 1089 1659 ipsum
1108 1614 1313 1648 dominium
1335 1625 1399 1648 seu
1419 1613 1474 1647 ius
1498 1612 1577 1647 eius
1595 1624 1602 1656 ;
1631 1611 1725 1647 sicut
1742 1622 1813 1646 nec

477 1680 720 1717 augmentum
754 1672 990 1707 mortalitatis
1023 1679 1087 1707 aut
1119 1673 1401 1706 decrementum
1434 1671 1549 1716 ipsius
1582 1670 1715 1704 minuit
1748 1675 1811 1704 aut

479 1738 591 1775 auget
610 1731 836 1766 dominium:
864 1730 1028 1776 alioquin
1046 1731 1204 1775 amplius
1223 1729 1384 1773 corrupti
1404 1729 1440 1763 in
1465 1740 1628 1773 corpore,
1647 1727 1708 1773 qui
1731 1739 1810 1762 am·
1827 1739 1865 1772 25

480 1789 636 1833 pliorem
664 1800 710 1823 ex
738 1789 810 1823 hoc
845 1789 1109 1823 necessitatem
1140 1787 1321 1823 moriendi
1349 1787 1548 1831 incurrunt,
1577 1786 1736 1830 amplius
1772 1785 1809 1819 in

435 1852 466 1882 4·
481 1847 592 1881 rebus
607 1847 785 1881 haberent
798 1846 1013 1889 dominium,
1029 1846 1128 1891 quod
1147 1857 1168 1880 a
1180 1846 1333 1880 veritate
1347 1851 1402 1880 est
1420 1846 1616 1879 absonum.
1655 1843 1807 1878 Nudam
1821 1849 1982 1880 mundam
1999 1855 2030 1879 Β.

482 1904 583 1939 enim
599 1911 770 1939 naturam
790 1904 927 1939 iustam
945 1905 1152 1947 mortalem,
1166 1910 1343 1948 tanquam
1361 1902 1566 1948 proprietas
1584 1901 1673 1945 eius,
1688 1901 1810 1946 sequi-

481 1968 541 1997 tur
558 1963 763 1997 dominium
787 1962 886 1997 istud
911 1974 956 1997 ex
981 1963 1135 2007 integro,
1154 1973 1229 1996 non
1251 1961 1388 2006 gradus
1411 1961 1489 1995 eius
1508 1960 1631 1994 varius
1654 1959 1813 2004 gradum

484 2020 672 2055 diversum
691 2020 727 2054 in
746 2020 858 2065 ipsis;
887 2020 981 2055 sicut
1000 2032 1069 2054 nec
1088 2020 1251 2055 variatur
1269 2019 1320 2054 sic
1337 2018 1539 2064 positivum
1559 2017 1636 2053 sive
1654 2017 1813 2062 positive
1827 2027 1869 2058 30

483 2077 575 2122 legis
595 2078 801 2112 dominium
819 2090 885 2123 per
898 2078 1147 2113 variacionem
1166 2077 1399 2112 mortalitatis
1418 2083 1454 2112 et
1467 2076 1589 2121 gracie
1609 2076 1812 2111 secundum

484 2136 604 2180 magis
628 2143 691 2170 aut
717 2136 858 2173 minus;
889 2137 973 2171 licet
999 2136 1129 2171 merito
1155 2136 1306 2171 deberet
1332 2146 1376 2170 eo
1403 2135 1516 2169 modo
1534 2134 1667 2169 variari
1694 2133 1814 2168 domi-

484 2194 587 2228 nium
618 2195 717 2239 quod
747 2195 946 2239 prudenter
972 2195 1019 2229 ab
1042 2195 1165 2239 aliquo
1196 2194 1346 2228 deberet
1371 2193 1553 2238 aliquibus
1579 2203 1645 2236 pro
1672 2203 1712 2226 se
1738 2191 1816 2226 sive

485 2252 720 2296 singulariter
744 2252 932 2297 impertiri,
952 2253 1013 2287 ubi
1037 2253 1174 2297 gradus
1191 2253 1314 2297 gracie
1338 2258 1374 2287 et
1398 2250 1606 2295 indigencie
1624 2256 1660 2285 et
1678 2249 1814 2284 diutur-

484 2311 581 2345 nitas
609 2310 682 2345 vite
716 2317 752 2346 et
785 2310 1066 2346 circumstancie
1104 2311 1174 2345 alie
1208 2317 1332 2345 essent
1362 2309 1559 2354 plurimum
1587 2308 1859 2343 attendendi.e2⁴
1874 2321 1938 2341 om.
1953 2318 1985 2341 Β.

487 2370 551 2403 Set
577 2380 810 2413 nequaquam
833 2369 886 2403 sic
910 2368 987 2403 fieri
1014 2375 1139 2413 posset
1166 2368 1202 2402 in
1229 2368 1403 2413 specifica
1429 2366 1663 2412 proprietate,
1682 2377 1753 2411 que
1779 2366 1816 2400 in

486 2438 619 2460 omnes
646 2427 805 2461 debebat
832 2427 1045 2462 indistincte
1070 2426 1212 2462 traduci
1231 2438 1275 2460 ex
1300 2437 1375 2460 uno
1401 2430 1565 2469 parente,
1585 2423 1678 2458 sicut
1698 2423 1817 2469 magis

442 2498 471 2529 5.
488 2485 661 2519 clarescet
684 2484 845 2519 inferius.
895 2484 1096 2529 Apostolus
1120 2485 1190 2519 hoc
1217 2483 1350 2518 sentire
1375 2483 1528 2524 videtur,
1546 2482 1595 2516 ad
1620 2482 1700 2517 Gal.
1720 2481 1765 2516 iv.
1788 2492 1818 2525 1,

487 2552 520 2585 2,
551 2542 711 2587 Quanto,
738 2542 867 2587 inquit,
889 2545 1051 2588 tempore
1075 2543 1178 2576 heres
1195 2542 1390 2587 parvulus
1418 2545 1473 2574 est
1500 2539 1620 2574 nichil
1643 2540 1770 2584 dffert
1793 2552 1817 2574 a

486 2612 605 2643 servo,
624 2612 706 2635 cum
725 2602 777 2634 sil
791 2602 966 2634 dominus
991 2602 1184 2642 omm'um;
1209 2604 1264 2634 set
1279 2600 1345 2633 sub
1361 2599 1548 2633 tutoribus
1573 2601 1609 2631 et
1631 2598 1817 2631 actoribus
1830 2610 1872 2641 40

486 2663 540 2693 est
553 2670 667 2703 usque
684 2659 1126 2704 adprefinz'tum'tempus
1143 2671 1165 2692 a
1175 2661 1290 2704 patre
1303 2671 1315 2692 .·
1342 2658 1468 2691 volens
1484 2656 1590 2690 nobis
1609 2656 1815 2699 ostendere,

488 2723 526 2750 ut
552 2717 663 2751 michi
683 2717 838 2759 videtur,
859 2717 958 2761 quod
983 2717 1142 2751 imbellia
1165 2716 1316 2750 minoris
1343 2716 1450 2750 etatis
1479 2714 1723 2759 integritatem
1748 2713 1814 2746 do-

488 2774 591 2809 minii
610 2786 682 2809 non
703 2774 873 2818 excludit,
889 2786 971 2809 cum
989 2776 1040 2808 sil
1059 2773 1203 2819 (inquit)
1224 2774 1396 2808 dominns
1408 2774 1586 2816 (minima,
1602 2771 1685 2806 licet
1706 2771 1816 2805 robur
