2095 3278
220 222 303 269 352
878 222 1085 255 RICARDI
1119 223 1424 256 ARMACHANI
1885 214 1986 273 [Lm.
2004 230 2048 260 11.

501 327 600 361 circa
628 337 685 361 res
715 332 859 361 creatas
887 333 1037 372 propter
1064 328 1265 371 hominem,
1295 328 1547 363 necessarium
1579 329 1647 364 fuit
1682 329 1717 364 in
1751 329 1832 374 ipso
1846 332 1943 378 [19A

500 386 708 419 humanum
726 385 953 419 dominium:
981 385 1081 430 quod
1101 386 1236 419 Paulus
1255 386 1446 430 apostolus
1473 386 1509 420 in
1535 397 1670 430 genere
1688 387 1834 422 videtur

500 449 665 477 astruere
690 454 734 477 ac
758 443 927 486 probare,
946 443 994 476 ad
1022 443 1193 477 Hebreos
1219 443 1254 477 ii.
1279 444 1330 485 16,
1353 452 1405 487 17,
1423 444 1485 478 ubi
1512 445 1612 487 dicit,
1631 445 1833 489 Nusquam

499 502 598 534 enim
616 501 767 545 angelos
784 500 1038 545 apprehendit,
1051 505 1106 534 set
1121 512 1241 534 semen
1252 501 1432 535 Habralze
1445 502 1713 546 apprehendit,-
1737 503 1834 537 unde

497 554 623 588 debuit
646 557 722 599 per
752 556 878 589 omnia
902 555 1096 598 fratribus
1128 555 1318 599 simulari,
1349 560 1393 589 ut
1421 558 1631 591 misericors
1651 558 1766 601 fieret
1798 562 1862 596 et5

486 612 617 656 fidelis
634 614 812 658 pontzsex
835 613 888 647 ad
908 613 1043 647 Deum.
1094 615 1205 656 Ecce,
1232 614 1331 658 quod
1360 626 1405 648 ex
1438 614 1733 658 apprehensione
1762 616 1830 649 hu-

496 681 607 705 mane
625 676 755 705 nature
773 682 857 705 eum
875 670 1035 705 affirmat
1055 671 1190 706 debere
1215 683 1281 716 per
1301 672 1427 706 omnia
1451 672 1625 707 fratribus
1645 672 1830 707 simulari:

496 728 595 763 unde
629 728 864 773 consequitur
898 729 996 773 quod
1030 728 1156 763 debuit
1190 729 1244 764 eis
1279 728 1373 764 sicut
1408 729 1444 764 in
1479 729 1559 765 aliis
1594 730 1631 765 in
1661 730 1831 775 originali

496 792 748 821 creaturarum
767 786 931 821 dominio
949 786 1181 822 conformari.

416 905 485 939 XI.
548 901 777 936 IOHANNES.
805 902 862 935 Ex
892 902 1082 946 premissis
1112 901 1265 937 attendo
1292 902 1416 936 Adam
1450 901 1610 946 primum
1644 903 1732 938 illud
1763 903 1828 938 do·
1844 911 1887 933 10

218 962 310 999 Agla-m
329 961 383 987 lost
401 961 452 999 hiS,
497 959 652 993 minium
678 970 744 1004 pro
770 971 809 994 se
831 966 867 994 et
885 960 960 994 suis
986 959 1157 994 omnibus
1184 960 1339 1005 posteris
1364 960 1575 1005 accepisse3
1604 967 1660 996 set
1677 972 1830 997 noscere

216 995 473 1061 grlffiffgaklllscffsmp
497 1017 719 1062 concupisco
744 1017 910 1062 nunquid
937 1017 1016 1062 ipse
1042 1018 1182 1062 primus
1208 1029 1340 1062 parens
1366 1024 1492 1052 noster
1520 1030 1586 1062 pro
1615 1030 1654 1053 se
1681 1031 1725 1053 ac
1753 1019 1829 1055 suis

496 1075 653 1120 posteris
672 1075 833 1120 perdidit
852 1075 949 1110 istud
969 1075 1175 1110 dominium
1194 1075 1262 1110 sibi
1280 1075 1516 1119 congenitum
1531 1076 1792 1121 delinquendo.

457 1146 484 1171 1.
544 1134 774 1167 RICARDUS.
802 1133 938 1168 Gracia
971 1133 1183 1177 gratificans
1214 1144 1289 1167 non
1322 1133 1442 1177 magis
1472 1134 1683 1168 necessaria
1715 1135 1827 1170 michi

496 1191 642 1225 videtur
658 1191 707 1224 ad
725 1190 985 1235 accipiendum
1012 1201 1123 1235 quam
1149 1191 1198 1225 ad
1223 1190 1457 1225 retinendum
1484 1191 1573 1225 illud
1599 1191 1825 1226 dominium:
1842 1204 1879 1236 15

495 1248 620 1292 immo,
651 1248 795 1291 minus3
834 1259 919 1282 curn
947 1259 1059 1282 nemo
1087 1248 1294 1283 dominium
1324 1248 1441 1293 possit
1471 1248 1651 1293 accipere,
1677 1249 1747 1284 nisi
1778 1251 1827 1284 ad

493 1312 641 1351 tempus
672 1306 760 1340 illud
789 1306 954 1350 retineat,
986 1312 1021 1341 et
1048 1305 1217 1351 recepcio
1245 1305 1293 1340 ad
1327 1306 1576 1341 retencionem
1609 1308 1827 1342 naturaliter

495 1364 705 1407 ordinetur;
732 1364 829 1398 unde
856 1364 1093 1409 consequitur
1117 1364 1217 1408 quod
1242 1363 1490 1408 delinquendo
1515 1363 1720 1399 dominium
1745 1377 1825 1410 per-

454 1433 481 1455 2.
496 1422 588 1456 didit
606 1421 770 1466 graciam
788 1422 1004 1456 amittendo.
1056 1423 1162 1464 Item,
1181 1432 1304 1455 annon
1323 1422 1369 1456 de
1390 1422 1471 1465 lege
1490 1421 1563 1456 Dei
1581 1428 1617 1457 et
1635 1422 1824 1457 hominurn

494 1479 711 1514 inobediens
739 1479 844 1514 iustis
878 1479 1041 1524 imperiis
1071 1479 1211 1513 domini
1245 1478 1312 1521 sui,
1341 1479 1377 1513 in
1406 1479 1478 1514 hiis
1509 1490 1579 1524 que
1609 1480 1825 1524 contingunt
1841 1492 1881 1514 20

492 1538 633 1572 domini
660 1538 714 1572 sui
743 1538 910 1573 debitam
937 1538 1161 1581 servitutem,
1181 1537 1236 1572 ius
1262 1537 1394 1582 perdit,
1413 1544 1449 1572 et
1474 1537 1640 1573 forefacit
1658 1538 1825 1573 omnium

489 1596 560 1631 sibi
579 1607 645 1641 pro
665 1596 790 1631 debito
811 1595 967 1631 servicio
987 1607 1009 1630 a
1027 1607 1094 1630 suo
1112 1595 1389 1640 impensorum?

538 1655 628 1689 IOH.
655 1656 795 1699 Legem
813 1655 1017 1688 humanam
1036 1654 1074 1688 id
1092 1653 1280 1688 continere
1295 1665 1369 1688 non
1384 1653 1554 1698 ambigo:
1582 1659 1619 1688 et
1635 1654 1823 1689 racionem

488 1711 566 1746 eius
585 1713 749 1755 attendo,
768 1712 945 1757 quoniam
962 1712 1062 1756 quod
1080 1723 1147 1756 pro
1166 1711 1320 1746 servicio
1338 1712 1545 1746 exhibendo
1563 1711 1640 1747 sive
1658 1712 1823 1746 exhibito

489 1770 661 1815 cuiquam
695 1777 751 1805 est
785 1770 996 1815 impensum
1030 1781 1104 1804 non
1135 1776 1304 1804 censetur
1337 1769 1386 1803 illi
1416 1781 1516 1804 mere
1546 1770 1738 1813 donatum,
1767 1776 1822 1804 set
1837 1776 1876 1808 25

487 1828 610 1862 verius
636 1839 701 1873 pro
730 1828 899 1873 impenso
922 1827 940 1847 '¹‘
960 1834 1022 1862 aut
1049 1827 1300 1872 impendendo
1326 1827 1506 1872 obsequio
1533 1833 1866 1869 commutatum;B

488 1886 586 1921 unde
605 1886 751 1920 iusticia
770 1886 881 1931 exigit
899 1885 999 1931 quod
1018 1892 1261 1929 commutans,
1281 1885 1312 1920 si
1338 1896 1414 1919 non
1433 1886 1465 1920 ei
1490 1885 1666 1920 reddatur
1691 1884 1729 1919 id
1754 1897 1822 1930 pro

487 1955 559 1989 quo
578 1950 796 1986 commutat,
817 1945 948 1978 saltem
967 1955 1074 1978 suum
1092 1944 1280 1978 rehabeat.

534 2003 620 2036 RIC.
650 2003 766 2037 Recte
781 2002 995 2047 respondes.
1032 2001 1094 2036 Sic
1111 2001 1228 2036 nostri
1247 2001 1354 2045 primi
1374 2008 1545 2046 parentes
1564 2001 1819 2036 inobedientes
1832 2003 1864 2033 sz'
1879 2011 1917 2034 M.

485 2066 590 2094 erant
624 2060 777 2104 imperio
805 2059 958 2094 Domini
990 2059 1063 2093 Dei
1096 2059 1163 2102 sui,
1190 2070 1262 2104 quo
1290 2059 1344 2093 eis
1374 2066 1597 2104 preceperat,
1625 2060 1692 2093 Ex
1718 2060 1822 2093 omni
1834 2071 1876 2102 30

483 2118 590 2163 lagno
607 2118 789 2162 paradisi
814 2118 980 2158 comede,·
1004 2116 1048 2151 de
1073 2117 1177 2162 lzgno
1202 2128 1290 2151 vero
1314 2118 1464 2151 sciencie
1489 2117 1575 2151 boni
1597 2121 1633 2151 et
1657 2118 1752 2150 mali
1775 2128 1821 2150 ne

485 2176 699 2218 commedas,
720 2178 812 2211 Gen.
833 2176 866 2210 ii.
890 2176 941 2218 16,
964 2183 1025 2218 17:
1057 2175 1155 2219 quod
1181 2182 1305 2209 autem
1332 2176 1435 2209 Deus
1465 2175 1536 2209 hoc
1562 2174 1702 2209 mulieri
1725 2175 1819 2209 sicut

485 2234 563 2268 viro
591 2246 658 2268 suo
684 2240 899 2278 preceperat
927 2233 1006 2278 ipsa
1032 2233 1221 2278 expressit,
1241 2244 1324 2267 cum
1350 2233 1541 2277 respondit
1567 2232 1740 2277 serpenti,
1761 2233 1820 2266 De

472 2292 611 2337 fructu
629 2293 820 2338 lzgnorum
839 2303 909 2336 que
925 2295 1015 2325 sunt
1031 2292 1071 2325 in
1089 2291 1276 2325 Paradiso
1293 2292 1506 2332 vescimur;
1531 2290 1719 2334 defructu
1730 2301 1819 2324 vero

484 2350 586 2396 lzgni
608 2351 711 2395 quod
731 2354 786 2384 est
808 2351 849 2384 z'n
875 2350 993 2384 medio
1011 2349 1195 2383 Paradz'sz'
1210 2349 1379 2393 precepit
1402 2349 1505 2382 nobis
1522 2349 1626 2382 Deus
1642 2359 1688 2382 ne
1703 2359 1816 2382 come-
1833 2355 1871 2387 35

483 2409 653 2442 daremus
679 2412 716 2442 et
741 2419 785 2442 ne
814 2411 1053 2453 tangeremus
1081 2407 1191 2450 illud,
1221 2407 1313 2441 Gen.
1337 2406 1385 2440 iii.
1410 2415 1441 2449 2,
1462 2416 1494 2449 3.
1547 2407 1629 2440 Nec
1658 2405 1817 2450 ambigis

483 2466 571 2510 quin
606 2466 642 2500 in
677 2465 922 2500 observancia
958 2464 1063 2499 istius
1098 2464 1265 2498 mandati
1300 2464 1367 2498 fuit
1398 2463 1564 2498 debitum
1596 2465 1678 2498 Deo
1711 2464 1816 2498 obse-

483 2524 635 2568 quium3
670 2530 724 2558 set
750 2524 843 2558 forte
868 2534 942 2557 non
972 2523 1079 2567 plene
1105 2521 1286 2566 prospicis
1312 2522 1412 2566 quod
1442 2532 1507 2566 pro
1538 2520 1608 2555 isto
1638 2521 1815 2566 obsequio

482 2581 731 2626 impendendo
751 2580 956 2614 dominium
975 2585 1225 2614 creaturarum
1243 2579 1350 2614 fuerit
1370 2579 1422 2613 eis
1440 2591 1462 2613 a
1481 2579 1563 2614 Deo
1582 2579 1767 2613 collatum.

532 2640 621 2674 IOH.
650 2639 712 2674 Sic
729 2645 804 2673 est:
832 2638 930 2673 istud
949 2638 1114 2672 ostende.
1826 2645 1921 2675 istud
1934 2654 1972 2678 Μ,

447 2718 475 2735 a,
534 2699 619 2731 RIC.
647 2697 727 2731 Etsi
762 2708 835 2731 non
870 2708 912 2730 ex
942 2702 1062 2741 pacto,
1090 2702 1212 2730 tamen
1244 2696 1315 2729 hoc
1343 2701 1493 2739 apparet
1521 2706 1564 2729 ex
1590 2695 1699 2737 facto,
1726 2694 1812 2738 quia
1824 2688 1874 2718 ad.
1893 2697 1923 2719 Β·

484 2757 576 2789 tulit
592 2756 780 2789 Dominus
798 2756 901 2788 Deus
924 2755 1108 2788 hominem
1127 2758 1162 2787 el
1170 2755 1302 2798 posuit
1318 2765 1399 2787 eum
1417 2754 1457 2786 in
1476 2753 1662 2787 Paradz'so
1679 2752 1812 2797 volup-

483 2815 584 2857 tatis,
605 2819 648 2848 ut
665 2816 884 2859 operarelur
899 2818 934 2847 et
951 2813 1153 2847 custodiret
1168 2813 1278 2846 illum
1300 2812 1408 2857 (Gen.
1428 2812 1462 2846 ii.
1486 2811 1540 2856 15)
1556 2822 1563 2845 τ
1591 2811 1651 2846 ubi
1670 2823 1713 2846 ex
1732 2811 1811 2856 ipso
