<?xml version="1.0" encoding="UTF-8"?>
<!DOCTYPE html PUBLIC "-//W3C//DTD XHTML 1.0 Transitional//EN"
    "http://www.w3.org/TR/xhtml1/DTD/xhtml1-transitional.dtd">
<html xmlns="http://www.w3.org/1999/xhtml" xml:lang="en" lang="en">
 <head>
  <title>
</title>
<meta http-equiv="Content-Type" content="text/html;charset=utf-8" />
  <meta name='ocr-system' content='tesseract 3.04.00' />
  <meta name='ocr-capabilities' content='ocr_page ocr_carea ocr_par ocr_line ocrx_word'/>
</head>
<body>
  <div class='ocr_page' id='page_1' title='image "./dedominiodivinol00wycl_0384.png"; bbox 0 0 2095 3278; ppageno 0'>
   <div class='ocr_carea' id='block_1_1' title="bbox 224 178 307 233">
    <p class='ocr_par' dir='ltr' id='par_1_1' title="bbox 224 178 307 233">
     <span class='ocr_line' id='line_1_1' title="bbox 224 178 307 233; baseline -0.048 -12"><span class='ocrx_word' id='word_1_1' title='bbox 224 178 307 233; x_wconf 80' lang='lat'><strong>328</strong></span> 
     </span>
    </p>
   </div>
   <div class='ocr_carea' id='block_1_2' title="bbox 225 749 490 817">
    <p class='ocr_par' dir='ltr' id='par_1_2' title="bbox 225 749 490 817">
     <span class='ocr_line' id='line_1_2' title="bbox 225 749 440 776; baseline 0 -1"><span class='ocrx_word' id='word_1_2' title='bbox 225 750 276 776; x_wconf 88' lang='lat' dir='ltr'><strong>but</strong></span> <span class='ocrx_word' id='word_1_3' title='bbox 289 749 321 775; x_wconf 74' lang='lat' dir='ltr'><strong>os</strong></span> <span class='ocrx_word' id='word_1_4' title='bbox 330 758 366 776; x_wconf 88' lang='lat' dir='ltr'><strong>no</strong></span> <span class='ocrx_word' id='word_1_5' title='bbox 378 754 440 775; x_wconf 85' lang='lat' dir='ltr'><strong>true</strong></span> 
     </span>
     <span class='ocr_line' id='line_1_3' title="bbox 225 782 490 817; baseline 0.004 -8"><span class='ocrx_word' id='word_1_6' title='bbox 225 784 301 817; x_wconf 83' lang='lat' dir='ltr'>right</span> <span class='ocrx_word' id='word_1_7' title='bbox 313 792 343 810; x_wconf 85' lang='lat' dir='ltr'><strong>or</strong></span> <span class='ocrx_word' id='word_1_8' title='bbox 356 782 490 817; x_wconf 83' lang='lat' dir='ltr'><strong>lordship.</strong></span> 
     </span>
    </p>
   </div>
   <div class='ocr_carea' id='block_1_3' title="bbox 908 177 2038 237">
    <p class='ocr_par' dir='ltr' id='par_1_3' title="bbox 908 177 2038 237">
     <span class='ocr_line' id='line_1_4' title="bbox 908 177 2038 237; baseline -0.004 -14"><span class='ocrx_word' id='word_1_9' title='bbox 908 190 1112 223; x_wconf 77' lang='lat' dir='ltr'><strong>RICARDI</strong></span> <span class='ocrx_word' id='word_1_10' title='bbox 1144 189 1444 223; x_wconf 80' lang='lat' dir='ltr'>ARMACHANI</span> <span class='ocrx_word' id='word_1_11' title='bbox 1894 177 1996 237; x_wconf 67' lang='grc' dir='ltr'><strong>[ΠΒ.</strong></span> <span class='ocrx_word' id='word_1_12' title='bbox 2011 192 2038 220; x_wconf 93' lang='lat'><strong>1.</strong></span> 
     </span>
    </p>
   </div>
   <div class='ocr_carea' id='block_1_4' title="bbox 502 290 2053 2759">
    <p class='ocr_par' dir='ltr' id='par_1_4' title="bbox 502 290 2043 739">
     <span class='ocr_line' id='line_1_5' title="bbox 504 290 1932 339; baseline 0.004 -15"><span class='ocrx_word' id='word_1_13' title='bbox 504 290 624 326; x_wconf 88' lang='lat' dir='ltr'><strong>verius</strong></span> <span class='ocrx_word' id='word_1_14' title='bbox 650 299 706 327; x_wconf 85' lang='lat' dir='ltr'><strong>est</strong></span> <span class='ocrx_word' id='word_1_15' title='bbox 732 293 898 338; x_wconf 86' lang='lat' dir='ltr'>tirannis,</span> <span class='ocrx_word' id='word_1_16' title='bbox 925 294 1157 339; x_wconf 84' lang='lat' dir='ltr'><strong>restringitur</strong></span> <span class='ocrx_word' id='word_1_17' title='bbox 1181 300 1292 338; x_wconf 89' lang='lat' dir='ltr'><strong>atque</strong></span> <span class='ocrx_word' id='word_1_18' title='bbox 1317 293 1519 335; x_wconf 84' lang='lat' dir='ltr'><strong>minuitur3</strong></span> <span class='ocrx_word' id='word_1_19' title='bbox 1545 298 1580 327; x_wconf 90' lang='lat' dir='ltr'><strong>et</strong></span> <span class='ocrx_word' id='word_1_20' title='bbox 1608 292 1660 328; x_wconf 87' lang='lat' dir='ltr'><strong>sic</strong></span> <span class='ocrx_word' id='word_1_21' title='bbox 1685 292 1721 327; x_wconf 92' lang='lat' dir='ltr'><strong>in</strong></span> <span class='ocrx_word' id='word_1_22' title='bbox 1748 292 1828 337; x_wconf 90' lang='lat' dir='ltr'><strong>ipso</strong></span> <span class='ocrx_word' id='word_1_23' title='bbox 1843 296 1932 338; x_wconf 81' lang='lat'><strong>[130</strong></span> 
     </span>
     <span class='ocr_line' id='line_1_6' title="bbox 503 349 2043 396; baseline -0.001 -14"><span class='ocrx_word' id='word_1_24' title='bbox 503 349 623 383; x_wconf 89' lang='lat' dir='ltr'><strong>taliter</strong></span> <span class='ocrx_word' id='word_1_25' title='bbox 648 351 824 386; x_wconf 85' lang='lat' dir='ltr'><strong>offerente</strong></span> <span class='ocrx_word' id='word_1_26' title='bbox 849 352 1013 396; x_wconf 87' lang='lat' dir='ltr'><strong>regimen</strong></span> <span class='ocrx_word' id='word_1_27' title='bbox 1040 351 1263 396; x_wconf 87' lang='lat' dir='ltr'>cupiditatis,</span> <span class='ocrx_word' id='word_1_28' title='bbox 1282 352 1381 396; x_wconf 90' lang='lat' dir='ltr'><strong>quod</strong></span> <span class='ocrx_word' id='word_1_29' title='bbox 1406 362 1490 385; x_wconf 89' lang='lat' dir='ltr'><strong>vere</strong></span> <span class='ocrx_word' id='word_1_30' title='bbox 1515 357 1570 385; x_wconf 86' lang='lat' dir='ltr'><strong>est</strong></span> <span class='ocrx_word' id='word_1_31' title='bbox 1597 362 1715 394; x_wconf 79' lang='lat' dir='ltr'><strong>suum,</strong></span> <span class='ocrx_word' id='word_1_32' title='bbox 1742 351 1828 395; x_wconf 89' lang='lat' dir='ltr'><strong>quia</strong></span> <span class='ocrx_word' id='word_1_33' title='bbox 1840 352 2043 382; x_wconf 83' lang='lat' dir='ltr'><strong>tz&#39;rannusM.</strong></span> 
     </span>
     <span class='ocr_line' id='line_1_7' title="bbox 503 407 1828 453; baseline 0.001 -12"><span class='ocrx_word' id='word_1_34' title='bbox 503 407 571 441; x_wconf 87' lang='lat' dir='ltr'><strong>sibi</strong></span> <span class='ocrx_word' id='word_1_35' title='bbox 592 409 839 452; x_wconf 88' lang='lat' dir='ltr'><strong>congenitum,</strong></span> <span class='ocrx_word' id='word_1_36' title='bbox 858 420 924 453; x_wconf 92' lang='lat' dir='ltr'><strong>pro</strong></span> <span class='ocrx_word' id='word_1_37' title='bbox 942 416 1046 453; x_wconf 85' lang='lat' dir='ltr'><strong>parte</strong></span> <span class='ocrx_word' id='word_1_38' title='bbox 1072 410 1269 453; x_wconf 84' lang='lat' dir='ltr'><strong>prudenter</strong></span> <span class='ocrx_word' id='word_1_39' title='bbox 1285 408 1474 451; x_wconf 85' lang='lat' dir='ltr'><strong>amittitur,</strong></span> <span class='ocrx_word' id='word_1_40' title='bbox 1493 408 1697 452; x_wconf 85' lang='lat' dir='ltr'><strong>abdicatur,</strong></span> <span class='ocrx_word' id='word_1_41' title='bbox 1716 415 1828 453; x_wconf 87' lang='lat' dir='ltr'><strong>atque</strong></span> 
     </span>
     <span class='ocr_line' id='line_1_8' title="bbox 502 464 1827 510; baseline 0.002 -12"><span class='ocrx_word' id='word_1_42' title='bbox 502 464 680 508; x_wconf 86' lang='lat' dir='ltr'><strong>abicitur;</strong></span> <span class='ocrx_word' id='word_1_43' title='bbox 708 472 743 500; x_wconf 92' lang='lat' dir='ltr'><strong>et</strong></span> <span class='ocrx_word' id='word_1_44' title='bbox 762 466 814 500; x_wconf 92' lang='lat' dir='ltr'><strong>sic</strong></span> <span class='ocrx_word' id='word_1_45' title='bbox 827 467 965 500; x_wconf 84' lang='lat' dir='ltr'>bonam</span> <span class='ocrx_word' id='word_1_46' title='bbox 983 467 1211 501; x_wconf 89' lang='lat' dir='ltr'><strong>voluntatem</strong></span> <span class='ocrx_word' id='word_1_47' title='bbox 1229 473 1291 500; x_wconf 91' lang='lat' dir='ltr'><strong>aut</strong></span> <span class='ocrx_word' id='word_1_48' title='bbox 1311 466 1472 510; x_wconf 88' lang='lat' dir='ltr'><strong>seipsum</strong></span> <span class='ocrx_word' id='word_1_49' title='bbox 1483 466 1530 500; x_wconf 91' lang='lat' dir='ltr'><strong>ad</strong></span> <span class='ocrx_word' id='word_1_50' title='bbox 1549 467 1827 510; x_wconf 85' lang='lat' dir='ltr'><strong>obsequendum</strong></span> 
     </span>
     <span class='ocr_line' id='line_1_9' title="bbox 504 522 1861 568; baseline 0.001 -12"><span class='ocrx_word' id='word_1_51' title='bbox 504 522 588 556; x_wconf 93' lang='lat' dir='ltr'><strong>Deo</strong></span> <span class='ocrx_word' id='word_1_52' title='bbox 606 523 773 566; x_wconf 83' lang='lat' dir='ltr'><strong>offerens,</strong></span> <span class='ocrx_word' id='word_1_53' title='bbox 795 523 851 557; x_wconf 87' lang='lat' dir='ltr'><strong>ius</strong></span> <span class='ocrx_word' id='word_1_54' title='bbox 870 524 1020 568; x_wconf 86' lang='lat' dir='ltr'>aliquod</span> <span class='ocrx_word' id='word_1_55' title='bbox 1046 525 1195 558; x_wconf 82' lang='lat' dir='ltr'><strong>abdicat</strong></span> <span class='ocrx_word' id='word_1_56' title='bbox 1214 525 1313 568; x_wconf 90' lang='lat' dir='ltr'><strong>quod</strong></span> <span class='ocrx_word' id='word_1_57' title='bbox 1331 530 1386 558; x_wconf 90' lang='lat' dir='ltr'><strong>est</strong></span> <span class='ocrx_word' id='word_1_58' title='bbox 1405 535 1524 566; x_wconf 88' lang='lat' dir='ltr'><strong>suum,</strong></span> <span class='ocrx_word' id='word_1_59' title='bbox 1543 523 1627 558; x_wconf 88' lang='lat' dir='ltr'><strong>licet</strong></span> <span class='ocrx_word' id='word_1_60' title='bbox 1654 525 1711 558; x_wconf 89' lang='lat' dir='ltr'><strong>lex</strong></span> <span class='ocrx_word' id='word_1_61' title='bbox 1729 523 1828 568; x_wconf 91' lang='lat' dir='ltr'><strong>cupi·</strong></span> <span class='ocrx_word' id='word_1_62' title='bbox 1843 534 1861 567; x_wconf 86' lang='lat'>5</span> 
     </span>
     <span class='ocr_line' id='line_1_10' title="bbox 503 580 1829 626; baseline 0.002 -13"><span class='ocrx_word' id='word_1_63' title='bbox 503 580 629 614; x_wconf 89' lang='lat' dir='ltr'><strong>ditatis</strong></span> <span class='ocrx_word' id='word_1_64' title='bbox 655 580 711 615; x_wconf 90' lang='lat' dir='ltr'><strong>ius</strong></span> <span class='ocrx_word' id='word_1_65' title='bbox 737 581 859 615; x_wconf 85' lang='lat' dir='ltr'><strong>minus</strong></span> <span class='ocrx_word' id='word_1_66' title='bbox 885 582 1032 626; x_wconf 86' lang='lat' dir='ltr'><strong>proprie</strong></span> <span class='ocrx_word' id='word_1_67' title='bbox 1057 582 1282 626; x_wconf 84' lang='lat' dir='ltr'><strong>appelletur:</strong></span> <span class='ocrx_word' id='word_1_68' title='bbox 1320 588 1357 616; x_wconf 89' lang='lat' dir='ltr'><strong>et</strong></span> <span class='ocrx_word' id='word_1_69' title='bbox 1382 582 1430 615; x_wconf 93' lang='lat' dir='ltr'><strong>ob</strong></span> <span class='ocrx_word' id='word_1_70' title='bbox 1455 582 1526 615; x_wconf 92' lang='lat' dir='ltr'><strong>hoc</strong></span> <span class='ocrx_word' id='word_1_71' title='bbox 1551 580 1720 625; x_wconf 88' lang='lat' dir='ltr'><strong>apercius</strong></span> <span class='ocrx_word' id='word_1_72' title='bbox 1746 592 1829 615; x_wconf 88' lang='lat' dir='ltr'><strong>meo</strong></span> 
     </span>
     <span class='ocr_line' id='line_1_11' title="bbox 503 637 1829 683; baseline 0.002 -12"><span class='ocrx_word' id='word_1_73' title='bbox 503 637 638 671; x_wconf 89' lang='lat' dir='ltr'><strong>iudicio</strong></span> <span class='ocrx_word' id='word_1_74' title='bbox 672 638 744 672; x_wconf 87' lang='lat' dir='ltr'><strong>dici</strong></span> <span class='ocrx_word' id='word_1_75' title='bbox 774 645 895 682; x_wconf 88' lang='lat' dir='ltr'><strong>potest</strong></span> <span class='ocrx_word' id='word_1_76' title='bbox 925 639 1023 683; x_wconf 88' lang='lat' dir='ltr'><strong>quod</strong></span> <span class='ocrx_word' id='word_1_77' title='bbox 1055 639 1108 673; x_wconf 89' lang='lat' dir='ltr'><strong>sic</strong></span> <span class='ocrx_word' id='word_1_78' title='bbox 1134 639 1273 673; x_wconf 81' lang='lat' dir='ltr'>bonam</span> <span class='ocrx_word' id='word_1_79' title='bbox 1304 639 1387 673; x_wconf 94' lang='lat' dir='ltr'><strong>Deo</strong></span> <span class='ocrx_word' id='word_1_80' title='bbox 1414 638 1573 673; x_wconf 86' lang='lat' dir='ltr'><strong>offerens</strong></span> <span class='ocrx_word' id='word_1_81' title='bbox 1601 639 1829 673; x_wconf 88' lang='lat' dir='ltr'><strong>voluntatem</strong></span> 
     </span>
     <span class='ocr_line' id='line_1_12' title="bbox 502 694 1296 739; baseline 0.003 -11"><span class='ocrx_word' id='word_1_82' title='bbox 502 694 643 739; x_wconf 90' lang='lat' dir='ltr'><strong>aliquid</strong></span> <span class='ocrx_word' id='word_1_83' title='bbox 661 696 707 730; x_wconf 91' lang='lat' dir='ltr'><strong>de</strong></span> <span class='ocrx_word' id='word_1_84' title='bbox 727 707 791 730; x_wconf 93' lang='lat' dir='ltr'><strong>suo</strong></span> <span class='ocrx_word' id='word_1_85' title='bbox 810 695 886 730; x_wconf 90' lang='lat' dir='ltr'><strong>iure</strong></span> <span class='ocrx_word' id='word_1_86' title='bbox 904 696 1052 730; x_wconf 88' lang='lat' dir='ltr'><strong>abdicat</strong></span> <span class='ocrx_word' id='word_1_87' title='bbox 1069 702 1133 732; x_wconf 82' lang='lat' dir='ltr'><strong>aut</strong></span> <span class='ocrx_word' id='word_1_88' title='bbox 1150 696 1296 730; x_wconf 85' lang='lat' dir='ltr'><strong>amittit.</strong></span> 
     </span>
    </p>

    <p class='ocr_par' dir='ltr' id='par_1_5' title="bbox 504 752 2053 2759">
     <span class='ocr_line' id='line_1_13' title="bbox 551 752 1830 798; baseline 0 -11"><span class='ocrx_word' id='word_1_89' title='bbox 551 754 638 787; x_wconf 87' lang='lat' dir='ltr'><strong>RIC.</strong></span> <span class='ocrx_word' id='word_1_90' title='bbox 666 754 766 788; x_wconf 84' lang='lat' dir='ltr'><strong>Cave</strong></span> <span class='ocrx_word' id='word_1_91' title='bbox 790 765 837 788; x_wconf 88' lang='lat' dir='ltr'><strong>ne</strong></span> <span class='ocrx_word' id='word_1_92' title='bbox 854 765 929 787; x_wconf 91' lang='lat' dir='ltr'><strong>non</strong></span> <span class='ocrx_word' id='word_1_93' title='bbox 947 760 1045 789; x_wconf 89' lang='lat' dir='ltr'><strong>recte</strong></span> <span class='ocrx_word' id='word_1_94' title='bbox 1069 754 1204 788; x_wconf 84' lang='lat' dir='ltr'><strong>inseras</strong></span> <span class='ocrx_word' id='word_1_95' title='bbox 1230 753 1441 798; x_wconf 83' lang='lat' dir='ltr'><strong>cupiditatis</strong></span> <span class='ocrx_word' id='word_1_96' title='bbox 1466 753 1585 788; x_wconf 89' lang='lat' dir='ltr'><strong>amitti</strong></span> <span class='ocrx_word' id='word_1_97' title='bbox 1604 752 1659 788; x_wconf 91' lang='lat' dir='ltr'><strong>ius</strong></span> <span class='ocrx_word' id='word_1_98' title='bbox 1680 752 1830 798; x_wconf 82' lang='lat' dir='ltr'><strong>aliquod</strong></span> 
     </span>
     <span class='ocr_line' id='line_1_14' title="bbox 505 810 1886 856; baseline 0.002 -12"><span class='ocrx_word' id='word_1_99' title='bbox 505 810 542 844; x_wconf 87' lang='lat' dir='ltr'><strong>in</strong></span> <span class='ocrx_word' id='word_1_100' title='bbox 567 810 638 845; x_wconf 83' lang='lat' dir='ltr'><strong>hoc</strong></span> <span class='ocrx_word' id='word_1_101' title='bbox 662 822 762 854; x_wconf 84' lang='lat' dir='ltr'><strong>casu,</strong></span> <span class='ocrx_word' id='word_1_102' title='bbox 782 811 951 855; x_wconf 86' lang='lat' dir='ltr'><strong>quamvis</strong></span> <span class='ocrx_word' id='word_1_103' title='bbox 976 811 1011 845; x_wconf 92' lang='lat' dir='ltr'><strong>in</strong></span> <span class='ocrx_word' id='word_1_104' title='bbox 1035 823 1074 846; x_wconf 94' lang='lat' dir='ltr'><strong>se</strong></span> <span class='ocrx_word' id='word_1_105' title='bbox 1100 811 1180 856; x_wconf 90' lang='lat' dir='ltr'><strong>ipsa</strong></span> <span class='ocrx_word' id='word_1_106' title='bbox 1207 811 1391 855; x_wconf 88' lang='lat' dir='ltr'><strong>cupiditas</strong></span> <span class='ocrx_word' id='word_1_107' title='bbox 1417 811 1626 854; x_wconf 84' lang='lat' dir='ltr'><strong>1ninuatur3</strong></span> <span class='ocrx_word' id='word_1_108' title='bbox 1654 811 1829 856; x_wconf 91' lang='lat' dir='ltr'><strong>quoniam</strong></span> <span class='ocrx_word' id='word_1_109' title='bbox 1846 823 1886 847; x_wconf 90' lang='lat'><strong>10</strong></span> 
     </span>
     <span class='ocr_line' id='line_1_15' title="bbox 506 868 1830 914; baseline 0.001 -12"><span class='ocrx_word' id='word_1_110' title='bbox 506 868 708 903; x_wconf 88' lang='lat' dir='ltr'><strong>dominium</strong></span> <span class='ocrx_word' id='word_1_111' title='bbox 728 869 905 912; x_wconf 84' lang='lat' dir='ltr'><strong>naturale,</strong></span> <span class='ocrx_word' id='word_1_112' title='bbox 925 870 1032 914; x_wconf 86' lang='lat' dir='ltr'><strong>quale</strong></span> <span class='ocrx_word' id='word_1_113' title='bbox 1050 870 1162 904; x_wconf 90' lang='lat' dir='ltr'><strong>habet</strong></span> <span class='ocrx_word' id='word_1_114' title='bbox 1175 870 1346 903; x_wconf 88' lang='lat' dir='ltr'><strong>voluntas</strong></span> <span class='ocrx_word' id='word_1_115' title='bbox 1366 880 1474 913; x_wconf 87' lang='lat' dir='ltr'><strong>super</strong></span> <span class='ocrx_word' id='word_1_116' title='bbox 1492 869 1710 903; x_wconf 86' lang='lat' dir='ltr'><strong>intrinsecos</strong></span> <span class='ocrx_word' id='word_1_117' title='bbox 1728 875 1830 903; x_wconf 87' lang='lat' dir='ltr'><strong>actus</strong></span> 
     </span>
     <span class='ocr_line' id='line_1_16' title="bbox 505 926 2035 972; baseline -0.002 -12"><span class='ocrx_word' id='word_1_118' title='bbox 505 938 592 961; x_wconf 87' lang='lat' dir='ltr'><strong>suos</strong></span> <span class='ocrx_word' id='word_1_119' title='bbox 612 926 726 970; x_wconf 86' lang='lat' dir='ltr'><strong>(iuxta</strong></span> <span class='ocrx_word' id='word_1_120' title='bbox 744 927 834 961; x_wconf 88' lang='lat' dir='ltr'><strong>illud</strong></span> <span class='ocrx_word' id='word_1_121' title='bbox 851 927 1102 972; x_wconf 83' lang='lat' dir='ltr'><strong>supradictum</strong></span> <span class='ocrx_word' id='word_1_122' title='bbox 1121 939 1143 962; x_wconf 93' lang='lat' dir='ltr'><strong>a</strong></span> <span class='ocrx_word' id='word_1_123' title='bbox 1169 928 1251 961; x_wconf 89' lang='lat' dir='ltr'><strong>Deo</strong></span> <span class='ocrx_word' id='word_1_124' title='bbox 1272 927 1320 961; x_wconf 91' lang='lat' dir='ltr'><strong>ad</strong></span> <span class='ocrx_word' id='word_1_125' title='bbox 1340 928 1470 970; x_wconf 80' lang='lat' dir='ltr'><strong>Caym‚</strong></span> <span class='ocrx_word' id='word_1_126' title='bbox 1489 927 1569 961; x_wconf 81' lang='lat' dir='ltr'><strong>Sub</strong></span> <span class='ocrx_word' id='word_1_127' title='bbox 1591 930 1625 961; x_wconf 84' lang='lat' dir='ltr'><strong>te</strong></span> <span class='ocrx_word' id='word_1_128' title='bbox 1642 927 1832 971; x_wconf 67' lang='lat' dir='ltr'><strong>appetitus</strong></span> <span class='ocrx_word' id='word_1_129' title='bbox 1846 928 1927 959; x_wconf 89' lang='lat' dir='ltr'><strong>Gen.</strong></span> <span class='ocrx_word' id='word_1_130' title='bbox 1943 926 1986 958; x_wconf 89' lang='lat' dir='ltr'><strong>iv.</strong></span> <span class='ocrx_word' id='word_1_131' title='bbox 2007 932 2035 967; x_wconf 80' lang='lat'><strong>7.</strong></span> 
     </span>
     <span class='ocr_line' id='line_1_17' title="bbox 505 984 1832 1029; baseline 0.001 -11"><span class='ocrx_word' id='word_1_132' title='bbox 505 984 624 1027; x_wconf 80' lang='lat' dir='ltr'><strong>illius,</strong></span> <span class='ocrx_word' id='word_1_133' title='bbox 650 989 686 1018; x_wconf 82' lang='lat' dir='ltr'><strong>et</strong></span> <span class='ocrx_word' id='word_1_134' title='bbox 708 989 750 1018; x_wconf 78' lang='lat' dir='ltr'><strong>tu</strong></span> <span class='ocrx_word' id='word_1_135' title='bbox 775 985 1026 1019; x_wconf 76' lang='lat' dir='ltr'><strong>dominaberis</strong></span> <span class='ocrx_word' id='word_1_136' title='bbox 1050 984 1185 1029; x_wconf 82' lang='lat' dir='ltr'><strong>illius),</strong></span> <span class='ocrx_word' id='word_1_137' title='bbox 1209 996 1282 1019; x_wconf 88' lang='lat' dir='ltr'><strong>non</strong></span> <span class='ocrx_word' id='word_1_138' title='bbox 1312 991 1368 1019; x_wconf 91' lang='lat' dir='ltr'><strong>est</strong></span> <span class='ocrx_word' id='word_1_139' title='bbox 1396 984 1593 1019; x_wconf 88' lang='lat' dir='ltr'><strong>intrinseca</strong></span> <span class='ocrx_word' id='word_1_140' title='bbox 1623 985 1832 1029; x_wconf 87' lang='lat' dir='ltr'><strong>cupiditas;</strong></span> 
     </span>
     <span class='ocr_line' id='line_1_18' title="bbox 506 1041 1832 1087; baseline 0.001 -12"><span class='ocrx_word' id='word_1_141' title='bbox 506 1041 681 1087; x_wconf 86' lang='lat' dir='ltr'><strong>quoniam</strong></span> <span class='ocrx_word' id='word_1_142' title='bbox 707 1041 807 1076; x_wconf 91' lang='lat' dir='ltr'><strong>istud</strong></span> <span class='ocrx_word' id='word_1_143' title='bbox 832 1043 1035 1077; x_wconf 88' lang='lat' dir='ltr'><strong>dominium</strong></span> <span class='ocrx_word' id='word_1_144' title='bbox 1060 1049 1115 1077; x_wconf 91' lang='lat' dir='ltr'><strong>est</strong></span> <span class='ocrx_word' id='word_1_145' title='bbox 1141 1042 1178 1076; x_wconf 90' lang='lat' dir='ltr'><strong>in</strong></span> <span class='ocrx_word' id='word_1_146' title='bbox 1203 1041 1342 1086; x_wconf 83' lang='lat' dir='ltr'><strong>angelis</strong></span> <span class='ocrx_word' id='word_1_147' title='bbox 1368 1042 1605 1085; x_wconf 87' lang='lat' dir='ltr'><strong>confirmatis,</strong></span> <span class='ocrx_word' id='word_1_148' title='bbox 1631 1048 1667 1076; x_wconf 91' lang='lat' dir='ltr'><strong>et</strong></span> <span class='ocrx_word' id='word_1_149' title='bbox 1697 1041 1764 1076; x_wconf 87' lang='lat' dir='ltr'><strong>erit</strong></span> <span class='ocrx_word' id='word_1_150' title='bbox 1795 1042 1832 1076; x_wconf 88' lang='lat' dir='ltr'><strong>in</strong></span> 
     </span>
     <span class='ocr_line' id='line_1_19' title="bbox 506 1099 1886 1144; baseline 0 -11"><span class='ocrx_word' id='word_1_151' title='bbox 506 1100 613 1134; x_wconf 89' lang='lat' dir='ltr'><strong>nobis</strong></span> <span class='ocrx_word' id='word_1_152' title='bbox 644 1099 680 1133; x_wconf 90' lang='lat' dir='ltr'><strong>in</strong></span> <span class='ocrx_word' id='word_1_153' title='bbox 710 1099 856 1144; x_wconf 81' lang='lat' dir='ltr'><strong>patria:</strong></span> <span class='ocrx_word' id='word_1_154' title='bbox 896 1107 951 1134; x_wconf 91' lang='lat' dir='ltr'><strong>set</strong></span> <span class='ocrx_word' id='word_1_155' title='bbox 978 1100 1161 1144; x_wconf 85' lang='lat' dir='ltr'><strong>cupiditas</strong></span> <span class='ocrx_word' id='word_1_156' title='bbox 1191 1106 1247 1135; x_wconf 89' lang='lat' dir='ltr'><strong>est</strong></span> <span class='ocrx_word' id='word_1_157' title='bbox 1274 1110 1388 1134; x_wconf 88' lang='lat' dir='ltr'><strong>unum</strong></span> <span class='ocrx_word' id='word_1_158' title='bbox 1415 1100 1701 1134; x_wconf 81' lang='lat' dir='ltr'><strong>instrumentum</strong></span> <span class='ocrx_word' id='word_1_159' title='bbox 1728 1099 1832 1134; x_wconf 89' lang='lat' dir='ltr'><strong>istius</strong></span> <span class='ocrx_word' id='word_1_160' title='bbox 1849 1109 1886 1141; x_wconf 83' lang='lat'><strong>15</strong></span> 
     </span>
     <span class='ocr_line' id='line_1_20' title="bbox 504 1157 1832 1202; baseline 0 -11"><span class='ocrx_word' id='word_1_161' title='bbox 504 1157 681 1192; x_wconf 85' lang='lat' dir='ltr'><strong>naturalis</strong></span> <span class='ocrx_word' id='word_1_162' title='bbox 715 1157 880 1201; x_wconf 80' lang='lat' dir='ltr'><strong>dominii,</strong></span> <span class='ocrx_word' id='word_1_163' title='bbox 913 1165 949 1192; x_wconf 91' lang='lat' dir='ltr'><strong>et</strong></span> <span class='ocrx_word' id='word_1_164' title='bbox 991 1158 1116 1202; x_wconf 86' lang='lat' dir='ltr'><strong>gracia</strong></span> <span class='ocrx_word' id='word_1_165' title='bbox 1148 1164 1204 1192; x_wconf 89' lang='lat' dir='ltr'><strong>est</strong></span> <span class='ocrx_word' id='word_1_166' title='bbox 1245 1157 1345 1191; x_wconf 89' lang='lat' dir='ltr'><strong>aliud</strong></span> <span class='ocrx_word' id='word_1_167' title='bbox 1388 1157 1673 1192; x_wconf 83' lang='lat' dir='ltr'><strong>instrumentum</strong></span> <span class='ocrx_word' id='word_1_168' title='bbox 1706 1157 1832 1202; x_wconf 88' lang='lat' dir='ltr'><strong>ipsius.</strong></span> 
     </span>
     <span class='ocr_line' id='line_1_21' title="bbox 505 1214 1831 1260; baseline 0 -11"><span class='ocrx_word' id='word_1_169' title='bbox 505 1214 725 1249; x_wconf 89' lang='lat' dir='ltr'><strong>Dominium</strong></span> <span class='ocrx_word' id='word_1_170' title='bbox 749 1214 848 1249; x_wconf 87' lang='lat' dir='ltr'><strong>enim</strong></span> <span class='ocrx_word' id='word_1_171' title='bbox 873 1216 1110 1260; x_wconf 87' lang='lat' dir='ltr'><strong>consequitur</strong></span> <span class='ocrx_word' id='word_1_172' title='bbox 1128 1215 1279 1250; x_wconf 89' lang='lat' dir='ltr'><strong>liberam</strong></span> <span class='ocrx_word' id='word_1_173' title='bbox 1297 1215 1535 1257; x_wconf 90' lang='lat' dir='ltr'><strong>voluntatem,</strong></span> <span class='ocrx_word' id='word_1_174' title='bbox 1553 1222 1731 1259; x_wconf 86' lang='lat' dir='ltr'><strong>tanquam</strong></span> <span class='ocrx_word' id='word_1_175' title='bbox 1749 1226 1831 1259; x_wconf 87' lang='lat' dir='ltr'><strong>pro-</strong></span> 
     </span>
     <span class='ocr_line' id='line_1_22' title="bbox 504 1272 1832 1316; baseline 0 -10"><span class='ocrx_word' id='word_1_176' title='bbox 504 1272 640 1316; x_wconf 86' lang='lat' dir='ltr'><strong>prietas</strong></span> <span class='ocrx_word' id='word_1_177' title='bbox 658 1272 836 1307; x_wconf 89' lang='lat' dir='ltr'><strong>naturalis</strong></span> <span class='ocrx_word' id='word_1_178' title='bbox 856 1272 949 1307; x_wconf 88' lang='lat' dir='ltr'><strong>iuste</strong></span> <span class='ocrx_word' id='word_1_179' title='bbox 968 1280 1098 1307; x_wconf 89' lang='lat' dir='ltr'><strong>nature</strong></span> <span class='ocrx_word' id='word_1_180' title='bbox 1116 1272 1312 1307; x_wconf 88' lang='lat' dir='ltr'><strong>racionalis</strong></span> <span class='ocrx_word' id='word_1_181' title='bbox 1331 1272 1385 1315; x_wconf 88' lang='lat' dir='ltr'><strong>(ut</strong></span> <span class='ocrx_word' id='word_1_182' title='bbox 1404 1272 1497 1306; x_wconf 83' lang='lat' dir='ltr'><strong>infra</strong></span> <span class='ocrx_word' id='word_1_183' title='bbox 1514 1272 1704 1316; x_wconf 87' lang='lat' dir='ltr'><strong>clarescet)</strong></span> <span class='ocrx_word' id='word_1_184' title='bbox 1721 1283 1729 1315; x_wconf 82' lang='lat'><em>3</em></span> <span class='ocrx_word' id='word_1_185' title='bbox 1756 1283 1832 1306; x_wconf 93' lang='lat' dir='ltr'><strong>non</strong></span> 
     </span>
     <span class='ocr_line' id='line_1_23' title="bbox 504 1329 1834 1375; baseline 0 -12"><span class='ocrx_word' id='word_1_186' title='bbox 504 1336 630 1364; x_wconf 91' lang='lat' dir='ltr'><strong>autem</strong></span> <span class='ocrx_word' id='word_1_187' title='bbox 658 1329 709 1364; x_wconf 89' lang='lat' dir='ltr'><strong>ita</strong></span> <span class='ocrx_word' id='word_1_188' title='bbox 742 1342 826 1364; x_wconf 90' lang='lat' dir='ltr'><strong>eam</strong></span> <span class='ocrx_word' id='word_1_189' title='bbox 852 1330 1091 1375; x_wconf 86' lang='lat' dir='ltr'><strong>consequitur</strong></span> <span class='ocrx_word' id='word_1_190' title='bbox 1116 1331 1187 1364; x_wconf 88' lang='lat' dir='ltr'><strong>ista</strong></span> <span class='ocrx_word' id='word_1_191' title='bbox 1215 1330 1411 1374; x_wconf 87' lang='lat' dir='ltr'><strong>cupiditas.</strong></span> <span class='ocrx_word' id='word_1_192' title='bbox 1460 1330 1573 1365; x_wconf 89' lang='lat' dir='ltr'><strong>Unde</strong></span> <span class='ocrx_word' id='word_1_193' title='bbox 1599 1329 1834 1374; x_wconf 88' lang='lat' dir='ltr'><strong>consequitur</strong></span> 
     </span>
     <span class='ocr_line' id='line_1_24' title="bbox 506 1387 1891 1432; baseline 0.001 -11"><span class='ocrx_word' id='word_1_194' title='bbox 506 1387 607 1432; x_wconf 90' lang='lat' dir='ltr'><strong>quod</strong></span> <span class='ocrx_word' id='word_1_195' title='bbox 633 1387 668 1421; x_wconf 90' lang='lat' dir='ltr'><strong>in</strong></span> <span class='ocrx_word' id='word_1_196' title='bbox 694 1388 893 1422; x_wconf 89' lang='lat' dir='ltr'><strong>vendendo</strong></span> <span class='ocrx_word' id='word_1_197' title='bbox 918 1389 1145 1423; x_wconf 89' lang='lat' dir='ltr'><strong>voluntatem</strong></span> <span class='ocrx_word' id='word_1_198' title='bbox 1171 1388 1310 1422; x_wconf 88' lang='lat' dir='ltr'><strong>bonam</strong></span> <span class='ocrx_word' id='word_1_199' title='bbox 1341 1389 1424 1422; x_wconf 87' lang='lat' dir='ltr'><strong>Deo</strong></span> <span class='ocrx_word' id='word_1_200' title='bbox 1453 1389 1525 1422; x_wconf 89' lang='lat' dir='ltr'><strong>hoc</strong></span> <span class='ocrx_word' id='word_1_201' title='bbox 1552 1389 1664 1422; x_wconf 88' lang='lat' dir='ltr'><strong>modo</strong></span> <span class='ocrx_word' id='word_1_202' title='bbox 1693 1389 1833 1422; x_wconf 91' lang='lat' dir='ltr'><strong>nullum</strong></span> <span class='ocrx_word' id='word_1_203' title='bbox 1849 1396 1891 1417; x_wconf 90' lang='lat'><strong>20</strong></span> 
     </span>
     <span class='ocr_line' id='line_1_25' title="bbox 506 1446 1835 1490; baseline 0 -10"><span class='ocrx_word' id='word_1_204' title='bbox 506 1446 713 1480; x_wconf 89' lang='lat' dir='ltr'><strong>dominium</strong></span> <span class='ocrx_word' id='word_1_205' title='bbox 743 1458 876 1490; x_wconf 83' lang='lat' dir='ltr'><strong>rerum,</strong></span> <span class='ocrx_word' id='word_1_206' title='bbox 904 1453 959 1482; x_wconf 88' lang='lat' dir='ltr'><strong>set</strong></span> <span class='ocrx_word' id='word_1_207' title='bbox 988 1447 1275 1481; x_wconf 88' lang='lat' dir='ltr'><strong>instrumentum</strong></span> <span class='ocrx_word' id='word_1_208' title='bbox 1308 1447 1397 1489; x_wconf 87' lang='lat' dir='ltr'><strong>eius,</strong></span> <span class='ocrx_word' id='word_1_209' title='bbox 1428 1446 1623 1489; x_wconf 81' lang='lat' dir='ltr'><strong>minuitur3</strong></span> <span class='ocrx_word' id='word_1_210' title='bbox 1651 1452 1686 1480; x_wconf 89' lang='lat' dir='ltr'><strong>et</strong></span> <span class='ocrx_word' id='word_1_211' title='bbox 1713 1446 1835 1490; x_wconf 90' lang='lat' dir='ltr'><strong>ipsum</strong></span> 
     </span>
     <span class='ocr_line' id='line_1_26' title="bbox 508 1504 1834 1549; baseline 0 -11"><span class='ocrx_word' id='word_1_212' title='bbox 508 1504 726 1548; x_wconf 77' lang='lat' dir='ltr'><strong>dominium,</strong></span> <span class='ocrx_word' id='word_1_213' title='bbox 753 1505 877 1549; x_wconf 90' lang='lat' dir='ltr'><strong>quoad</strong></span> <span class='ocrx_word' id='word_1_214' title='bbox 910 1504 1075 1549; x_wconf 85' lang='lat' dir='ltr'><strong>regimen</strong></span> <span class='ocrx_word' id='word_1_215' title='bbox 1111 1516 1217 1539; x_wconf 85' lang='lat' dir='ltr'><strong>suum</strong></span> <span class='ocrx_word' id='word_1_216' title='bbox 1253 1505 1330 1539; x_wconf 87' lang='lat' dir='ltr'><strong>sive</strong></span> <span class='ocrx_word' id='word_1_217' title='bbox 1363 1516 1482 1548; x_wconf 87' lang='lat' dir='ltr'><strong>usum,</strong></span> <span class='ocrx_word' id='word_1_218' title='bbox 1508 1504 1760 1549; x_wconf 83' lang='lat' dir='ltr'><strong>restringitur;</strong></span> <span class='ocrx_word' id='word_1_219' title='bbox 1799 1509 1834 1538; x_wconf 93' lang='lat' dir='ltr'><strong>et</strong></span> 
     </span>
     <span class='ocr_line' id='line_1_27' title="bbox 506 1562 1835 1608; baseline -0.001 -12"><span class='ocrx_word' id='word_1_220' title='bbox 506 1562 643 1608; x_wconf 88' lang='lat' dir='ltr'><strong>pariter</strong></span> <span class='ocrx_word' id='word_1_221' title='bbox 659 1569 715 1597; x_wconf 90' lang='lat' dir='ltr'><strong>est</strong></span> <span class='ocrx_word' id='word_1_222' title='bbox 733 1574 816 1596; x_wconf 91' lang='lat' dir='ltr'><strong>cum</strong></span> <span class='ocrx_word' id='word_1_223' title='bbox 835 1563 915 1607; x_wconf 92' lang='lat' dir='ltr'><strong>quis</strong></span> <span class='ocrx_word' id='word_1_224' title='bbox 933 1563 1044 1597; x_wconf 91' lang='lat' dir='ltr'><strong>talem</strong></span> <span class='ocrx_word' id='word_1_225' title='bbox 1061 1564 1289 1597; x_wconf 90' lang='lat' dir='ltr'><strong>voluntatem</strong></span> <span class='ocrx_word' id='word_1_226' title='bbox 1308 1562 1522 1607; x_wconf 89' lang='lat' dir='ltr'><strong>simpliciter</strong></span> <span class='ocrx_word' id='word_1_227' title='bbox 1540 1564 1623 1597; x_wconf 91' lang='lat' dir='ltr'><strong>Deo</strong></span> <span class='ocrx_word' id='word_1_228' title='bbox 1641 1563 1755 1597; x_wconf 89' lang='lat' dir='ltr'><strong>donat</strong></span> <span class='ocrx_word' id='word_1_229' title='bbox 1772 1567 1835 1596; x_wconf 90' lang='lat' dir='ltr'><strong>aut</strong></span> 
     </span>
     <span class='ocr_line' id='line_1_28' title="bbox 508 1618 1882 1664; baseline -0.001 -11"><span class='ocrx_word' id='word_1_230' title='bbox 508 1620 671 1664; x_wconf 87' lang='lat' dir='ltr'><strong>seipsum</strong></span> <span class='ocrx_word' id='word_1_231' title='bbox 686 1620 750 1653; x_wconf 88' lang='lat' dir='ltr'><strong>dat</strong></span> <span class='ocrx_word' id='word_1_232' title='bbox 766 1631 831 1654; x_wconf 92' lang='lat' dir='ltr'><strong>suo</strong></span> <span class='ocrx_word' id='word_1_233' title='bbox 843 1620 1033 1664; x_wconf 83' lang='lat' dir='ltr'><strong>obsequio,</strong></span> <span class='ocrx_word' id='word_1_234' title='bbox 1051 1619 1067 1638; x_wconf 76' lang='lat'><strong>*</strong></span> <span class='ocrx_word' id='word_1_235' title='bbox 1085 1620 1183 1664; x_wconf 86' lang='lat' dir='ltr'><strong>quod</strong></span> <span class='ocrx_word' id='word_1_236' title='bbox 1201 1619 1249 1654; x_wconf 91' lang='lat' dir='ltr'><strong>ibi</strong></span> <span class='ocrx_word' id='word_1_237' title='bbox 1264 1621 1303 1654; x_wconf 92' lang='lat' dir='ltr'><strong>fit</strong></span> <span class='ocrx_word' id='word_1_238' title='bbox 1321 1632 1408 1654; x_wconf 90' lang='lat' dir='ltr'><strong>vera</strong></span> <span class='ocrx_word' id='word_1_239' title='bbox 1425 1620 1584 1654; x_wconf 90' lang='lat' dir='ltr'><strong>donacio</strong></span> <span class='ocrx_word' id='word_1_240' title='bbox 1596 1619 1673 1654; x_wconf 90' lang='lat' dir='ltr'><strong>sine</strong></span> <span class='ocrx_word' id='word_1_241' title='bbox 1686 1618 1834 1653; x_wconf 89' lang='lat' dir='ltr'><strong>abdica·</strong></span> <span class='ocrx_word' id='word_1_242' title='bbox 1849 1623 1882 1651; x_wconf 91' lang='lat' dir='ltr'><strong>D</strong></span> 
     </span>
     <span class='ocr_line' id='line_1_29' title="bbox 508 1676 1836 1721; baseline -0.001 -10"><span class='ocrx_word' id='word_1_243' title='bbox 508 1677 615 1711; x_wconf 89' lang='lat' dir='ltr'><strong>cione</strong></span> <span class='ocrx_word' id='word_1_244' title='bbox 636 1676 723 1711; x_wconf 88' lang='lat' dir='ltr'><strong>iuris</strong></span> <span class='ocrx_word' id='word_1_245' title='bbox 743 1677 972 1721; x_wconf 79' lang='lat' dir='ltr'><strong>cuiusquam,</strong></span> <span class='ocrx_word' id='word_1_246' title='bbox 991 1677 1021 1711; x_wconf 87' lang='lat' dir='ltr'><strong>si</strong></span> <span class='ocrx_word' id='word_1_247' title='bbox 1048 1677 1230 1721; x_wconf 86' lang='lat' dir='ltr'><strong>cupiditas</strong></span> <span class='ocrx_word' id='word_1_248' title='bbox 1257 1677 1311 1711; x_wconf 87' lang='lat' dir='ltr'><strong>ius</strong></span> <span class='ocrx_word' id='word_1_249' title='bbox 1337 1677 1409 1712; x_wconf 92' lang='lat' dir='ltr'><strong>dici</strong></span> <span class='ocrx_word' id='word_1_250' title='bbox 1432 1688 1507 1712; x_wconf 92' lang='lat' dir='ltr'><strong>non</strong></span> <span class='ocrx_word' id='word_1_251' title='bbox 1533 1677 1678 1712; x_wconf 86' lang='lat' dir='ltr'><strong>debeat.</strong></span> <span class='ocrx_word' id='word_1_252' title='bbox 1729 1678 1836 1720; x_wconf 86' lang='lat' dir='ltr'><strong>Item,</strong></span> 
     </span>
     <span class='ocr_line' id='line_1_30' title="bbox 508 1734 1837 1779; baseline 0 -10"><span class='ocrx_word' id='word_1_253' title='bbox 508 1742 587 1770; x_wconf 86' lang='lat' dir='ltr'><strong>esto</strong></span> <span class='ocrx_word' id='word_1_254' title='bbox 617 1735 717 1779; x_wconf 90' lang='lat' dir='ltr'><strong>quod</strong></span> <span class='ocrx_word' id='word_1_255' title='bbox 747 1735 933 1779; x_wconf 88' lang='lat' dir='ltr'><strong>cupiditas</strong></span> <span class='ocrx_word' id='word_1_256' title='bbox 962 1735 1018 1769; x_wconf 86' lang='lat' dir='ltr'><strong>ius</strong></span> <span class='ocrx_word' id='word_1_257' title='bbox 1047 1735 1212 1769; x_wconf 89' lang='lat' dir='ltr'><strong>dicatur:</strong></span> <span class='ocrx_word' id='word_1_258' title='bbox 1256 1746 1340 1769; x_wconf 89' lang='lat' dir='ltr'><strong>cum</strong></span> <span class='ocrx_word' id='word_1_259' title='bbox 1374 1735 1456 1779; x_wconf 89' lang='lat' dir='ltr'><strong>ipsa</strong></span> <span class='ocrx_word' id='word_1_260' title='bbox 1482 1746 1556 1769; x_wconf 89' lang='lat' dir='ltr'><strong>non</strong></span> <span class='ocrx_word' id='word_1_261' title='bbox 1588 1734 1781 1769; x_wconf 89' lang='lat' dir='ltr'><strong>abdicatur</strong></span> <span class='ocrx_word' id='word_1_262' title='bbox 1814 1746 1837 1768; x_wconf 92' lang='lat' dir='ltr'><strong>a</strong></span> 
     </span>
     <span class='ocr_line' id='line_1_31' title="bbox 508 1791 1980 1837; baseline -0.002 -10"><span class='ocrx_word' id='word_1_263' title='bbox 508 1794 698 1827; x_wconf 86' lang='lat' dir='ltr'><strong>voluntate</strong></span> <span class='ocrx_word' id='word_1_264' title='bbox 728 1799 926 1836; x_wconf 86' lang='lat' dir='ltr'><strong>mercante,</strong></span> <span class='ocrx_word' id='word_1_265' title='bbox 952 1792 1022 1827; x_wconf 90' lang='lat' dir='ltr'><strong>nisi</strong></span> <span class='ocrx_word' id='word_1_266' title='bbox 1048 1793 1142 1827; x_wconf 87' lang='lat' dir='ltr'><strong>forte</strong></span> <span class='ocrx_word' id='word_1_267' title='bbox 1168 1805 1234 1837; x_wconf 92' lang='lat' dir='ltr'><strong>per</strong></span> <span class='ocrx_word' id='word_1_268' title='bbox 1257 1793 1443 1835; x_wconf 83' lang='lat' dir='ltr'><strong>accidens,</strong></span> <span class='ocrx_word' id='word_1_269' title='bbox 1469 1792 1556 1837; x_wconf 87' lang='lat' dir='ltr'><strong>quia</strong></span> <span class='ocrx_word' id='word_1_270' title='bbox 1580 1793 1748 1826; x_wconf 85' lang='lat' dir='ltr'><strong>voluntas</strong></span> <span class='ocrx_word' id='word_1_271' title='bbox 1776 1791 1836 1826; x_wconf 89' lang='lat' dir='ltr'><strong>illa</strong></span> <span class='ocrx_word' id='word_1_272' title='bbox 1847 1796 1915 1825; x_wconf 77' lang='lat' dir='ltr'><strong>vote</strong></span> <span class='ocrx_word' id='word_1_273' title='bbox 1932 1801 1980 1825; x_wconf 84' lang='lat' dir='ltr'><strong>M:</strong></span> 
     </span>
     <span class='ocr_line' id='line_1_32' title="bbox 507 1838 2010 1895; baseline -0.001 -11"><span class='ocrx_word' id='word_1_274' title='bbox 507 1851 607 1884; x_wconf 92' lang='lat' dir='ltr'><strong>bona</strong></span> <span class='ocrx_word' id='word_1_275' title='bbox 625 1850 796 1884; x_wconf 89' lang='lat' dir='ltr'><strong>veniendi</strong></span> <span class='ocrx_word' id='word_1_276' title='bbox 822 1850 871 1884; x_wconf 93' lang='lat' dir='ltr'><strong>ad</strong></span> <span class='ocrx_word' id='word_1_277' title='bbox 895 1851 1019 1885; x_wconf 91' lang='lat' dir='ltr'><strong>Deum</strong></span> <span class='ocrx_word' id='word_1_278' title='bbox 1045 1857 1081 1884; x_wconf 91' lang='lat' dir='ltr'><strong>et</strong></span> <span class='ocrx_word' id='word_1_279' title='bbox 1099 1850 1273 1884; x_wconf 89' lang='lat' dir='ltr'><strong>audiendi</strong></span> <span class='ocrx_word' id='word_1_280' title='bbox 1292 1861 1362 1895; x_wconf 87' lang='lat' dir='ltr'><strong>que</strong></span> <span class='ocrx_word' id='word_1_281' title='bbox 1387 1850 1545 1884; x_wconf 90' lang='lat' dir='ltr'><strong>consulit</strong></span> <span class='ocrx_word' id='word_1_282' title='bbox 1571 1850 1643 1884; x_wconf 93' lang='lat' dir='ltr'><strong>hoc</strong></span> <span class='ocrx_word' id='word_1_283' title='bbox 1668 1849 1836 1893; x_wconf 86' lang='lat' dir='ltr'><strong>intendit,</strong></span> <span class='ocrx_word' id='word_1_284' title='bbox 1848 1838 1961 1868; x_wconf 57' lang='lat' dir='ltr'><em>Wlma</em></span> <span class='ocrx_word' id='word_1_285' title='bbox 1979 1845 2010 1868; x_wconf 78' lang='grc' dir='ltr'><strong>Β·</strong></span> 
     </span>
     <span class='ocr_line' id='line_1_33' title="bbox 508 1907 2030 1952; baseline -0.001 -10"><span class='ocrx_word' id='word_1_286' title='bbox 508 1907 659 1951; x_wconf 85' lang='lat' dir='ltr'><strong>scilicet,</strong></span> <span class='ocrx_word' id='word_1_287' title='bbox 673 1914 870 1952; x_wconf 88' lang='lat' dir='ltr'><strong>tyrannum</strong></span> <span class='ocrx_word' id='word_1_288' title='bbox 887 1907 1021 1942; x_wconf 88' lang='lat' dir='ltr'><strong>mentis</strong></span> <span class='ocrx_word' id='word_1_289' title='bbox 1040 1907 1296 1952; x_wconf 87' lang='lat' dir='ltr'><strong>impeditivum</strong></span> <span class='ocrx_word' id='word_1_290' title='bbox 1310 1919 1463 1952; x_wconf 88' lang='lat' dir='ltr'><strong>operum</strong></span> <span class='ocrx_word' id='word_1_291' title='bbox 1482 1908 1662 1941; x_wconf 90' lang='lat' dir='ltr'><strong>bonorum</strong></span> <span class='ocrx_word' id='word_1_292' title='bbox 1680 1907 1835 1950; x_wconf 83' lang='lat' dir='ltr'><strong>abicere,</strong></span> <span class='ocrx_word' id='word_1_293' title='bbox 1848 1911 1968 1942; x_wconf 82' lang='lat' dir='ltr'><strong>scilicet</strong></span> <span class='ocrx_word' id='word_1_294' title='bbox 1982 1918 2030 1942; x_wconf 88' lang='lat' dir='ltr'><strong>M:</strong></span> 
     </span>
     <span class='ocr_line' id='line_1_34' title="bbox 508 1955 1991 2010; baseline 0.001 -11"><span class='ocrx_word' id='word_1_295' title='bbox 508 1977 579 2010; x_wconf 91' lang='lat' dir='ltr'><strong>que</strong></span> <span class='ocrx_word' id='word_1_296' title='bbox 598 1965 758 2000; x_wconf 88' lang='lat' dir='ltr'><strong>intencio</strong></span> <span class='ocrx_word' id='word_1_297' title='bbox 783 1977 858 1999; x_wconf 91' lang='lat' dir='ltr'><strong>non</strong></span> <span class='ocrx_word' id='word_1_298' title='bbox 883 1971 939 2000; x_wconf 89' lang='lat' dir='ltr'><strong>est</strong></span> <span class='ocrx_word' id='word_1_299' title='bbox 957 1965 1168 1999; x_wconf 86' lang='lat' dir='ltr'><strong>necessaria</strong></span> <span class='ocrx_word' id='word_1_300' title='bbox 1185 1966 1233 1999; x_wconf 89' lang='lat' dir='ltr'><strong>ad</strong></span> <span class='ocrx_word' id='word_1_301' title='bbox 1260 1965 1504 1999; x_wconf 90' lang='lat' dir='ltr'><strong>donacionem</strong></span> <span class='ocrx_word' id='word_1_302' title='bbox 1525 1966 1621 1999; x_wconf 92' lang='lat' dir='ltr'><strong>bone</strong></span> <span class='ocrx_word' id='word_1_303' title='bbox 1638 1965 1836 2000; x_wconf 87' lang='lat' dir='ltr'><strong>voluntatis</strong></span> <span class='ocrx_word' id='word_1_304' title='bbox 1846 1955 1946 1985; x_wconf 60' lang='lat' dir='ltr'><em>mlvet</em></span> <span class='ocrx_word' id='word_1_305' title='bbox 1961 1961 1991 1984; x_wconf 77' lang='grc' dir='ltr'><strong>Β·</strong></span> 
     </span>
     <span class='ocr_line' id='line_1_35' title="bbox 508 2023 2053 2068; baseline 0.002 -11"><span class='ocrx_word' id='word_1_306' title='bbox 508 2023 712 2068; x_wconf 90' lang='lat' dir='ltr'><strong>predictam</strong></span> <span class='ocrx_word' id='word_1_307' title='bbox 729 2035 737 2066; x_wconf 93' lang='grc'>;</span> <span class='ocrx_word' id='word_1_308' title='bbox 765 2023 1002 2067; x_wconf 86' lang='lat' dir='ltr'><strong>consequitur</strong></span> <span class='ocrx_word' id='word_1_309' title='bbox 1019 2024 1118 2067; x_wconf 88' lang='lat' dir='ltr'><strong>quod</strong></span> <span class='ocrx_word' id='word_1_310' title='bbox 1136 2024 1305 2057; x_wconf 88' lang='lat' dir='ltr'><strong>voluntas</strong></span> <span class='ocrx_word' id='word_1_311' title='bbox 1324 2023 1499 2057; x_wconf 84' lang='lat' dir='ltr'><strong>naturalis</strong></span> <span class='ocrx_word' id='word_1_312' title='bbox 1517 2034 1591 2056; x_wconf 92' lang='lat' dir='ltr'><strong>non</strong></span> <span class='ocrx_word' id='word_1_313' title='bbox 1609 2023 1757 2057; x_wconf 89' lang='lat' dir='ltr'><strong>abdicat</strong></span> <span class='ocrx_word' id='word_1_314' title='bbox 1775 2029 1838 2057; x_wconf 89' lang='lat' dir='ltr'><strong>aut</strong></span> <span class='ocrx_word' id='word_1_315' title='bbox 1851 2040 1916 2061; x_wconf 86' lang='lat' dir='ltr'><strong>non</strong></span> <span class='ocrx_word' id='word_1_316' title='bbox 1927 2029 2053 2061; x_wconf 90' lang='lat' dir='ltr'><strong>addidi.</strong></span> 
     </span>
     <span class='ocr_line' id='line_1_36' title="bbox 509 2080 1838 2125; baseline -0.001 -10"><span class='ocrx_word' id='word_1_317' title='bbox 509 2081 634 2123; x_wconf 87' lang='lat' dir='ltr'><strong>abicit,</strong></span> <span class='ocrx_word' id='word_1_318' title='bbox 662 2081 731 2115; x_wconf 92' lang='lat' dir='ltr'><strong>nisi</strong></span> <span class='ocrx_word' id='word_1_319' title='bbox 758 2081 852 2115; x_wconf 86' lang='lat' dir='ltr'><strong>forte</strong></span> <span class='ocrx_word' id='word_1_320' title='bbox 878 2092 944 2125; x_wconf 90' lang='lat' dir='ltr'><strong>per</strong></span> <span class='ocrx_word' id='word_1_321' title='bbox 969 2080 1154 2123; x_wconf 85' lang='lat' dir='ltr'><strong>accidens,</strong></span> <span class='ocrx_word' id='word_1_322' title='bbox 1185 2092 1230 2114; x_wconf 81' lang='lat' dir='ltr'><strong>ex</strong></span> <span class='ocrx_word' id='word_1_323' title='bbox 1259 2081 1330 2114; x_wconf 91' lang='lat' dir='ltr'><strong>hoc</strong></span> <span class='ocrx_word' id='word_1_324' title='bbox 1356 2081 1454 2124; x_wconf 86' lang='lat' dir='ltr'><strong>quod</strong></span> <span class='ocrx_word' id='word_1_325' title='bbox 1480 2088 1584 2114; x_wconf 90' lang='lat' dir='ltr'><strong>actus</strong></span> <span class='ocrx_word' id='word_1_326' title='bbox 1614 2092 1701 2115; x_wconf 90' lang='lat' dir='ltr'><strong>suus</strong></span> <span class='ocrx_word' id='word_1_327' title='bbox 1728 2092 1838 2125; x_wconf 91' lang='lat' dir='ltr'><strong>quem</strong></span> 
     </span>
     <span class='ocr_line' id='line_1_37' title="bbox 510 2137 1838 2183; baseline -0.002 -10"><span class='ocrx_word' id='word_1_328' title='bbox 510 2139 633 2181; x_wconf 83' lang='lat' dir='ltr'><strong>efficit,</strong></span> <span class='ocrx_word' id='word_1_329' title='bbox 662 2139 748 2183; x_wconf 90' lang='lat' dir='ltr'><strong>quia</strong></span> <span class='ocrx_word' id='word_1_330' title='bbox 774 2138 991 2172; x_wconf 87' lang='lat' dir='ltr'><strong>naturaliter</strong></span> <span class='ocrx_word' id='word_1_331' title='bbox 1021 2138 1224 2173; x_wconf 87' lang='lat' dir='ltr'><strong>contrarius</strong></span> <span class='ocrx_word' id='word_1_332' title='bbox 1252 2144 1308 2172; x_wconf 87' lang='lat' dir='ltr'><strong>est</strong></span> <span class='ocrx_word' id='word_1_333' title='bbox 1337 2138 1540 2183; x_wconf 86' lang='lat' dir='ltr'><strong>cupiditati,</strong></span> <span class='ocrx_word' id='word_1_334' title='bbox 1571 2138 1654 2173; x_wconf 91' lang='lat' dir='ltr'><strong>ideo</strong></span> <span class='ocrx_word' id='word_1_335' title='bbox 1681 2137 1838 2172; x_wconf 88' lang='lat' dir='ltr'><strong>naturali</strong></span> 
     </span>
     <span class='ocr_line' id='line_1_38' title="bbox 509 2195 1838 2240; baseline 0 -10"><span class='ocrx_word' id='word_1_336' title='bbox 509 2197 660 2231; x_wconf 89' lang='lat' dir='ltr'><strong>accione</strong></span> <span class='ocrx_word' id='word_1_337' title='bbox 678 2208 761 2230; x_wconf 88' lang='lat' dir='ltr'><strong>eam</strong></span> <span class='ocrx_word' id='word_1_338' title='bbox 786 2196 969 2230; x_wconf 87' lang='lat' dir='ltr'><strong>diminuit.</strong></span> <span class='ocrx_word' id='word_1_339' title='bbox 1006 2195 1119 2231; x_wconf 87' lang='lat' dir='ltr'><strong>Unde</strong></span> <span class='ocrx_word' id='word_1_340' title='bbox 1138 2202 1283 2230; x_wconf 85' lang='lat' dir='ltr'><strong>constat</strong></span> <span class='ocrx_word' id='word_1_341' title='bbox 1303 2196 1403 2240; x_wconf 85' lang='lat' dir='ltr'><strong>quod</strong></span> <span class='ocrx_word' id='word_1_342' title='bbox 1421 2208 1489 2230; x_wconf 90' lang='lat' dir='ltr'><strong>nec</strong></span> <span class='ocrx_word' id='word_1_343' title='bbox 1507 2196 1751 2231; x_wconf 88' lang='lat' dir='ltr'><strong>donacionem</strong></span> <span class='ocrx_word' id='word_1_344' title='bbox 1769 2207 1838 2230; x_wconf 91' lang='lat' dir='ltr'><strong>nec</strong></span> 
     </span>
     <span class='ocr_line' id='line_1_39' title="bbox 512 2253 1894 2293; baseline 0 -5"><span class='ocrx_word' id='word_1_345' title='bbox 512 2254 773 2288; x_wconf 88' lang='lat' dir='ltr'><strong>vendicionem</strong></span> <span class='ocrx_word' id='word_1_346' title='bbox 791 2255 886 2288; x_wconf 89' lang='lat' dir='ltr'><strong>bone</strong></span> <span class='ocrx_word' id='word_1_347' title='bbox 905 2253 1105 2288; x_wconf 87' lang='lat' dir='ltr'><strong>voluntatis</strong></span> <span class='ocrx_word' id='word_1_348' title='bbox 1124 2253 1234 2288; x_wconf 89' lang='lat' dir='ltr'><strong>efficit</strong></span> <span class='ocrx_word' id='word_1_349' title='bbox 1258 2253 1342 2288; x_wconf 88' lang='lat' dir='ltr'><strong>talis</strong></span> <span class='ocrx_word' id='word_1_350' title='bbox 1360 2253 1524 2288; x_wconf 90' lang='lat' dir='ltr'><strong>abieccio</strong></span> <span class='ocrx_word' id='word_1_351' title='bbox 1540 2265 1547 2288; x_wconf 93' lang='lat'>:</span> <span class='ocrx_word' id='word_1_352' title='bbox 1576 2260 1610 2288; x_wconf 89' lang='lat' dir='ltr'><strong>et</strong></span> <span class='ocrx_word' id='word_1_353' title='bbox 1630 2254 1681 2288; x_wconf 88' lang='lat' dir='ltr'><strong>ita</strong></span> <span class='ocrx_word' id='word_1_354' title='bbox 1706 2265 1836 2288; x_wconf 89' lang='lat' dir='ltr'><strong>conse·</strong></span> <span class='ocrx_word' id='word_1_355' title='bbox 1852 2262 1894 2293; x_wconf 81' lang='lat'><strong>30</strong></span> 
     </span>
     <span class='ocr_line' id='line_1_40' title="bbox 511 2310 1837 2356; baseline -0.002 -10"><span class='ocrx_word' id='word_1_356' title='bbox 511 2311 633 2356; x_wconf 89' lang='lat' dir='ltr'><strong>quitur</strong></span> <span class='ocrx_word' id='word_1_357' title='bbox 650 2312 748 2356; x_wconf 89' lang='lat' dir='ltr'><strong>quod</strong></span> <span class='ocrx_word' id='word_1_358' title='bbox 775 2312 852 2345; x_wconf 90' lang='lat' dir='ltr'><strong>sola</strong></span> <span class='ocrx_word' id='word_1_359' title='bbox 875 2311 1043 2345; x_wconf 88' lang='lat' dir='ltr'><strong>refleccio</strong></span> <span class='ocrx_word' id='word_1_360' title='bbox 1067 2310 1221 2344; x_wconf 89' lang='lat' dir='ltr'><strong>dominii</strong></span> <span class='ocrx_word' id='word_1_361' title='bbox 1247 2311 1424 2346; x_wconf 88' lang='lat' dir='ltr'><strong>naturalis</strong></span> <span class='ocrx_word' id='word_1_362' title='bbox 1449 2318 1484 2345; x_wconf 91' lang='lat' dir='ltr'><strong>et</strong></span> <span class='ocrx_word' id='word_1_363' title='bbox 1509 2323 1573 2346; x_wconf 88' lang='lat' dir='ltr'><strong>sue</strong></span> <span class='ocrx_word' id='word_1_364' title='bbox 1591 2310 1837 2356; x_wconf 84' lang='lat' dir='ltr'><strong>possessionis</strong></span> 
     </span>
     <span class='ocr_line' id='line_1_41' title="bbox 511 2368 1836 2413; baseline 0 -10"><span class='ocrx_word' id='word_1_365' title='bbox 511 2369 712 2403; x_wconf 84' lang='lat' dir='ltr'><strong>conformis</strong></span> <span class='ocrx_word' id='word_1_366' title='bbox 731 2380 841 2413; x_wconf 87' lang='lat' dir='ltr'><strong>super</strong></span> <span class='ocrx_word' id='word_1_367' title='bbox 858 2375 982 2403; x_wconf 90' lang='lat' dir='ltr'><strong>actum</strong></span> <span class='ocrx_word' id='word_1_368' title='bbox 1000 2368 1224 2411; x_wconf 89' lang='lat' dir='ltr'><strong>huiusmodi,</strong></span> <span class='ocrx_word' id='word_1_369' title='bbox 1243 2380 1315 2413; x_wconf 88' lang='lat' dir='ltr'><strong>qua</strong></span> <span class='ocrx_word' id='word_1_370' title='bbox 1328 2370 1404 2403; x_wconf 90' lang='lat' dir='ltr'><strong>vult</strong></span> <span class='ocrx_word' id='word_1_371' title='bbox 1423 2375 1546 2403; x_wconf 82' lang='lat' dir='ltr'><strong>actum</strong></span> <span class='ocrx_word' id='word_1_372' title='bbox 1564 2370 1681 2403; x_wconf 88' lang='lat' dir='ltr'><strong>solum</strong></span> <span class='ocrx_word' id='word_1_373' title='bbox 1699 2369 1746 2403; x_wconf 90' lang='lat' dir='ltr'><strong>ad</strong></span> <span class='ocrx_word' id='word_1_374' title='bbox 1766 2368 1836 2404; x_wconf 86' lang='lat' dir='ltr'><strong>Dei</strong></span> 
     </span>
     <span class='ocr_line' id='line_1_42' title="bbox 508 2426 1837 2470; baseline 0.001 -10"><span class='ocrx_word' id='word_1_375' title='bbox 508 2427 663 2470; x_wconf 87' lang='lat' dir='ltr'><strong>gloriam</strong></span> <span class='ocrx_word' id='word_1_376' title='bbox 682 2433 744 2460; x_wconf 89' lang='lat' dir='ltr'><strong>aut</strong></span> <span class='ocrx_word' id='word_1_377' title='bbox 761 2437 828 2470; x_wconf 90' lang='lat' dir='ltr'><strong>pro</strong></span> <span class='ocrx_word' id='word_1_378' title='bbox 847 2426 922 2460; x_wconf 88' lang='lat' dir='ltr'><strong>vita</strong></span> <span class='ocrx_word' id='word_1_379' title='bbox 939 2433 1066 2460; x_wconf 87' lang='lat' dir='ltr'><strong>eterna</strong></span> <span class='ocrx_word' id='word_1_380' title='bbox 1085 2426 1293 2468; x_wconf 88' lang='lat' dir='ltr'><strong>deflectere,</strong></span> <span class='ocrx_word' id='word_1_381' title='bbox 1308 2426 1370 2460; x_wconf 91' lang='lat' dir='ltr'><strong>ubi</strong></span> <span class='ocrx_word' id='word_1_382' title='bbox 1388 2438 1431 2461; x_wconf 89' lang='lat' dir='ltr'><strong>ex</strong></span> <span class='ocrx_word' id='word_1_383' title='bbox 1450 2427 1525 2460; x_wconf 89' lang='lat' dir='ltr'><strong>iure</strong></span> <span class='ocrx_word' id='word_1_384' title='bbox 1544 2426 1695 2460; x_wconf 89' lang='lat' dir='ltr'><strong>dominii</strong></span> <span class='ocrx_word' id='word_1_385' title='bbox 1713 2433 1837 2470; x_wconf 82' lang='lat' dir='ltr'><strong>posset</strong></span> 
     </span>
     <span class='ocr_line' id='line_1_43' title="bbox 510 2484 1836 2528; baseline 0 -10"><span class='ocrx_word' id='word_1_386' title='bbox 510 2491 634 2518; x_wconf 88' lang='lat' dir='ltr'><strong>actum</strong></span> <span class='ocrx_word' id='word_1_387' title='bbox 664 2485 711 2518; x_wconf 90' lang='lat' dir='ltr'><strong>ad</strong></span> <span class='ocrx_word' id='word_1_388' title='bbox 743 2484 888 2518; x_wconf 89' lang='lat' dir='ltr'><strong>carnale</strong></span> <span class='ocrx_word' id='word_1_389' title='bbox 918 2485 1155 2517; x_wconf 89' lang='lat' dir='ltr'><strong>commodum</strong></span> <span class='ocrx_word' id='word_1_390' title='bbox 1187 2490 1408 2528; x_wconf 88' lang='lat' dir='ltr'><strong>retorquere,</strong></span> <span class='ocrx_word' id='word_1_391' title='bbox 1441 2484 1549 2518; x_wconf 90' lang='lat' dir='ltr'><strong>istam</strong></span> <span class='ocrx_word' id='word_1_392' title='bbox 1579 2484 1836 2518; x_wconf 90' lang='lat' dir='ltr'><strong>vendicionem</strong></span> 
     </span>
     <span class='ocr_line' id='line_1_44' title="bbox 509 2541 1890 2585; baseline -0.001 -10"><span class='ocrx_word' id='word_1_393' title='bbox 509 2548 572 2576; x_wconf 87' lang='lat' dir='ltr'><strong>aut</strong></span> <span class='ocrx_word' id='word_1_394' title='bbox 603 2541 848 2576; x_wconf 85' lang='lat' dir='ltr'><strong>donacionem</strong></span> <span class='ocrx_word' id='word_1_395' title='bbox 883 2541 959 2584; x_wconf 83' lang='lat' dir='ltr'><strong>agit</strong></span> <span class='ocrx_word' id='word_1_396' title='bbox 990 2553 1054 2575; x_wconf 90' lang='lat' dir='ltr'><strong>seu</strong></span> <span class='ocrx_word' id='word_1_397' title='bbox 1082 2541 1219 2583; x_wconf 81' lang='lat' dir='ltr'><strong>efficit3</strong></span> <span class='ocrx_word' id='word_1_398' title='bbox 1261 2541 1436 2585; x_wconf 86' lang='lat' dir='ltr'><strong>quoniam</strong></span> <span class='ocrx_word' id='word_1_399' title='bbox 1465 2552 1530 2585; x_wconf 88' lang='lat' dir='ltr'><strong>per</strong></span> <span class='ocrx_word' id='word_1_400' title='bbox 1563 2541 1837 2576; x_wconf 87' lang='lat' dir='ltr'><strong>restriccionem</strong></span> <span class='ocrx_word' id='word_1_401' title='bbox 1852 2548 1890 2580; x_wconf 83' lang='grc'><strong>35</strong></span> 
     </span>
     <span class='ocr_line' id='line_1_45' title="bbox 511 2598 2043 2643; baseline -0.001 -10"><span class='ocrx_word' id='word_1_402' title='bbox 511 2599 723 2633; x_wconf 88' lang='lat' dir='ltr'><strong>huiusmodi</strong></span> <span class='ocrx_word' id='word_1_403' title='bbox 755 2605 861 2633; x_wconf 89' lang='lat' dir='ltr'><strong>actus</strong></span> <span class='ocrx_word' id='word_1_404' title='bbox 891 2598 970 2643; x_wconf 89' lang='lat' dir='ltr'><strong>ipse</strong></span> <span class='ocrx_word' id='word_1_405' title='bbox 1000 2606 1103 2632; x_wconf 91' lang='lat' dir='ltr'><strong>actus</strong></span> <span class='ocrx_word' id='word_1_406' title='bbox 1131 2610 1278 2643; x_wconf 88' lang='lat' dir='ltr'><strong>quoquo</strong></span> <span class='ocrx_word' id='word_1_407' title='bbox 1303 2599 1416 2632; x_wconf 90' lang='lat' dir='ltr'><strong>modo</strong></span> <span class='ocrx_word' id='word_1_408' title='bbox 1445 2599 1602 2643; x_wconf 88' lang='lat' dir='ltr'><strong>amplius</strong></span> <span class='ocrx_word' id='word_1_409' title='bbox 1632 2598 1838 2643; x_wconf 88' lang='lat' dir='ltr'><strong>propriatur</strong></span> <span class='ocrx_word' id='word_1_410' title='bbox 1852 2600 1989 2641; x_wconf 78' lang='lat' dir='ltr'><strong>quodam</strong></span> <span class='ocrx_word' id='word_1_411' title='bbox 2005 2606 2043 2631; x_wconf 91' lang='lat' dir='ltr'><strong>M.</strong></span> 
     </span>
     <span class='ocr_line' id='line_1_46' title="bbox 511 2656 1836 2701; baseline -0.001 -10"><span class='ocrx_word' id='word_1_412' title='bbox 511 2659 595 2691; x_wconf 92' lang='lat' dir='ltr'><strong>Deo</strong></span> <span class='ocrx_word' id='word_1_413' title='bbox 630 2668 741 2701; x_wconf 88' lang='lat' dir='ltr'><strong>quam</strong></span> <span class='ocrx_word' id='word_1_414' title='bbox 778 2663 874 2699; x_wconf 90' lang='lat' dir='ltr'><strong>ante,</strong></span> <span class='ocrx_word' id='word_1_415' title='bbox 908 2656 1007 2690; x_wconf 89' lang='lat' dir='ltr'><strong>nullo</strong></span> <span class='ocrx_word' id='word_1_416' title='bbox 1038 2656 1114 2690; x_wconf 88' lang='lat' dir='ltr'><strong>iure</strong></span> <span class='ocrx_word' id='word_1_417' title='bbox 1142 2668 1208 2700; x_wconf 90' lang='lat' dir='ltr'><strong>per</strong></span> <span class='ocrx_word' id='word_1_418' title='bbox 1243 2657 1312 2690; x_wconf 91' lang='lat' dir='ltr'><strong>hoc</strong></span> <span class='ocrx_word' id='word_1_419' title='bbox 1341 2656 1377 2690; x_wconf 92' lang='lat' dir='ltr'><strong>in</strong></span> <span class='ocrx_word' id='word_1_420' title='bbox 1410 2657 1493 2690; x_wconf 90' lang='lat' dir='ltr'><strong>Deo</strong></span> <span class='ocrx_word' id='word_1_421' title='bbox 1527 2663 1589 2690; x_wconf 89' lang='lat' dir='ltr'><strong>aut</strong></span> <span class='ocrx_word' id='word_1_422' title='bbox 1620 2656 1655 2690; x_wconf 91' lang='lat' dir='ltr'><strong>in</strong></span> <span class='ocrx_word' id='word_1_423' title='bbox 1691 2656 1836 2691; x_wconf 90' lang='lat' dir='ltr'><strong>homine</strong></span> 
     </span>
     <span class='ocr_line' id='line_1_47' title="bbox 509 2714 1130 2759; baseline -0.003 -9"><span class='ocrx_word' id='word_1_424' title='bbox 509 2715 700 2759; x_wconf 83' lang='lat' dir='ltr'><strong>acquisito,</strong></span> <span class='ocrx_word' id='word_1_425' title='bbox 719 2714 875 2758; x_wconf 88' lang='lat' dir='ltr'><strong>perdito,</strong></span> <span class='ocrx_word' id='word_1_426' title='bbox 895 2726 958 2749; x_wconf 87' lang='lat' dir='ltr'><strong>seu</strong></span> <span class='ocrx_word' id='word_1_427' title='bbox 977 2714 1130 2748; x_wconf 88' lang='lat' dir='ltr'><strong>minuto.</strong></span> 
     </span>
    </p>
   </div>
  </div>
 </body>
</html>
