2008 3305
45 186 275 245 cAP.Xv11.]
587 197 651 228 DE
685 196 929 230 PAUPERIE
962 196 1277 230 SALVATORIS.
1784 199 1866 242 303

175 304 248 346 7D]
261 311 347 335 nem
365 299 625 344 successivam,
644 299 747 334 cuius
766 306 821 335 est
840 299 933 334 finis.
986 300 1051 335 Set
1072 300 1156 345 quia
1174 301 1417 346 consumpcio
1440 313 1514 337 non
1533 308 1588 338 est

261 358 344 393 finis
362 364 483 393 motus
502 358 654 393 alicuius
672 358 743 392 nisi
768 370 834 403 per
850 358 1037 401 accidens,
1059 359 1153 394 sicut
1170 370 1240 393 nec
1257 360 1449 405 corrupcio
1467 368 1588 405 potest

260 427 342 451 esse
362 416 444 450 finis
462 422 584 451 motus
602 415 672 450 nisi
698 428 764 461 per
789 416 973 458 accidens,
992 416 1077 451 licet
1100 418 1296 461 generacio
1324 418 1445 453 subita
1471 419 1589 464 possit

261 486 343 509 esse
362 474 443 508 finis
461 485 528 519 per
553 485 602 518 se,
629 475 712 509 finis
738 481 860 509 motus
886 486 1116 520 consequens
1141 482 1197 510 est
1225 477 1323 520 quod
1350 488 1424 511 non
1450 478 1588 512 habeat

35 530 169 579 paritas
186 538 214 560 M
227 541 234 561 τ
260 544 412 567 causam
426 533 586 567 activam
600 532 669 567 nisi
682 543 748 577 per
759 532 933 567 accidens
948 544 956 575 ;
976 539 1012 567 et
1030 533 1178 578 pariter,
1197 533 1284 579 quia
1295 546 1369 569 non
1382 542 1437 569 est
1448 535 1587 580 aliquid

35 578 99 614 per
110 574 246 605 alzudB.
260 590 342 626 talis
360 591 601 635 consumpcio
620 590 752 634 subita,
770 602 845 625 non
863 596 984 635 potest
1003 602 1067 635 per
1085 603 1124 626 se
1146 592 1241 626 iusta
1265 592 1337 627 dici
1355 593 1413 627 vel
1431 605 1513 628 esse
1532 600 1587 628 set

260 649 378 683 solum
396 660 463 693 per
479 648 653 683 accidens
668 660 675 683 :
704 649 789 683 ideo
807 660 881 683 non
899 649 1064 694 procedit
1083 661 1149 694 per
1167 661 1206 684 se
1224 661 1246 685 a
1264 650 1391 685 divino
1409 651 1586 695 dominio,

258 712 437 752 tanquam
455 719 477 741 a
494 706 672 751 principio
696 705 929 749 iustificante,
949 713 1005 742 set
1029 708 1147 743 solum
1169 719 1236 752 per
1260 708 1434 744 accidens
1451 723 1459 752 ;
1486 709 1586 744 unde

258 776 334 799 non
352 765 464 799 habet
477 775 631 799 causam
644 764 752 799 simul
767 776 851 799 cum
866 776 910 799 ea
924 765 1044 810 ipsam
1060 764 1323 801 iustificantem
1338 774 1394 802 set
1407 767 1586 812 previam,

208 833 247 856 10
258 829 294 858 et
313 829 369 857 est
387 822 553 857 divinum
572 822 776 857 dominium
794 823 845 858 rei
863 830 1081 868 consumpte
1100 835 1184 858 cum
1201 830 1292 859 erat.

306 883 397 916 IOH.
425 883 469 915 In
487 888 720 915 sacramento
737 881 862 916 altaris
880 881 1047 926 nunquid
1064 881 1172 927 panis
1191 882 1446 917 consumitur?
1600 891 1723 925 Bearing
1735 892 1768 918 of
1777 891 1832 918 this

305 941 392 974 RIC.
421 940 669 984 Nequaquam
686 939 885 974 dicendum
902 946 958 974 est
976 939 1066 974 illud
1084 940 1251 975 consumi
1276 941 1376 986 quod
1401 941 1437 976 in
1455 940 1586 976 melius
1599 926 1866 985 Essssssitossnotfhtehffn‘

257 1006 301 1030 eo
319 994 671 1030 transubstantiatur
688 995 765 1029 sive
783 995 1018 1030 convertitur.
1601 993 1777 1054 ἓῙξξΓῐὲΠωῑὲῃῑὲῑ
1790 994 1839 1019 the

307 1054 396 1088 IOH.
426 1053 494 1087 Illa
511 1053 641 1088 saltem
667 1053 860 1088 conversio
881 1059 938 1088 est
962 1053 1058 1088 iusta
1082 1052 1242 1088 dicenda
1261 1065 1269 1097 ;
1295 1060 1331 1089 et
1349 1065 1436 1089 usus
1455 1053 1586 1100 aliquis

207 1116 243 1148 15
258 1115 422 1144 creature
440 1108 550 1153 igitur
567 1108 735 1153 procedit
751 1109 798 1143 ab
813 1108 936 1153 aliquo
950 1108 1125 1153 dominio,
1144 1121 1218 1143 uno
1230 1116 1292 1144 aut
1310 1109 1484 1154 pluribus,
1504 1121 1587 1144 eam

40 1178 117 1204 etss:
134 1177 195 1205 aut
206 1181 244 1204 M.
258 1167 392 1202 iustam
410 1166 600 1210 reddente,
619 1178 696 1200 non
713 1177 735 1201 a
753 1167 916 1201 dominio
937 1167 1044 1212 panis
1069 1173 1105 1202 et
1124 1167 1209 1210 vini,
1229 1179 1313 1202 curn
1335 1167 1373 1202 in
1396 1174 1588 1203 momento

257 1224 508 1260 conversionis
533 1231 703 1259 neutrum
729 1236 857 1260 eorum
882 1225 1037 1261 existat:
1064 1237 1133 1261 nec
1150 1226 1260 1261 video
1286 1237 1308 1261 a
1333 1237 1406 1272 quo
1431 1226 1504 1261 alio
1523 1227 1588 1262 do-

257 1282 370 1318 minio
389 1289 515 1328 posset
533 1284 747 1327 procedere.

306 1342 393 1376 RIC.
419 1341 514 1375 Mihi
528 1341 674 1376 videtur
688 1341 787 1386 quod
805 1341 876 1376 ista
890 1341 1084 1376 conversio
1097 1348 1153 1376 est
1168 1353 1255 1376 usus
1270 1342 1433 1387 corporis
1450 1341 1586 1377 Christi

205 1415 246 1437 20
257 1406 293 1435 et
312 1399 502 1443 sanguinis
521 1398 598 1434 eius
618 1399 793 1442 similiter,
811 1405 847 1434 et
868 1399 986 1434 iustus
1011 1407 1162 1444 propter
1187 1400 1354 1434 divinum
1380 1399 1588 1435 dominium

257 1469 368 1503 super
386 1458 475 1503 ipsa.
524 1457 703 1502 Quamvis
721 1457 819 1492 enim
845 1469 978 1503 corpus
998 1458 1135 1493 Christi
1152 1465 1188 1493 et
1207 1459 1357 1503 sanguis
1375 1471 1441 1504 per
1458 1470 1587 1494 conse-

258 1515 466 1551 cracionem
484 1527 558 1550 non
577 1522 766 1550 mutantur
790 1516 957 1550 localiter
981 1528 1100 1561 neque
1125 1516 1348 1552 mutacionis
1365 1517 1438 1551 alio
1457 1517 1586 1562 quovis

41 1581 128 1612 modo
139 1590 204 1611 om.
216 1587 246 1610 B.
259 1575 393 1617 mod03
421 1574 506 1619 quia
522 1580 647 1608 tamen
666 1580 750 1608 sunt
767 1574 829 1608 ubi
841 1585 915 1608 non
933 1581 1050 1618 erant,
1068 1581 1105 1610 et
1124 1576 1191 1610 sub
1211 1575 1406 1620 speciebus
1424 1575 1532 1620 panis
1550 1581 1587 1610 et

258 1632 333 1666 vini
359 1632 427 1666 sub
454 1631 587 1676 quibus
613 1638 698 1666 ante
723 1643 797 1666 non
822 1638 938 1675 erant,
957 1643 1043 1667 vere
1062 1633 1166 1667 Deus
1184 1632 1237 1668 eis
1255 1633 1305 1668 uti
1324 1633 1523 1668 asseritur:
1550 1639 1586 1669 et

206 1704 243 1735 25
258 1696 409 1735 propter
425 1689 503 1724 eius
522 1689 726 1724 dominium
745 1701 855 1734 super
872 1701 916 1724 ea
934 1689 994 1724 ille
1012 1702 1101 1725 usus
1124 1697 1179 1726 est
1205 1691 1332 1735 iustus,
1351 1703 1374 1726 a
1391 1691 1498 1737 panis
1519 1691 1586 1725 do-

187 1752 247 1781 8A
259 1747 373 1782 minio
391 1759 465 1782 non
485 1748 502 1767 *
522 1748 727 1792 procedens
752 1747 823 1782 nisi
850 1759 915 1793 per
932 1747 1118 1792 accidens,
1136 1756 1175 1784 ut
1193 1760 1305 1795 supra
1322 1749 1396 1784 iam
1414 1749 1586 1795 diximus,

258 1818 343 1841 cum
360 1812 448 1841 tunc
465 1806 572 1851 panis
591 1817 666 1840 non
685 1812 846 1841 maneat.

306 1922 537 1955 IOHANNES.
566 1919 638 1954 Dic
656 1920 703 1954 de
721 1926 806 1955 actu
832 1919 1053 1956 mutacionis
1081 1921 1159 1956 sive
1185 1920 1439 1957 conversionis
1465 1933 1587 1957 rerum
1600 1926 1726 1961 XVII,

40 1997 122 2018 num
141 1994 180 2017 M.
255 1979 461 2024 aliquarum
480 1978 516 2012 in
534 1977 636 2022 alias,
654 1978 821 2023 nunquid
839 1978 885 2013 sit
903 1990 992 2014 usus
1009 1986 1071 2014 aut
1089 1986 1196 2014 actus
1215 1980 1328 2014 divini
1349 1979 1515 2015 dominii.
1600 1983 1760 2022 Ofchange
1773 1991 1804 2009 or

204 2055 245 2086 30
304 2039 533 2072 RICARDUS.
562 2038 619 2071 Ita
637 2036 682 2071 de
701 2037 943 2073 conversione
970 2037 1046 2072 sive
1072 2038 1283 2073 mutacione
1309 2038 1401 2073 sicut
1429 2039 1475 2073 de
1501 2026 1772 2073 con-converszom

257 2095 473 2140 sumpcione
490 2094 635 2129 videtur
652 2094 742 2128 mihi
760 2094 798 2129 in
815 2101 920 2140 parte
939 2095 1151 2139 dicendum,
1171 2096 1271 2141 quod
1288 2108 1332 2132 ea
1350 2108 1420 2142 que
1440 2108 1584 2131 succes·
1599 2102 1699 2142 vyhicn,
1713 2103 1855 2130 ifsucces-

258 2153 336 2188 siva
353 2159 421 2196 est,
441 2153 470 2188 si
489 2153 552 2187 fiat
579 2153 794 2187 immediate
812 2165 834 2187 a
854 2154 949 2197 Deo,
969 2165 1055 2188 vere
1080 2160 1135 2188 est
1161 2161 1266 2190 actus
1293 2154 1407 2189 divini
1432 2154 1584 2189 dominii
1597 2146 1754 2197 {ffi'dssiffi
1764 2137 1854 2197 ῗέξάῗῑ

40 2204 196 2253 ῑνίαίθνῖῖ
212 2211 242 2233 Β·
256 2218 292 2246 et
310 2223 397 2246 usus
416 2218 580 2246 creature
599 2222 670 2255 que
688 2210 751 2245 tali
769 2211 980 2246 mutacione
994 2211 1231 2247 convertitur.
1271 2213 1338 2247 Illa
1348 2224 1435 2247 vero
1448 2224 1518 2258 que
1529 2219 1586 2248 est
1599 2203 1670 2237 ship.

39 2251 244 2322 ἓῇῗζῖίῑίαν
257 2269 390 2312 subita,
408 2269 540 2303 utiam
565 2268 725 2303 diximus
752 2269 798 2304 de
824 2269 1067 2304 conversione
1093 2270 1200 2315 panis
1226 2277 1263 2305 et
1287 2270 1363 2304 vini
1391 2270 1427 2305 in
1453 2282 1587 2315 corpus

203 2343 242 2376 35
259 2327 395 2362 Christi
414 2333 450 2362 et
469 2327 700 2371 sanguinem,
719 2327 782 2361 ubi
800 2333 925 2361 tamen
951 2338 1027 2361 non
1053 2327 1189 2362 desinit
1214 2339 1297 2363 esse
1323 2335 1401 2363 tota
1426 2328 1478 2363 rei
1498 2340 1586 2363 con-

255 2396 362 2420 verse
381 2385 459 2420 sine
484 2385 623 2420 unitate
650 2384 874 2428 substancia,
901 2391 956 2419 set
983 2391 1148 2420 remanet
1175 2385 1252 2420 eius
1278 2385 1444 2427 materia,
1471 2385 1587 2430 ipsius

256 2443 409 2477 materie
427 2450 514 2477 tunc
532 2450 587 2478 est
604 2455 703 2486 usus,
721 2454 796 2477 non
814 2442 865 2477 rei
883 2442 1002 2477 tocius
1025 2454 1202 2478 converse
1225 2443 1297 2478 nisi
1316 2455 1381 2488 per
1398 2443 1587 2486 accidens,

256 2512 341 2535 cum
358 2512 416 2535 res
435 2512 615 2536 conversa
640 2500 761 2536 subito
787 2500 824 2535 in
851 2500 1002 2535 instanti
1030 2501 1284 2536 conversionis
1309 2513 1385 2536 non
1410 2508 1585 2537 maneat:

256 2558 350 2593 sicut
376 2558 617 2603 probabiliter
650 2558 750 2593 credi
771 2565 903 2603 *potest
934 2558 1051 2608 fuisse
1085 2559 1122 2592 in
1157 2558 1396 2594 conversione
1425 2571 1521 2604 aque
1548 2559 1586 2594 in

201 2629 244 2661 40
255 2615 383 2650 vinum
402 2617 439 2650 in
459 2617 591 2651 Chana
610 2616 749 2651 Galilee
770 2616 831 2660 (de
849 2628 922 2661 qua
943 2617 995 2650 Io.
1015 2616 1065 2661 ii.)
1083 2629 1091 2660 ;
1118 2623 1154 2651 et
1171 2616 1264 2651 sicut
1282 2617 1328 2652 de
1344 2617 1587 2652 conversione

257 2674 357 2720 virge
384 2675 508 2720 Moysi
528 2675 564 2709 in
583 2675 784 2717 colubrum,
803 2681 838 2709 et
857 2680 1010 2709 econtra
1031 2674 1091 2718 (de
1110 2686 1183 2720 qua
1201 2676 1268 2710 Ex.
1285 2675 1359 2719 iv.)‚
1379 2681 1414 2710 et
1433 2675 1480 2710 de
1498 2687 1586 2710 con-

257 2733 424 2768 versione
454 2733 646 2767 fluminum
676 2733 814 2777 Egypti
846 2732 883 2766 in
907 2732 1128 2777 sanguinem
1154 2732 1216 2777 (de
1243 2744 1316 2778 qua
1339 2734 1406 2768 Ex.
1433 2732 1523 2777 vii.),
1548 2740 1584 2768 et

256 2790 338 2825 aliis
357 2802 479 2825 rerum
498 2790 800 2826 conversionibus
819 2790 865 2825 de
883 2790 1015 2835 quibus
1041 2797 1211 2825 narratur
1229 2790 1278 2825 ibi
1296 2797 1332 2826 et
1350 2797 1492 2836 postea.
1543 2791 1583 2826 Si
