2008 3305
53 169 273 230 CAP.XX1.]
614 180 680 213 DE
711 179 958 214 PAUPERIE
991 180 1310 214 SALVATORIS.
1791 184 1871 226 311

187 292 257 334 90]
272 297 384 332 quam
411 296 433 321 a
459 287 552 330 Deo,
571 285 739 331 quamvis
765 292 865 321 totus
890 286 936 321 sit
963 286 1072 321 nobis
1097 286 1206 321 datus
1226 286 1274 321 ab
1295 297 1340 321 eo
1357 291 1392 321 et
1410 284 1532 320 minus
1551 284 1599 319 ab

270 343 353 380 aliis
379 355 490 389 quam
515 355 538 379 a
565 345 718 388 Moyse;
743 344 828 379 licet
853 355 948 379 unus
967 344 1126 389 Spiritus
1144 344 1252 379 fuerit
1270 344 1317 379 de
1335 355 1407 389 quo
1425 343 1497 378 ista
1513 349 1599 378 sunt

268 401 379 444 dicta,
405 406 441 436 et
464 405 564 436 tolus
589 402 758 436 omnibus
783 402 863 436 illis
887 402 1009 436 datus.
1059 403 1109 436 Et
1128 408 1167 437 ut
1190 401 1227 436 in
1250 401 1470 437 donacionis
1493 400 1599 435 istius

268 459 423 494 materia
440 460 583 504 plenius
601 459 835 503 instruamur,
851 471 936 495 ecce
954 465 1225 505 consequenter
1243 459 1434 505 Scriptura
1449 470 1599 503 expres-

220 523 252 552 D
268 518 333 553 sit:
359 518 629 562 Descendz'tque
648 519 837 553 Dominus
853 521 929 563 per
944 517 962 538 *
982 519 1125 563 nubem,
1143 522 1180 553 et
1199 519 1345 553 locutus
1366 522 1421 553 est
1436 519 1490 553 ad
1502 529 1598 562 eum,

50 576 253 616 Num.xi.25.
266 576 439 621 austrens
454 576 498 611 de
513 577 653 621 spiritu
669 577 738 621 qui
751 577 884 611 eratin
898 577 1038 621 Moyse,
1057 580 1093 610 et
1107 577 1203 611 dans
1219 577 1459 622 septuaginta
1473 577 1572 610 viris
1579 588 1601 618 ,·

51 643 93 677 70
109 643 147 667 B:
173 636 242 667 z‘llz's
267 633 329 669 ubi
347 645 422 669 non
456 633 588 669 dicitur
615 634 789 679 auferens
816 634 861 669 de
886 635 1039 679 spiritu,
1072 640 1154 678 etc„
1183 634 1269 680 quia
1299 634 1467 679 spiritum
1497 634 1599 668 illum

50 687 91 711 M.

267 703 377 737 quem
405 693 559 737 Moyses
583 692 746 727 habebat
772 692 809 726 in
834 698 912 727 toto
938 693 996 726 vel
1021 691 1058 726 in
1084 698 1190 737 parte
1210 703 1233 727 a
1259 693 1391 736 Moyse
1418 691 1598 727 subtraxit

50 751 194 783 mz'cz'tate
212 758 251 782 M.
268 746 367 791 (cum
391 747 631 792 postmodum
647 746 813 792 sequenti
832 746 1003 792 capitulo,
1023 747 1060 781 in
1078 746 1235 782 mititate
1252 754 1287 782 et
1304 746 1386 781 aliis
1401 747 1597 781 virtutibus

212 814 253 836 10
265 813 376 846 super
407 813 537 837 omnes
571 809 759 837 morantes
787 802 824 836 in
851 809 948 837 terra
979 803 1133 847 Moyses
1160 803 1359 847 precellere
1384 813 1407 837 a
1433 801 1599 836 Domino

265 860 477 903 affirmetur,
504 860 601 895 unde
626 860 673 894 de
701 859 830 904 spiritu
860 871 927 895 suo
956 860 1070 895 nichil
1097 860 1146 894 illi
1177 859 1398 904 subtraxit);
1450 865 1506 895 set
1533 870 1600 904 per

265 918 646 953 communicacionem
664 917 812 963 spiritus
829 918 957 963 pocius
977 918 1117 953 dictum
1134 917 1289 953 videtur.

314 1032 546 1066 IOHANNES.
576 1032 693 1066 Istam
710 1031 1090 1067 communicacionem
1114 1031 1229 1067 divini
1252 1031 1409 1066 dominii
1432 1031 1521 1067 satis
1544 1031 1598 1065 in·
1612 1034 1717 1068 XXI.

265 1089 411 1134 tellig03
438 1096 474 1125 et
498 1089 607 1125 video
633 1090 744 1135 quod,
770 1090 854 1125 licet
881 1090 927 1125 sit
952 1101 1067 1125 unum
1093 1090 1299 1125 dominium
1325 1090 1362 1124 in
1389 1091 1474 1124 Deo
1499 1095 1534 1125 et
1561 1089 1598 1123 in

213 1158 251 1189 15
265 1147 401 1191 Adam,
419 1154 546 1182 tamen
571 1147 777 1182 dominium
799 1148 898 1190 illud,
920 1147 957 1182 in
975 1154 1155 1193 quantum
1177 1153 1234 1183 est
1259 1147 1344 1191 Dei,
1369 1147 1600 1192 incompara—

48 1323 141 1354 Deus
157 1334 222 1355 om.

48 1374 88 1397 M.

48 1420 224 1457 utramque

49 1466 88 1489 M.

264 1205 387 1240 biliter
407 1212 462 1241 est
485 1205 643 1240 nobilius
666 1217 778 1250 quam
802 1205 901 1241 idem
925 1206 1141 1249 dominium,
1160 1205 1198 1239 in
1222 1212 1401 1250 quantum
1423 1210 1480 1240 est
1504 1205 1601 1248 Ade,

265 1263 365 1298 iuxta
389 1269 555 1308 pretacta
578 1264 768 1308 exempla:
803 1270 860 1298 set
884 1275 959 1298 non
986 1264 1108 1298 adhuc
1133 1263 1242 1308 plene
1268 1263 1432 1307 intelligo
1458 1274 1503 1298 ex
1528 1273 1601 1307 quo
1614 1266 1676 1293 The
1689 1266 1833 1305 spectesis

267 1321 372 1356 Deus
396 1320 567 1356 dominus
591 1327 669 1355 erat
693 1320 909 1365 specierum,
935 1321 1029 1356 sicut
1053 1327 1090 1356 et
1116 1320 1402 1365 individuorum,
1420 1326 1456 1356 et
1479 1320 1530 1355 ita
1552 1319 1601 1354 ad
1614 1301 1725 1367 2¹1?ssthss
1736 1302 1837 1366 ἶῗξξζγ

265 1385 419 1423 utraque
436 1384 526 1413 tunc
549 1390 589 1413 se
609 1379 831 1413 extendebat
850 1378 1017 1413 divinum
1041 1378 1257 1413 dominium.
1308 1377 1478 1423 Nunquit
1497 1378 1602 1413 Deus
1614 1373 1660 1395 act
1673 1368 1849 1400 ⁰f¹⁰rd5hip’

265 1436 553 1471 communicavit
581 1436 664 1471 Ade
694 1436 901 1481 specierum
930 1448 978 1471 an
1007 1436 1281 1471 individuorum
1313 1436 1521 1471 dominium
1553 1446 1602 1471 an

265 1494 472 1529 dominium
489 1494 750 1539 utrorumque?

313 1553 542 1587 RICARDUS.
573 1553 686 1587 Nulla
715 1563 773 1587 res
804 1552 1017 1588 immediate
1046 1558 1103 1588 est
1131 1552 1299 1587 subiecta
1327 1551 1505 1596 dominio,
1530 1551 1602 1587 nisi

266 1610 328 1646 illa
349 1622 409 1646 res
432 1621 504 1656 que
525 1617 646 1656 potest
671 1611 883 1646 immediate
907 1611 1061 1646 dominii
1084 1617 1210 1646 actum
1234 1622 1299 1647 seu
1322 1622 1431 1646 usum
1454 1610 1602 1654 subire;

266 1680 351 1703 cum
373 1675 536 1712 econtra,
556 1668 586 1703 si
609 1680 668 1703 res
691 1668 819 1713 quevis
837 1680 911 1703 non
936 1668 1159 1712 immediate,
1179 1675 1233 1703 set
1252 1668 1440 1704 mediante
1462 1680 1501 1703 re
1518 1668 1602 1712 alia,

214 1735 251 1767 25
266 1732 388 1771 potest
406 1726 528 1761 subire
547 1726 624 1761 sive
645 1726 809 1772 recipere
833 1733 957 1762 aetum
980 1738 1044 1762 seu
1068 1738 1175 1761 usum
1192 1726 1359 1770 dominii,
1377 1737 1453 1761 non
1470 1732 1526 1762 est
1543 1737 1602 1760 res

266 1784 328 1819 illa
351 1784 574 1829 immediate,
597 1791 652 1820 set
674 1785 861 1820 mediante
881 1796 920 1820 re
945 1785 1030 1829 alia,
1054 1784 1221 1820 subiecta
1245 1784 1433 1819 dominio:
1460 1783 1602 1830 species

266 1854 352 1878 vero
378 1843 478 1877 nulla
500 1849 621 1888 potest
649 1843 871 1887 immediate,
896 1849 951 1878 set
976 1843 1163 1879 mediante
1186 1843 1380 1888 supposito
1406 1842 1484 1879 sive
1507 1843 1603 1878 indi-

266 1900 377 1935 viduo
401 1901 586 1945 singulari,
605 1901 726 1936 subire
751 1901 905 1936 dominii
931 1901 1097 1946 quemvis
1116 1907 1240 1936 actum
1266 1912 1331 1936 Seu
1356 1912 1489 1943 usum;
1515 1912 1603 1947 quo—

266 1958 367 1993 niam
391 1958 510 2002 sicuti,
530 1959 732 1993 secundum
755 1959 1008 2004 philosophos,
1027 1957 1199 1994 acciones
1222 1965 1306 1994 sunt
1329 1958 1603 2004 suppositorum

212 2027 255 2058 30
267 2016 344 2051 sive
363 2016 614 2060 singularium,
629 2016 681 2051 ita
699 2023 782 2051 sunt
800 2016 968 2052 similiter
984 2017 1187 2062 passiones,
1202 2028 1287 2052 cum
1305 2017 1407 2052 accio
1425 2024 1461 2053 et
1477 2018 1602 2062 passio

268 2088 362 2112 unus
387 2076 461 2111 sint
484 2083 605 2111 motus
633 2076 796 2121 species;
823 2076 933 2121 igitur
957 2087 1032 2111 non
1058 2083 1143 2111 sunt
1168 2088 1234 2122 per
1260 2087 1299 2111 se
1324 2082 1360 2111 et
1390 2076 1603 2112 immediate

269 2134 432 2169 subiecte
450 2133 615 2168 dominio
633 2145 703 2168 nec
727 2133 799 2168 Dei
821 2144 891 2168 nec
913 2134 1086 2169 hominis.
1138 2135 1224 2169 Hoc
1248 2134 1398 2180 insuper
1414 2146 1460 2170 ex
1480 2134 1603 2170 causis

269 2192 383 2226 divini
405 2191 558 2226 dominii
582 2198 704 2236 potest
728 2192 943 2236 clarescere,
962 2192 1138 2237 quoniam
1163 2192 1305 2237 species
1327 2204 1404 2227 non
1426 2204 1493 2238 per
1510 2204 1550 2228 se
1567 2199 1603 2227 et

269 2249 481 2285 immediate
499 2256 624 2284 creata
644 2249 712 2284 fuit
732 2261 801 2284 nec
825 2249 1038 2285 immediate
1061 2250 1177 2285 creari
1202 2250 1330 2295 potuit,
1350 2262 1435 2285 cum
1453 2262 1603 2296 presup-

216 2316 254 2348 35
269 2313 382 2353 ponat
407 2307 639 2352 suppositum
664 2307 742 2342 sive
766 2307 998 2342 individuum
1025 2308 1062 2342 in
1088 2308 1262 2345 essendo.
1311 2308 1427 2353 Igitur
1452 2319 1604 2343 causam

54 2601 230 2633 medianti-

54 2645 112 2675 bus
129 2653 169 2676 B:
194 2656 244 2676 re-

54 2688 112 2718 bus
130 2696 168 2718 M.

54 2738 134 2770 dari
149 2747 186 2770 M.

268 2365 426 2410 primam
444 2365 557 2399 divini
578 2364 745 2409 dominii,
765 2365 902 2400 scilicet
925 2365 1169 2407 creacionem‚
1189 2365 1329 2411 species
1352 2366 1516 2411 recipere
1537 2366 1603 2400 im-

267 2423 429 2458 mediate
446 2434 519 2457 non
537 2423 664 2468 potuit,
683 2430 718 2457 et
736 2434 801 2467 per
819 2434 1049 2468 consequens
1067 2435 1186 2469 neque
1203 2424 1421 2459 dominium.
1461 2424 1604 2459 Pariter
1615 2425 1647 2452 of
1656 2425 1861 2473 maintenance.

269 2482 316 2516 de
342 2481 626 2516 conservacione
651 2487 687 2516 et
712 2481 984 2525 gubernacione
1009 2487 1130 2526 potest
1155 2481 1310 2526 deduci3
1338 2482 1513 2527 quoniam
1533 2493 1604 2517 nec
1615 2469 1647 2486 or
1659 2466 1862 2492 govemmem'

271 2538 413 2584 species
437 2544 674 2573 conservatur
691 2549 760 2572 nec
783 2539 1006 2582 gubernatur
1022 2550 1088 2584 per
1105 2551 1144 2574 se
1168 2545 1204 2574 et
1229 2539 1442 2574 immediate
1465 2551 1487 2574 a
1509 2541 1604 2583 Deo,

272 2603 327 2631 set
342 2596 590 2630 mediantibus
605 2595 805 2630 individuis
820 2595 974 2640 speciei:
990 2597 1089 2631 unde
1103 2597 1338 2642 consequitur
1349 2598 1448 2642 quod
1461 2598 1603 2642 species
1617 2609 1667 2639 n9r
1680 2609 1731 2627 can
1745 2600 1766 2627 it
1779 2601 1814 2626 be

271 2664 347 2688 non
365 2654 484 2688 solum
501 2664 575 2688 non
592 2653 660 2688 fuit
678 2653 893 2688 immediate
910 2653 998 2688 data
1021 2654 1099 2689 sive
1122 2654 1261 2690 donata
1277 2666 1299 2689 a
1318 2656 1411 2697 Deo,
1430 2661 1485 2690 set
1503 2656 1602 2700 quod
1615 2643 1707 2667 gwen.

273 2722 341 2746 nec
359 2711 476 2756 potuit
494 2722 516 2745 a
534 2712 617 2746 Deo
636 2711 847 2746 immediate
864 2712 993 2746 donari
1010 2711 1061 2756 (in
1080 2719 1257 2757 quantum
1275 2718 1330 2747 est
1349 2713 1444 2757 talis,
1458 2724 1605 2758 semper

274 2768 446 2813 intelligo,
472 2769 646 2814 quoniam
674 2769 885 2805 secundum,
902 2770 1077 2815 plurimos
1104 2770 1201 2806 viros
1228 2771 1355 2806 doctos
1382 2772 1481 2807 nulla
1506 2777 1604 2821 extat
