2008 3305
187 192 208 220 2
861 188 926 220 DE
960 189 1179 221 DonrNro
1212 190 1386 222 Drvrno
1638 180 1742 239 [CAP.
1765 195 1794 223 1.

462 305 675 351 utilitatem,
706 311 743 343 et
771 306 1048 354 probacionem
1081 306 1405 345 fecundissimam.
1466 307 1540 346 Sed
1569 314 1610 346 ut
1640 310 1880 351 sensum[lA

462 375 576 412 huius
617 376 885 425 incorrigibilis
931 376 1124 426 Scripture
1168 390 1318 428 sequar,
1363 379 1531 417 securius
1574 380 1713 417 innitar
1754 386 1796 416 ut

461 446 669 494 plurimum
700 446 851 484 duobus
882 447 1053 493 ducibus,
1075 448 1226 494 scilicet,
1249 449 1392 486 racioni
1422 449 1660 499 philosophis
1690 462 1795 487 reve-

462 517 534 554 late
573 524 610 554 et
651 518 905 567 postillacioni
949 525 1171 555 sanctorum
1214 519 1415 557 doctorum
1459 527 1551 570 aput
1595 521 1794 558 ecclesiam

462 589 688 637 approbate.
1809 605 1826 637 5

916 742 933 763 ’⁸‘
951 743 1276 782 CAPITULUM
1317 745 1348 783 Ι.
1807 757 1838 785 Β

182 845 391 907 ἕξΝξὲξΕεΗῐΡ
404 855 433 872 ¹N
518 843 564 881 IN
585 842 787 880 tractando
808 842 854 880 de
876 842 1048 881 dominio
1070 850 1222 893 oportet
1243 844 1416 893 inprimis
1432 856 1649 894 supponere
1669 844 1796 894 ipsum

462 926 561 951 esse:
587 927 677 951 nam
694 915 730 950 in
748 913 948 964 questione
964 915 1098 963 prima,
1114 914 1153 952 Si
1169 921 1226 952 est
1244 915 1468 960 dominium,
1485 927 1565 952 non
1581 915 1798 963 discrepant

181 988 267 1054 ὲζιῑξῗῐ
285 988 308 1014 is
325 989 396 1015 lord-
461 985 528 1022 sed
545 986 776 1022 conveniunt
789 997 923 1022 omnes
939 985 1053 1034 leges.
1104 985 1180 1023 Sed
1193 998 1263 1035 pro
1278 986 1478 1035 questione
1492 986 1674 1032 secunda,
1691 984 1797 1031 Quid

460 1062 517 1092 est
530 1055 766 1093 dominium?
789 1055 1030 1102 declaranda,
1044 1063 1195 1106 oportet
1210 1056 1392 1094 reducere
1408 1057 1568 1094 tercium
1585 1056 1794 1104 analogum
1810 1071 1850 1093 10

181 1122 448 1188 ἷὸῒξξξῑζξξᾞΐξζξ
461 1126 509 1163 ad
530 1126 846 1165 univocacionem
867 1128 1066 1176 proposito
1088 1128 1355 1177 pertinentem.
1403 1127 1553 1165 Dicitur
1569 1128 1672 1165 enim
1693 1127 1796 1176 apud

181 1189 306 1221 pamm
460 1196 712 1246 philosophos
747 1210 865 1235 omne
897 1211 1017 1247 agens
1050 1198 1107 1235 vel
1142 1198 1288 1236 faciens
1322 1211 1435 1236 suurn
1470 1210 1629 1248 passum
1664 1198 1796 1244 subici,

463 1268 510 1305 de
531 1275 638 1305 tanto
665 1269 828 1318 pacienti
858 1269 1077 1306 huiusmodi
1102 1270 1297 1306 dominari.
1358 1269 1420 1307 Sic
1450 1269 1554 1307 enim
1584 1269 1797 1306 secundum

462 1339 652 1376 naturales
685 1352 801 1377 omne
840 1352 959 1388 agens
997 1340 1188 1390 phisicum
1228 1353 1267 1378 se
1307 1340 1421 1378 habet
1459 1340 1497 1377 in
1536 1340 1708 1378 dominio
1747 1340 1796 1377 ad

181 1416 448 1484 ssgalffirffirgppffiy
463 1422 575 1446 suum
590 1422 759 1459 passum.
815 1410 865 1448 Et
885 1412 1097 1449 secundum
1119 1411 1355 1448 sentenciam
1372 1411 1574 1448 Salvatoris
1590 1418 1793 1460 peccatum
1809 1431 1846 1462 15

181 1485 385 1550 grviiabtffigven
461 1481 682 1518 dominatur
703 1494 816 1531 super
834 1483 1067 1520 subiectum:
1104 1482 1246 1528 Omnis,
1270 1482 1402 1531 inquit,
1419 1483 1597 1532 quz'facz't
1604 1487 1794 1530 peccatum

460 1565 588 1589 servus
613 1557 666 1589 est
681 1554 828 1602 peccati
850 1550 950 1604 (Ioh.
973 1554 1044 1590 viii.
1066 1552 1146 1602 34).
1203 1553 1254 1589 Et
1281 1553 1387 1602 quod
1415 1559 1617 1602 peccatum
1641 1560 1797 1590 econtra

462 1623 615 1660 relative
641 1624 859 1661 dominetur
880 1623 1026 1661 homini
1054 1630 1157 1673 patet
1185 1636 1252 1672 per
1273 1623 1364 1660 illud
1394 1623 1536 1660 Psalmi
1557 1624 1678 1661 cxviii.
1709 1637 1795 1671 133,

460 1693 550 1731 lVon
580 1695 783 1731 dominetur
810 1696 883 1731 mei
903 1696 1020 1732 omnis
1049 1696 1249 1732 zuz'ustz'cz'a.
1307 1694 1477 1732 Econtra
1505 1700 1634 1732 tamen
1663 1701 1719 1732 est
1748 1694 1796 1732 de

181 1764 242 1789 ‘hat
257 1763 288 1794 ῖς»
303 1763 447 1795 produced
462 1765 621 1802 domino
650 1765 834 1814 privativo
861 1772 898 1803 et
922 1765 1083 1803 domino
1113 1765 1298 1814 positivo:
1339 1777 1431 1802 nam
1460 1765 1640 1814 privative
1670 1765 1793 1802 domi·
1810 1786 1850 1808 20

181 1798 236 1822 and
252 1797 424 1823 maintained

181 1831 420 1896 ξζϋῗζζῖθζζῇζξῇ
460 1849 568 1882 nans,
590 1843 629 1874 ut
657 1849 761 1874 mors
787 1843 823 1874 et
851 1844 1066 1886 peccatum,
1089 1837 1250 1874 efficitur
1276 1843 1313 1874 et
1340 1843 1588 1875 conservatur
1614 1838 1795 1875 continue

459 1921 482 1945 a
516 1920 587 1945 suo
618 1908 808 1954 servitore,
841 1914 877 1945 et
912 1908 964 1945 sic
999 1908 1213 1945 innaturale
1248 1914 1304 1945 est
1337 1908 1537 1957 quodlibet
1566 1908 1797 1957 privacionis

460 1978 675 2015 dominium
688 1991 697 2025 ;
728 1985 884 2016 econtra
911 1985 1038 2016 autem
1063 1979 1211 2016 domini
1239 1979 1390 2028 positivi
1415 1986 1471 2016 est
1495 1992 1717 2017 conservare
1738 1979 1796 2017 vel

459 2062 590 2098 regere
617 2049 844 2096 servitutem,
865 2050 923 2087 vel
951 2050 1085 2087 saltem
1105 2049 1264 2099 aliquod
1290 2050 1371 2087 eius
1401 2050 1617 2099 positivum,
1637 2057 1678 2088 ut
1707 2057 1796 2099 post

457 2121 612 2169 patebit.
670 2121 717 2158 In
751 2121 826 2158 hoc
860 2127 991 2159 tamen
1025 2120 1141 2158 habet
1178 2121 1348 2169 privacio
1387 2121 1585 2159 racionem
1625 2121 1793 2167 dominii,
1809 2136 1847 2169 25

459 2192 565 2241 quod
598 2192 681 2240 ipsa
714 2191 851 2228 subicit
884 2191 1104 2229 interiorem
1138 2191 1335 2229 hominem
1371 2192 1420 2228 ad
1454 2192 1579 2241 ipsum
1610 2192 1794 2241 penaliter

459 2263 728 2309 sufferendum,
750 2269 791 2299 ut
811 2263 934 2299 innuit
955 2263 1154 2312 apostolus
1175 2263 1223 2300 ad
1246 2262 1449 2300 Romanos
1471 2270 1581 2300 sexto
1603 2263 1792 2312 capitulo:

469 2335 582 2380 Vetus,
609 2334 743 2384 inquit,
769 2334 872 2371 homo
899 2338 1020 2371 noster
1048 2335 1163 2371 simul
1184 2335 1401 2383 transfixus
1429 2338 1488 2380 est,
1517 2338 1559 2371 ut
1581 2335 1795 2371 destruatur

179 2420 210 2436 as
223 2409 264 2436 sin
457 2413 590 2455 corpus
605 2407 753 2454 peccati,
768 2409 802 2442 et
819 2406 919 2442 ultra
936 2418 1008 2441 non
1024 2406 1230 2442 serviamus
1240 2409 1389 2454 peccato
1402 2418 1421 2449 ,·
1451 2411 1487 2442 et
1508 2404 1689 2454 sequitur,
1702 2404 1793 2442 lVon

457 2490 543 2526 ergo
563 2481 689 2526 regnet
706 2481 896 2526 peccatum
919 2477 958 2513 in
985 2480 1102 2513 vestro
1122 2483 1270 2525 corpore
1282 2490 1300 2520 ,·
1330 2482 1376 2520 et,
1397 2475 1529 2524 paucis
1549 2475 1790 2525 interpositis,
1806 2493 1847 2524 30

456 2549 653 2585 Peccatum
691 2549 784 2585 em'm
825 2549 863 2584 z‘n
902 2548 1001 2585 vobis
1029 2548 1049 2571 *
1071 2560 1141 2584 non
1181 2546 1440 2584 domzuubz'tur.
1508 2545 1625 2584 Tales
1663 2552 1790 2584 autem
1807 2558 1833 2588 c

493 2663 530 2678 12.
552 2653 643 2678 subici
662 2653 733 2679 BC:
753 2653 786 2684 A,
805 2658 835 2678 ut
854 2652 973 2684 videtur,
990 2652 1121 2678 subicere.
1304 2661 1343 2684 13.
1360 2652 1493 2683 pacienti
1509 2651 1584 2677 AC:
1600 2652 1735 2684 pacz‘ente
1757 2652 1789 2677 B.

456 2688 674 2752 ssssg'ssiiztssvgm
696 2687 736 2712 A:
761 2687 867 2718 posz'tffc
891 2686 956 2712 BC.
1095 2687 1134 2712 28.
1161 2686 1329 2718 tranfixus
1350 2681 1505 2718 (tr‘iffixns)
1526 2685 1599 2711 AB:
1628 2686 1791 2718 crucifixas

504 2811 553 2844 27.
579 2805 674 2835 Rom.
691 2804 732 2836 vi.
751 2804 781 2835 6.
1004 2814 1054 2845 29.
1080 2804 1154 2834 Ver.
1177 2813 1225 2834 12.
1447 2812 1497 2843 31.
1523 2803 1597 2835 Ver.
1620 2813 1668 2843 14.
