2008 3305
198 196 282 249 236

195 1467 206 1484 1
214 1477 220 1484 .
239 1458 329 1484 Grace
341 1456 365 1483 is

193 1668 284 1695 either

192 1712 220 1728 a.
234 1702 365 1736 increate,

192 1736 330 1768 denoting

193 1769 212 1796 i.
228 1770 276 1795 the
289 1769 382 1796 divine

192 1803 286 1835 being,

192 1844 219 1871 ii.
233 1844 281 1869 the
290 1844 357 1877 holy
365 1843 460 1877 spirit,

877 208 943 240 DE
976 209 1193 242 DOMINIO
1224 209 1402 242 DIVINO
1639 198 1748 257 [off.
1765 213 1804 245 v.

476 322 630 361 cionem
650 322 813 372 sapiunt.
870 324 971 362 Cum
992 337 1084 374 ergo
1110 325 1364 363 accomodare
1393 325 1438 363 sit
1459 332 1567 363 actus
1587 326 1802 364 communi·
1818 326 1917 369 [82A

475 393 589 431 candi
610 394 812 443 perfectus,
834 394 939 432 iuxta
958 394 1051 432 illud
1081 395 1224 432 Psalmi
1244 396 1375 433 xxxvi.
1399 398 1459 442 26,
1481 396 1669 434 socundus
1687 397 1801 443 homo,

474 465 545 513 qui
572 465 765 501 miseretur
791 469 826 501 et
850 466 1058 511 commodat,
1092 473 1130 503 et
1156 473 1383 516 preceptum
1409 473 1466 504 est
1495 467 1535 503 in
1559 467 1645 516 lege
1671 465 1804 517 (Deut.

475 546 536 571 xv.
560 532 610 586 2),
638 535 806 584 sequitur
835 535 941 585 quod
968 536 1223 574 accomodare
1253 537 1581 586 supereminenter
1610 543 1647 575 et
1675 549 1804 575 exem—

474 604 628 655 plariter
647 604 734 642 Deo
755 606 971 644 conveniat.
1816 619 1835 652 5

532 674 609 712 Sed
647 681 786 712 contra
818 675 895 713 hoc
933 677 1106 723 obicitur,
1145 689 1235 714 cum
1274 678 1469 715 sentencia
1499 677 1718 727 supradicta
1756 678 1803 716 de

474 745 611 783 merito
642 752 825 783 creature.
881 746 1043 784 Videtur
1081 748 1196 793 enim,
1237 749 1291 786 ‘si
1330 748 1489 798 quilibet
1526 749 1647 786 viator
1685 748 1803 785 nichil

476 818 486 835 ¹
499 823 666 854 meretur
685 829 733 854 ex
752 816 950 867 condigno
964 817 1031 854 sed
1047 830 1139 867 pure
1156 830 1204 855 ex
1225 819 1367 868 gracia,
1390 819 1495 869 quod
1516 818 1657 856 tollitur
1676 818 1803 856 omnis

476 889 487 907 ⁶
501 892 609 923 actus
646 887 863 925 meritorius
893 888 1048 925 viatoris
1061 901 1069 934 ;
1110 901 1200 926 cum
1233 888 1431 938 apostolus
1470 900 1649 938 expresse
1687 889 1801 933 dicat,

476 960 484 976 ‘
502 956 617 995 Rom.
639 958 689 995 xi.
714 968 748 1005 5,
770 958 876 1007 quod
896 960 1048 1007 reliquie
1068 958 1215 996 Israhel
1235 960 1431 996 secundum
1452 960 1655 996 eleccionem
1672 960 1804 1009 gracie
1819 971 1859 994 10

476 1027 573 1066 ‘Dei
592 1029 691 1066 salve
698 1029 809 1079 facte
828 1034 939 1066 sunl:
967 1029 997 1066 si
1026 1037 1156 1067 autem
1185 1029 1313 1079 gracia
1342 1029 1416 1066 Dei
1445 1029 1522 1066 iam
1549 1041 1629 1067 non
1648 1041 1695 1067 ex
1716 1042 1804 1078 ope-

476 1101 485 1117 ‘
502 1099 618 1145 ribus,
640 1099 812 1149 alioquin
832 1100 962 1149 gracia
977 1100 1054 1137 iam
1070 1112 1151 1137 non
1172 1106 1227 1137 est
1240 1099 1390 1149 gracia?
1436 1099 1513 1137 Sed
1534 1100 1583 1137 ad
1602 1100 1695 1138 illud
1717 1107 1805 1138 sunt

473 1169 652 1207 doctores
672 1170 940 1216 communiter,
964 1169 981 1189 *
1004 1170 1121 1219 quod,
1144 1171 1174 1208 si
1195 1171 1280 1220 quis
1301 1171 1508 1220 premiatur
1527 1182 1623 1220 pure
1642 1183 1689 1208 ex
1709 1182 1803 1208 con·
1817 1182 1848 1211 B

473 1240 657 1289 dignitate
677 1253 851 1290 operum,
874 1247 966 1278 tunc
990 1253 1071 1278 non
1100 1253 1147 1278 ex
1174 1241 1328 1290 gracia:
1359 1247 1397 1279 et
1427 1240 1481 1278 sic
1510 1240 1683 1290 intelligit
1709 1252 1803 1290 apo-

472 1311 595 1349 stolus
629 1311 736 1361 quod
770 1323 886 1349 nemo
911 1312 1035 1360 potuit
1067 1311 1107 1348 in
1137 1310 1270 1348 Veteri
1302 1311 1562 1349 Testamento
1586 1311 1725 1348 mereri
1754 1323 1801 1348 ex
1818 1324 1857 1357 15

472 1382 735 1432 condignitate
749 1395 910 1432 operum
924 1383 1020 1432 legis
1033 1383 1132 1430 date,
1142 1382 1211 1420 sed
1227 1383 1266 1419 in
1279 1383 1386 1420 omni
1400 1382 1535 1420 merito
1549 1388 1703 1432 oportet
1716 1395 1802 1432 gra-

471 1454 571 1491 ciam
586 1454 795 1503 prevenire.
840 1453 972 1501 Quod,
990 1460 1030 1491 ut
1046 1453 1182 1491 clarius
1196 1460 1327 1502 pateat
1344 1453 1594 1491 conformiter
1610 1453 1659 1490 ad
1677 1453 1803 1503 Scrip-

471 1531 608 1570 turam,
641 1525 869 1571 notandum,
903 1524 1118 1562 secundum
1148 1524 1476 1569 Lincolniensem‚
1508 1524 1611 1562 dicto
1640 1524 1801 1569 cxxxiv„

472 1601 508 1632 et
529 1594 625 1632 alios
645 1594 847 1644 loquentes
867 1595 914 1632 de
930 1595 1070 1644 gracia,
1091 1595 1198 1644 quod
1216 1595 1341 1644 prima
1361 1595 1442 1632 eius
1463 1594 1599 1632 divisio
1619 1600 1677 1632 est
1697 1593 1803 1643 quod

472 1665 602 1715 aliqua
620 1671 677 1703 est
698 1666 867 1703 increata
895 1665 1025 1715 gracia
1045 1672 1082 1703 et
1102 1665 1178 1703 alia
1205 1671 1344 1703 creata.
1403 1665 1579 1702 Increata
1610 1665 1803 1714 tripliciter
1817 1678 1858 1702 20

472 1742 599 1786 potest
620 1736 792 1786 intelligi,
811 1736 871 1774 vel
890 1735 1149 1774 essencialiter
1177 1748 1247 1784 pro
1272 1735 1404 1772 divina
1431 1735 1617 1781 essencia,
1639 1735 1697 1772 vel
1717 1747 1804 1784 per-

473 1807 654 1844 sonaliter
690 1819 761 1856 pro
802 1807 919 1845 tercia
952 1807 1136 1852 Persona,
1170 1806 1230 1844 vel
1264 1805 1575 1843 habitudinaliter
1608 1818 1678 1855 pro
1709 1817 1804 1855 qua-

193 1885 231 1912 iii-
245 1886 332 1912 God's
344 1886 419 1918 good
473 1890 639 1928 cumque
659 1878 847 1916 volicione
868 1877 995 1914 divina
1014 1889 1091 1926 qua
1118 1876 1225 1914 Deus
1245 1876 1323 1913 vult
1351 1875 1577 1913 benefacere
1608 1883 1801 1914 creature:

192 1919 249 1945 will
262 1920 383 1945 towards
396 1919 443 1945 the

192 1958 329 1980 creature.

191 2195 216 2220 b.
233 2194 353 2226 created,

191 2228 307 2254 denotin

193 2261 212 2287 i.
226 2262 273 2287 the
283 2262 363 2296 thing
374 2261 429 2288 free

191 2296 321 2329 granted,

473 1955 511 1986 et
548 1949 601 1986 sic
643 1954 731 1986 sunt
768 1948 882 1985 nobis
920 1948 1069 1984 infinite
1108 1947 1236 1996 gracie
1275 1946 1362 1984 Deo
1402 1946 1611 1984 intrinsece
1651 1947 1803 1985 contin-

471 2026 607 2070 gentes
628 2026 664 2057 et
688 2031 824 2057 omnes
844 2018 931 2055 Deo
962 2017 1182 2067 simpliciter
1210 2023 1400 2062 coeterne,
1422 2023 1463 2054 ut
1493 2017 1638 2054 dictum
1666 2023 1724 2055 est
1754 2017 1801 2055 de
1816 2029 1855 2063 25

470 2090 746 2140 intelligenciis,
779 2089 962 2134 scienciis,
993 2095 1031 2125 et
1070 2087 1255 2125 volenciis
1293 2087 1367 2124 Dei
1407 2087 1538 2125 nostri.
1597 2087 1635 2124 Si
1673 2094 1803 2125 autem

471 2161 677 2211 loquamur
696 2161 743 2198 de
763 2160 891 2210 gracia
906 2165 1044 2205 creata,
1068 2158 1142 2196 hoc
1162 2164 1289 2207 potest
1305 2157 1463 2206 intelligi
1480 2157 1687 2206 tripliciter,
1706 2157 1803 2195 sicut

432 2261 461 2296 ly
472 2233 590 2282 prius,
611 2231 670 2269 vel
690 2231 935 2269 materialiter
947 2242 1018 2279 pro
1034 2229 1138 2267 dono
1155 2228 1327 2278 quolibet
1343 2228 1459 2277 gratis
1476 2227 1567 2265 dato
1584 2240 1594 2274 ;
1625 2234 1661 2265 et
1678 2228 1731 2266 sic
1746 2234 1803 2266 est

472 2303 641 2354 quelibet
657 2308 828 2339 creatura
844 2301 985 2350 gracia,
1003 2312 1093 2338 cum
1109 2299 1155 2337 sit
1170 2299 1319 2336 donum
1336 2298 1496 2336 Domini
1513 2298 1631 2348 gratis
1647 2298 1802 2336 datum:

519 2450 546 2471 2.
571 2440 624 2470 Ps.
641 2439 746 2469 xxxvi.
768 2438 807 2469 26
824 2437 972 2469 contains
988 2440 1061 2478 part
1085 2436 1122 2467 os
1136 2435 1190 2467 the
1210 2434 1402 2477 quotati0n;
1425 2435 1483 2466 but
1506 2434 1562 2466 the
1585 2438 1678 2466 exact
1694 2434 1802 2466 words

472 2503 525 2524 are
541 2490 643 2522 found
659 2491 693 2521 in
710 2491 761 2521 Ps.
779 2490 840 2521 cxi.
860 2498 889 2529 5.

520 2544 568 2574 18.
595 2543 634 2573 R.
650 2543 866 2580 Grosseteste,
884 2540 973 2571 Diet.
991 2539 1128 2574 cxxxiv„
1144 2539 1217 2571 cod.
1230 2538 1325 2570 Bodl.
1345 2538 1409 2578 830
1422 2537 1442 2568 f.
1460 2546 1517 2568 121
1540 2537 1692 2579 (printed,
1707 2537 1802 2568 with-

472 2599 530 2626 out
546 2594 601 2625 the
618 2595 754 2624 number
771 2593 809 2624 of
820 2593 876 2624 the
889 2593 1036 2629 Dictum,
1049 2601 1084 2622 as
1098 2593 1106 2607 ‘
1118 2591 1170 2622 De
1188 2591 1304 2622 Gratia
1321 2593 1353 2621 et
1370 2588 1607 2620 Iustifieatione
1621 2587 1800 2626 Hominis,'

472 2647 516 2687 by
527 2645 667 2677 Edward
681 2646 808 2680 Brown,
822 2643 1012 2675 Fasciculus
1026 2643 1147 2674 Rerum
1160 2642 1412 2683 expetendarum
1428 2646 1460 2672 et
1473 2640 1712 2681 fugiendarum,
1723 2651 1800 2681 app.

475 2698 546 2736 282,
575 2696 657 2738 1690
681 2697 776 2736 folio)
790 2707 798 2735 ;
830 2695 946 2734 where,
971 2695 1130 2731 however,
1155 2693 1210 2726 the
1234 2693 1352 2725 formal
1380 2692 1612 2725 classification
1639 2692 1718 2723 does
1743 2697 1800 2724 th

473 2760 582 2781 occur.

520 2809 570 2840 25.
597 2800 714 2842 Supra,
732 2800 788 2832 lib.
807 2799 827 2831 i.
847 2798 884 2829 16
898 2809 954 2840 pp.
977 2806 1035 2838 143
1054 2808 1138 2838 seqq.
