2095 3278
216 177 301 218 324

897 173 1102 205 RICARDI
1133 173 1432 205 ARMACHANI

1893 157 1993 216 [Lm.
2009 171 2036 200 Ι.

216 287 264 312 the
277 292 410 325 payment
423 286 468 325 os·
493 277 530 312 in
550 278 720 322 presenti,
740 277 832 312 sicut
850 278 968 312 fuerat
987 284 1071 312 ante
1089 277 1361 312 institucionem
1379 276 1533 321 pecunie
1549 287 1557 319 ;
1587 287 1656 310 nec
1673 281 1820 320 propter
1836 277 1924 318 [120

216 329 318 352 money
327 330 349 346 15
362 330 397 346 an
411 330 481 346 acel-

215 355 283 379 dent
296 354 327 379 of
338 355 384 379 the
397 363 458 386 pro-

216 396 286 418 cess,

215 686 271 711 and
284 685 319 711 its
333 685 452 710 absence

215 720 283 744 does
296 724 344 743 not
358 719 441 744 affect

215 753 263 777 the
277 753 352 777 truth
366 753 427 777 that

217 786 280 811 God
294 794 346 811 can
360 786 417 817 buy
431 786 463 811 of

215 819 271 844 and
284 819 334 844 5611
348 825 377 845 to
390 828 453 845 man
466 825 472 850 ;

218 2371 304 2397 albeit
318 2371 352 2396 he
365 2370 473 2396 neither

219 2405 341 2429 receives
354 2414 370 2429 a
384 2414 443 2429 new

494 335 749 370 mvencionem
768 342 916 370 monete
943 335 1002 369 isti
1027 335 1172 369 termini
1193 335 1394 369 amiserant
1417 345 1567 368 sensum
1593 345 1700 367 suum
1726 332 1820 377 prio-

493 405 593 428 rem:
632 399 668 427 et
702 394 749 427 ob
782 394 854 427 hoc
888 393 939 427 ita
971 392 1148 427 veraciter
1181 399 1215 427 et
1250 393 1302 426 ita
1334 392 1480 436 proprie
1514 391 1637 435 quoad
1671 402 1820 425 sensum

495 447 735 482 terminorum
760 447 932 481 venditur
960 458 1026 492 pro
1056 459 1152 491 pane
1179 447 1343 491 pecunia,
1373 446 1465 480 sicut
1494 452 1654 480 econtra·
1707 444 1820 479 Unde

497 505 667 539 Christus
694 504 796 539 dedit
831 516 870 539 se
905 505 1070 549 precium
1098 516 1164 548 pro
1193 504 1300 538 nobis
1333 510 1368 538 et
1402 514 1468 548 pro
1498 503 1658 547 peccatis
1686 502 1852 544 nostrisf,

496 561 617 606 (sicud
643 562 717 596 iam
743 569 953 606 supratacta
976 568 1145 606 patenter
1163 560 1398 605 ostendunt);
1427 561 1525 595 unde
1545 560 1701 595 Genesis
1722 560 1819 594 xlvii.

498 630 551 663 19,
571 621 666 654 Eme
690 632 757 654 nos
784 622 823 655 in
848 622 1065 654 servitutem
1091 622 1245 665 regiam,
1263 624 1299 653 et
1315 620 1426 664 prebe
1442 620 1596 661 semina,
1614 618 1675 653 ubi
1696 630 1820 653 semen

494 690 560 723 pro
587 678 711 723 precio
741 685 984 723 computatur.
1038 679 1130 712 Cum
1161 689 1248 721 ergo
1275 677 1424 712 fatearis
1453 678 1577 710 Deum
1606 676 1693 710 dare
1723 677 1821 710 dona

494 736 719 780 hominibus,
737 743 772 771 et
796 743 949 770 econtra
965 736 1127 770 affirmas
1148 736 1317 770 homines
1337 736 1420 769 Deo
1441 736 1527 769 dare
1550 734 1626 769 sive
1649 734 1777 768 offerre
1798 746 1820 768 a

496 795 579 828 Deo
596 801 745 838 recepta
763 794 925 837 donaria,
945 794 975 828 si
1000 794 1072 828 ista
1096 794 1230 838 duplex
1248 793 1402 827 donacio
1424 792 1500 827 sive
1526 792 1682 826 tradicio
1698 803 1819 826 rerum
1837 797 1877 819 10

492 868 560 901 pro
588 857 710 901 precio
740 857 787 891 de
819 857 929 891 rebus
963 856 1120 890 diversis
1153 856 1265 897 fieret,
1296 855 1348 889 sic
1379 854 1541 889 vicissim
1575 865 1648 888 non
1682 853 1820 898 poteris

494 914 511 933 *
529 913 760 958 empcionem
778 920 813 949 et
825 913 1082 948 vendicionem
1100 913 1195 948 inter
1210 914 1333 947 Deum
1350 919 1385 947 et
1404 912 1591 946 hominem
1609 912 1791 956 denegare
1811 924 1817 946 :
1832 915 1866 944 D

490 984 535 1006 ex
564 983 637 1016 quo
672 983 782 1016 super
807 971 1053 1006 extrinsecum
1088 978 1210 1005 actum
1245 970 1461 1005 donacionis
1494 969 1639 1014 empcio
1672 970 1818 1004 nonnisi

491 1030 736 1065 tradicionem
760 1030 883 1074 precii,
907 1036 943 1064 et
969 1029 1140 1064 vendicio
1166 1028 1313 1063 nonnisi
1337 1028 1592 1073 recepcionem
1616 1028 1729 1072 precii
1753 1029 1820 1062 ob-

492 1088 556 1123 lati
582 1088 767 1132 importat.
817 1087 895 1122 Nec
921 1088 991 1122 hoc
1016 1088 1139 1122 omisit
1160 1087 1348 1131 Scriptura
1370 1087 1576 1131 frequenter
1593 1086 1816 1131 exprimere:
1837 1091 1874 1123 15

492 1146 544 1180 ait
569 1145 668 1180 enim
695 1146 876 1188 Salvator,
902 1146 1002 1179 Date
1028 1149 1065 1178 et
1084 1146 1237 1179 dabitur
1261 1146 1363 1179 vobis
1390 1144 1492 1188 (Luc.
1510 1145 1557 1179 vi.
1576 1144 1648 1189 38),
1666 1150 1702 1179 et
1720 1145 1819 1178 Date

493 1204 742 1247 elemosinam,
761 1206 797 1237 et
820 1214 902 1244 ecce,
921 1204 1047 1236 omnia
1065 1203 1206 1236 munda
1227 1207 1317 1236 sunt
1332 1203 1435 1236 vobis
1454 1202 1555 1246 (Luc.
1573 1203 1619 1237 xi.
1637 1202 1697 1246 41)
1718 1214 1726 1246 ;
1756 1197 1821 1237 Da

485 1262 718 1306 pauperibus
733 1265 770 1295 et
789 1260 933 1295 habebis
950 1260 1168 1294 thesaurum
1194 1262 1234 1294 in
1257 1260 1329 1294 celo
1349 1260 1481 1305 (Marc.
1499 1273 1532 1294 x.
1552 1259 1610 1304 21)
1628 1272 1635 1303 ;
1665 1261 1820 1294 Peccata

493 1324 560 1353 tua
585 1319 794 1353 elemosinis
818 1319 957 1352 redime
984 1318 1144 1362 (Daniel.
1171 1318 1217 1352 iv.
1243 1319 1328 1362 24):
1360 1319 1429 1352 hec
1455 1318 1580 1353 onmia
1605 1318 1682 1353 fieri
1708 1318 1820 1352 debu-

492 1372 597 1412 erunt
624 1389 689 1421 per
716 1377 886 1410 homines
912 1377 1107 1410 vendendo
1133 1376 1375 1410 elemosinam
1404 1383 1466 1410 aut
1495 1388 1562 1421 pro
1591 1377 1820 1411 relaxacione
1836 1386 1876 1409 20

493 1434 751 1480 peccaminum
777 1441 840 1469 aut
865 1445 931 1479 pro
949 1433 1026 1468 vita
1044 1440 1194 1475 eterna3
1222 1435 1384 1468 adducta
1408 1434 1527 1468 eciam
1552 1435 1714 1469 secundo
1739 1446 1821 1478 pre-

494 1493 651 1528 cedente
684 1492 845 1537 capitulo
879 1504 990 1536 supra
1017 1492 1064 1526 de
1096 1492 1354 1536 redempcione
1384 1499 1510 1526 nostra
1538 1504 1604 1536 per
1633 1492 1821 1527 Christum

494 1552 593 1586 istud
610 1556 780 1595 patenter
797 1550 1008 1584 ostendunt.
1061 1551 1227 1593 Insuper,
1247 1550 1324 1584 sine
1343 1549 1542 1584 elemosine
1560 1549 1725 1593 dacione,
1745 1551 1822 1585 sola

494 1610 594 1643 bona
610 1609 798 1642 voluntate
818 1607 871 1650 (ut
889 1606 1047 1651 videtur)
1074 1608 1144 1641 hec
1168 1607 1313 1651 empcio
1338 1619 1403 1652 per
1420 1608 1572 1642 Ysaiam
1598 1608 1820 1652 exprimitur,

494 1668 582 1701 Ysa.
605 1667 652 1701 lv·
679 1676 709 1709 Ι,
731 1667 875 1707 Omnes,
894 1665 1021 1710 inquit,
1048 1667 1215 1699 sicientes
1239 1667 1362 1700 venite
1384 1666 1437 1700 ad
1457 1677 1585 1710 aquas,
1604 1670 1640 1700 et
1658 1668 1726 1711 qui
1748 1677 1821 1700 non
1838 1682 1852 1703 2
1858 1681 1876 1714 5

493 1725 635 1759 habetis
663 1727 873 1769 argentum,
893 1725 1105 1768 properate,
1132 1725 1239 1757 emite
1264 1727 1300 1757 et
1323 1724 1524 1765 comedite;
1555 1725 1688 1766 venite,
1716 1725 1824 1758 emite

494 1783 628 1827 absque
652 1785 807 1827 argento
830 1785 866 1815 et
887 1781 1021 1825 absque
1044 1781 1126 1815 ulla
1150 1782 1438 1815 commutacione
1459 1783 1594 1816 vinum
1616 1785 1652 1816 et
1676 1782 1761 1817 lac:
1786 1789 1823 1817 et

495 1840 619 1875 statim
649 1840 823 1885 sequitur,
851 1839 1037 1873 Inclinate
1069 1850 1198 1873 aurem
1231 1843 1406 1882 vestram,
1437 1843 1472 1874 et
1503 1841 1626 1874 venite
1657 1840 1712 1874 ad
1739 1851 1821 1882 me;

495 1899 623 1932 audite
649 1902 684 1932 et
716 1899 822 1932 vivet
846 1898 977 1931 anima
1002 1901 1129 1930 vestm
1161 1897 1264 1941 (Ysa.
1291 1899 1335 1932 lv.
1365 1896 1423 1941 3);
1465 1898 1527 1932 ubi
1557 1898 1683 1940 vitam,
1711 1910 1822 1943 quam

493 1956 757 2000 proclamando
790 1956 961 1991 venalem
1001 1956 1105 1990 Deus
1147 1955 1323 2000 exposuit,
1357 1962 1505 2000 propter
1542 1956 1822 1991 inclinacionem
1835 1964 1877 1996 30

496 2015 594 2049 auris
612 2020 649 2049 et
666 2025 858 2049 accessum
876 2013 926 2047 ad
942 2025 1027 2047 eum
1045 2014 1185 2047 donare
1205 2013 1412 2058 spopondit.
1463 2015 1512 2048 Et
1530 2014 1671 2048 utinam
1689 2014 1821 2049 nundi-

494 2084 627 2106 narum
654 2072 785 2106 harum
809 2070 1119 2106 clementissimus
1143 2071 1329 2105 institutor
1346 2071 1588 2106 mercacionis
1612 2072 1717 2106 huius
1745 2084 1821 2106 mo-

496 2130 584 2164 dum
603 2136 638 2164 et
657 2130 827 2172 formam,
847 2140 956 2174 quem
975 2129 1054 2163 sine
1073 2135 1224 2173 argento
1245 2136 1281 2164 et
1300 2129 1377 2164 sine
1401 2130 1693 2165 commutacione
1711 2142 1822 2175 posse

496 2187 571 2222 fieri
590 2187 771 2232 exprimit,
789 2187 924 2222 nostris
944 2186 1112 2221 sensibus
1130 2187 1370 2232 caligantibus
1388 2194 1575 2222 reseraret.

545 2247 635 2280 IOH,
666 2246 839 2280 Eundem
873 2245 1086 2279 invocemus
1130 2246 1254 2279 Iesum
1287 2246 1419 2280 ducem
1453 2252 1488 2280 et
1520 2247 1651 2288 lucem,
1685 2253 1821 2291 quanto
1835 2261 1874 2295 35

495 2304 661 2338 valemus
679 2304 873 2338 ardencius
890 2315 897 2338 :
926 2310 961 2338 et
979 2314 1090 2348 perge
1108 2303 1204 2338 circa
1221 2304 1291 2338 hoc
1308 2304 1537 2348 propalando
1555 2316 1625 2349 que
1644 2305 1797 2340 dederit.

546 2362 631 2396 RIC.
660 2361 698 2396 Si
722 2361 829 2396 nobis
855 2361 1030 2395 dantibus
1050 2361 1289 2396 elemosinam
1314 2363 1397 2396 Deo
1420 2363 1477 2396 vel
1499 2361 1576 2397 eius
1598 2363 1821 2407 procuratori

218 2420 647 2469 lordshipnffllossespauperi
676 2421 780 2454 Deus
809 2420 1007 2454 elemosine
1036 2420 1178 2454 nullum
1211 2419 1338 2464 recipit
1371 2432 1507 2455 novum
1541 2421 1757 2465 dominium,
1785 2428 1821 2457 et

219 2471 351 2504 lordship.

457 2550 468 2571 1

498 2485 624 2513 tamen
642 2489 725 2512 vere
747 2478 961 2512 donatarius
984 2489 1049 2522 per
1068 2483 1235 2511 nostram
1259 2477 1503 2513 donacionem
1522 2479 1625 2513 Deus
1643 2480 1818 2522 efficitur;

477 2566 482 2572 ,
497 2534 614 2579 primo
632 2533 865 2577 consequitur
883 2533 980 2576 quod
1007 2532 1163 2566 donacio
1185 2544 1252 2566 nec
1270 2532 1649 2567 communicacionem
1667 2534 1818 2569 dominii
1831 2546 1875 2578 40

495 2592 596 2635 prius
610 2590 726 2625 habiti
740 2603 762 2624 a
776 2591 948 2633 donante,
962 2602 1030 2624 nec
1043 2590 1120 2624 eius
1131 2590 1416 2624 translacionem
1430 2602 1497 2625 nec
1511 2592 1818 2627 constitucionem

495 2649 531 2682 in
560 2648 752 2682 donatario
778 2649 861 2682 novi
890 2647 1042 2682 dominii
1070 2648 1278 2682 necessario
1305 2649 1415 2682 habet
1437 2660 1642 2684 annexam:
1674 2651 1817 2693 saltem,

493 2718 576 2739 cum
593 2705 731 2750 aliquid
751 2707 834 2739 Deo
851 2705 1009 2740 donatur
1025 2716 1089 2750 per
1108 2705 1307 2748 hominem,
1326 2706 1371 2740 de
1389 2706 1726 2741 communicacione
1744 2719 1818 2742 non

493 2763 652 2807 ambigis
675 2763 761 2808 quin
786 2770 954 2798 nostrum
978 2763 1193 2807 dominium,
1213 2763 1312 2808 quod
1334 2775 1356 2798 a
1377 2765 1460 2799 Deo
1480 2775 1546 2809 per
1569 2764 1815 2800 communica-

2086 20 2089 63 Ξ

2086 127 2091 151 l,
