2008 3305
240 212 326 243 CAP.
351 199 473 259 xvir]
719 211 861 243 LIBER
893 212 1090 245 PRIMUS.
1762 213 1837 258 151

120 329 225 371 50D]
248 327 498 366 Verumtamen
527 332 567 365 lu
596 341 668 365 non
698 328 884 377 edzficabz's
917 327 1033 365 mz'clzz’
1060 328 1214 373 domum,
1241 327 1304 363 sed
1320 327 1433 376 filius
1465 330 1560 364 tuus.

236 397 341 436 Ecce
365 398 659 436 commendacio
689 398 861 436 volencie
889 405 1065 447 respectu
1085 397 1189 435 voliti
1215 397 1322 447 quod
1348 396 1458 435 Deus
1484 397 1562 435 vult

236 480 317 506 non
347 481 430 507 esse
452 481 571 518 opere
599 476 815 507 executum.
872 468 967 506 Ideo
988 467 1095 506 Deus
1124 468 1372 517 principalius
1401 468 1562 505 attendit
1573 474 1831 541 ggflthzcglgsotsosstltge

235 539 286 577 ad
314 539 544 578 intencionis
573 540 851 585 rectitudinem,
877 550 998 589 quam
1029 538 1124 576 Mat.
1157 538 1213 576 vi.
1238 550 1284 575 22
1318 544 1431 576 vocat
1459 539 1561 577 oculi
1574 542 1687 568 motiva.

204 609 529 659 5simplicitatem‚
553 622 672 660 quam
702 610 752 647 ad
784 610 1045 647 substanciam
1079 615 1186 646 actus
1215 609 1273 646 vel
1302 608 1406 646 voliti
1439 609 1561 658 quali-

235 686 363 718 tatem.
419 680 469 718 Et
490 693 608 730 penes
638 680 712 718 hoc
742 680 857 717 habet
884 679 1133 717 conformitas
1163 679 1293 716 divino
1320 679 1560 728 beneplacito

234 750 459 788 mensurari.
489 750 590 788 Cum
611 751 713 788 enim
733 751 773 787 in
790 749 876 788 Deo
893 762 973 787 non
994 755 1082 787 sunt
1095 748 1172 786 Est
1183 756 1220 787 et
1231 748 1332 794 lVon,
1347 749 1561 787 secundum

235 820 463 870 apostolum,
489 833 507 857 2
532 820 621 859 Cor.
641 822 663 857 i.
689 823 748 867 18,
773 820 890 859 nichil
911 826 1097 870 repugnat
1118 819 1246 857 Deum
1265 819 1359 857 velle
1379 826 1417 857 et
1435 819 1559 856 Abra-

235 891 326 928 ham
346 891 431 928 velit
457 891 630 930 occidere
660 892 778 929 filium
806 903 927 936 suum,
948 897 984 928 et
1005 890 1101 928 velle
1128 902 1217 927 cum
1241 889 1317 927 hoc
1343 889 1559 927 eternaliter

183 975 223 997 10
235 961 401 999 eundem
422 961 542 999 filium
569 974 650 999 non
677 961 813 999 occidi.
871 960 957 998 Nec
982 967 1039 998 est
1059 960 1274 1010 putandum
1298 959 1403 1009 quod
1422 959 1560 997 volicio

233 1031 306 1069 Dei
322 1039 359 1069 et
376 1032 511 1070 volicio
530 1032 685 1069 Abrahe
706 1032 745 1068 in
765 1031 839 1069 hoc
860 1032 933 1068 sint
954 1031 1143 1069 contrarie
1163 1031 1220 1068 vel
1237 1031 1456 1068 difformes:
1479 1042 1559 1067 non

231 1103 432 1149 contrarie,
453 1115 543 1140 cum
564 1115 643 1140 non
663 1103 737 1140 sint
758 1103 797 1139 in
817 1102 955 1139 eodem
975 1113 1116 1151 genere
1137 1114 1209 1138 nec
1235 1108 1324 1138 nate
1351 1101 1432 1138 fieri
1459 1100 1559 1138 circa

232 1172 335 1210 idem
350 1185 359 1219 ;
389 1185 461 1211 nec
492 1173 700 1218 difformes,
722 1185 811 1210 cum
841 1179 1002 1221 utraque
1031 1172 1076 1209 sit
1106 1177 1219 1217 recta,
1241 1178 1278 1209 et
1307 1172 1346 1208 in
1367 1171 1558 1209 volicione

231 1243 386 1281 Abrahe
416 1244 463 1281 sit
487 1244 624 1282 volicio
653 1243 726 1281 Dei
755 1249 931 1292 respectu
961 1242 1134 1281 eiusdem
1163 1241 1266 1280 voliti
1295 1241 1352 1279 vel
1381 1241 1558 1291 explicite

140 1323 221 1353 51A
233 1314 291 1351 vel
312 1313 492 1363 implicite
517 1314 717 1351 intellecta.
764 1313 879 1351 Unde
897 1311 915 1332 '¹‘
933 1312 1071 1350 volicio
1100 1318 1354 1362 tyrannorum
1383 1318 1440 1349 est
1463 1311 1557 1349 voli·
1571 1318 1670 1344 Hence
1683 1318 1731 1344 the
1744 1318 1800 1345 will

1570 1352 1626 1378 osa
1639 1357 1734 1384 tyrant
1747 1352 1770 1378 is

232 1384 334 1422 cioni
354 1383 428 1422 Dei
448 1384 551 1433 large
568 1384 759 1422 contraria
779 1390 815 1421 et
835 1383 1033 1429 difformis,
1051 1382 1210 1432 quando
1223 1382 1327 1420 idem
1342 1382 1473 1420 volunt
1489 1382 1557 1420 sed
1569 1391 1701 1418 contrary
1709 1391 1738 1411 to
1749 1385 1837 1412 God’s

1569 1419 1634 1451 will,
1647 1428 1716 1444 even
1729 1419 1811 1444 when

231 1455 454 1492 difformiter
474 1455 579 1504 quod
599 1460 636 1492 et
651 1454 769 1492 Deus.
810 1454 906 1491 Ideo
927 1466 1007 1491 non
1026 1465 1225 1491 mensures
1245 1453 1557 1491 contrarietatem
1570 1452 1768 1518 lg’gssvtffntghe

230 1531 386 1563 actuum
412 1538 459 1563 ex
488 1526 661 1563 terminis
689 1525 888 1575 oppositis,
910 1525 941 1562 si
967 1525 1164 1571 inessent3
1197 1524 1264 1562 sed
1284 1524 1419 1573 pocius
1438 1536 1559 1574 penes

231 1595 372 1633 modos
406 1595 566 1644 agendi;
607 1601 649 1632 ut
679 1595 718 1632 in
749 1595 915 1633 motibus
947 1595 1135 1632 localibus
1167 1600 1222 1631 est
1256 1593 1395 1631 videre.
1454 1593 1558 1631 Nam

179 1669 255 1706 20†
271 1665 371 1714 ignis
390 1665 630 1703 descendens
649 1677 721 1715 pro
744 1665 847 1715 pleni
867 1665 1064 1703 servancia
1084 1664 1133 1702 ad
1153 1664 1281 1702 locum
1301 1664 1411 1709 aeris,
1433 1676 1456 1701 a
1479 1676 1558 1713 quo

231 1743 331 1774 terra
359 1736 556 1774 descendit
582 1742 623 1773 ut
656 1736 782 1774 debite
812 1736 859 1773 sit
886 1735 1022 1782 locata,
1048 1747 1128 1773 non
1157 1740 1361 1772 moventur
1390 1735 1558 1772 motibus

230 1807 440 1853 contrariis,
462 1806 549 1844 licet
573 1807 723 1857 utrique
750 1806 903 1844 termini
924 1805 1138 1843 secundum
1159 1804 1382 1843 locuciones
1403 1810 1556 1841 natura-

229 1877 322 1914 lium
334 1883 601 1927 opponantur:
622 1889 713 1915 nam
733 1883 823 1914 tunc
844 1889 924 1914 non
939 1882 1091 1914 tantum
1103 1876 1198 1914 foret
1214 1887 1336 1913 unum
1351 1875 1418 1912 uni
1433 1887 1556 1924 oppo-

230 1948 354 1985 situm.
416 1947 477 1986 Sic
509 1947 628 1993 Deus,
658 1948 824 1985 volendo
851 1959 1004 1985 movere
1028 1947 1200 1983 animum
1223 1958 1353 1984 meum
1382 1951 1423 1983 ut
1443 1946 1557 1984 velim

179 2028 217 2060 25
231 2019 329 2057 mori
342 2024 499 2069 propter
511 2019 712 2065 iusticiam,
729 2025 766 2056 et
781 2030 867 2067 ego,
883 2018 1080 2055 meritorie
1095 2017 1188 2054 illud
1201 2017 1333 2055 volens
1350 2017 1418 2055 sed
1432 2017 1557 2066 impe-

231 2090 331 2127 ditus
350 2102 397 2127 ex
418 2089 492 2127 hoc
512 2089 618 2139 quod
638 2089 745 2127 Deus
767 2101 846 2127 non
861 2100 1015 2126 mecum
1031 2088 1243 2126 voluntarie
1264 2087 1554 2133 condescendit,

230 2172 310 2198 non
323 2160 510 2197 habemus
530 2160 738 2197 voliciones
758 2159 968 2197 contrarias
985 2171 995 2205 ;
1027 2159 1095 2197 sed
1115 2171 1213 2196 unus
1233 2159 1366 2196 volens
1385 2158 1555 2196 eundem

230 2230 435 2268 terminum
447 2242 495 2267 ex
508 2230 687 2279 opposito
701 2229 949 2276 rectitudinis,
964 2228 1050 2267 Deo
1063 2229 1225 2267 obvians
1241 2229 1281 2265 in
1295 2228 1444 2275 eodem,
1461 2240 1554 2265 con-

229 2301 402 2338 trariatur
422 2301 662 2350 beneplacito
683 2300 757 2338 Dei
778 2300 847 2346 sui,
869 2312 949 2337 non
970 2300 1022 2338 sic
1039 2300 1133 2350 quin
1153 2299 1260 2338 Deus
1274 2299 1360 2337 velit
1382 2299 1554 2337 substan-

177 2384 218 2415 30
230 2371 330 2410 ciam
351 2371 407 2408 sui
425 2378 534 2409 actus
554 2378 591 2409 et
611 2371 789 2409 utilitates
808 2383 883 2420 que
903 2383 951 2408 ex
973 2370 1126 2409 defectu
1141 2370 1269 2420 operis
1285 2375 1553 2408 consecuntur.

284 2441 398 2479 Unde
419 2441 566 2479 videtur
584 2442 701 2479 michi
721 2442 828 2491 quod
855 2441 1012 2491 quilibet
1033 2441 1147 2479 debet
1167 2440 1207 2477 in
1236 2440 1440 2478 universali
1460 2440 1554 2478 velle
1569 2446 1639 2472 Man
1652 2446 1753 2472 should
1767 2446 1822 2473 will

229 2512 417 2561 quidquid
436 2511 523 2550 Deo
547 2512 731 2562 placuerit
759 2524 842 2550 esse
871 2511 1037 2558 factum5
1068 2518 1105 2549 et
1128 2523 1217 2549 cum
1247 2510 1360 2548 fuerit
1390 2511 1555 2560 particu-
1569 2481 1787 2546 ᾗῗῖίῖἃὲἕοὲὴᾶῑ

1567 2548 1697 2580 pleasure
1711 2548 1811 2574 should

228 2582 354 2620 lariter
384 2583 476 2620 illud
512 2590 657 2629 notum,
693 2582 807 2621 debet
843 2582 1117 2632 particulariter
1155 2581 1248 2618 illud
1279 2581 1373 2619 velle
1390 2594 1399 2628 ;
1431 2588 1467 2619 et
1499 2581 1553 2619 sic
1566 2582 1778 2640 ξζεξιῡνῗξῂῗξξῃ

228 2651 320 2690 illud
361 2653 466 2703 quod
511 2653 624 2691 debet
663 2653 758 2691 velle
797 2653 1074 2703 particulariter
1111 2665 1158 2691 ex
1198 2652 1396 2697 mandato,
1438 2652 1553 2690 debet

1566 2649 1613 2674 the
1625 2648 1778 2680 particular

1565 2691 1629 2708 case
1642 2682 1722 2707 when
1736 2681 1757 2707 it
1771 2681 1794 2707 is

1567 2715 1751 2752 particularly·

251 2776 284 2813 ,ε’
308 2775 325 2800 i·
342 2775 414 2801 AC²
435 2784 490 2801 0¹1¹·
506 2775 537 2803 Β·
661 2784 699 2807 14·
720 2778 728 2805 ΙΙ
741 2775 841 2801 volz'cz'o
855 2775 876 2800 Β
890 2774 907 2800 s·
924 2783 971 2806 235
985 2784 1006 2800 Β.
1147 2784 1186 2801 21.
1205 2774 1296 2801 debite
1315 2773 1388 2801 AC:
1409 2773 1506 2800 debita
1521 2773 1554 2800 B.
1567 2749 1668 2775 known
1682 2754 1711 2774 to
1724 2748 1799 2780 h¹m3

228 2810 268 2833 szt
282 2808 304 2833 B
316 2808 338 2835 C
350 2815 356 2834 :
376 2809 436 2834 sint
448 2809 480 2835 A.
586 2811 625 2835 28.
644 2809 767 2841 opposito
782 2809 820 2835 B:
841 2809 968 2841 apposito
981 2809 1005 2834 A
1016 2808 1047 2835 C.
