2095 3278
56 166 269 224 cmxvr]
626 178 691 208 DE
724 176 968 209 PAUPEROE
1000 174 1310 207 SALVATORIS.
1792 176 1816 217 3
1822 172 1873 217 57

165 281 262 320 20B]
275 279 374 316 unde
392 281 536 316 videtur
553 281 623 316 hoc
642 280 846 316 dominium
864 281 947 315 Ade
964 279 1141 325 penitenti
1168 288 1203 314 et
1227 279 1390 324 graciam
1418 277 1598 323 optinenti

272 339 482 374 restitutum
510 338 636 374 fuisse.
687 340 793 381 Item,
824 338 905 383 ipsa
934 337 1151 372 malediccio
1179 348 1245 381 pro
1276 341 1430 381 peccato
1460 335 1599 370 inflicta
1613 342 1640 366 2.

272 396 547 431 restitucionem
564 396 671 430 huius
686 395 839 431 dominii
852 396 995 430 videtur
1008 406 1225 440 supponere,
1238 405 1307 439 que
1325 394 1483 428 formam
1500 394 1598 427 hanc

273 455 385 489 habet
401 466 409 489 ε
436 454 643 488 Maledicta
661 457 762 488 terra
780 455 820 487 in
838 456 943 497 opere
960 457 1024 487 tuo
1031 465 1052 494 ;
1077 454 1118 486 in
1135 452 1321 486 laboribus
1342 452 1499 486 comedes
1517 462 1598 485 eam

240 522 257 553 5
272 513 412 546 cunctis
436 512 562 546 diebus
586 513 663 546 vite
687 516 759 546 tue.
811 512 952 555 Spinas
975 514 1010 544 et
1034 510 1190 544 tribulos
1209 510 1443 555 germinabit
1466 509 1545 552 tibi,
1564 512 1600 542 et

272 571 431 604 comedes
447 570 577 604 herbas
596 573 704 604 terre.
751 569 799 603 In
824 569 958 603 sudore
982 569 1114 602 vultus
1137 569 1198 602 tui
1221 568 1377 602 vesceris
1393 570 1497 612 pane
1521 571 1598 610 tuo,

272 628 385 662 donec
399 628 605 662 revertaris
621 629 662 661 in
680 631 820 661 terram
839 627 882 660 de
898 637 973 671 qua
990 628 1162 671 sumptus
1177 637 1242 667 es,·
1257 627 1348 670 quia
1358 627 1495 670 pulvis
1511 637 1548 659 es
1564 629 1601 659 et

273 687 315 719 in
332 687 530 730 pulverem
557 686 764 720 reverteris.
814 686 869 719 Et
893 685 1044 718 vocavit
1066 683 1194 717 Adam
1221 694 1353 717 nomen
1381 694 1468 717 nxm
1477 685 1510 717 is
1536 695 1601 717 sue

273 744 412 786 Evam,
430 754 469 777 eo
486 743 588 787 quod
600 747 722 776 mater
737 746 827 776 esset
843 746 1056 776 cunctorum
1075 742 1300 775 vivencium.
1338 742 1443 775 Fecit
1458 752 1602 785 quoqne

223 814 262 836 10
274 802 461 835 Dominus
479 801 581 834 Deus
597 801 633 835 A
638 801 682 834 de
698 803 734 834 et
749 801 864 834 uxori
878 801 958 834 eius
977 800 1126 834 tunicas
1144 799 1330 844 pelliceas,
1349 803 1384 833 et
1400 800 1530 833 induit
1544 810 1602 833 eos

275 858 384 903 (Gen.
403 857 452 892 iii.
474 857 613 902 17—21).
664 857 741 893 Ubi
758 858 872 892 verba
889 860 993 902 pane
1016 862 1081 891 tuo
1105 857 1329 902 pretendunt
1351 856 1458 901 panis
1482 856 1600 891 domi-

272 916 398 952 nium:
426 916 540 951 verba
557 916 707 961 insuper
725 915 809 959 Dei,
827 916 984 950 comedes
1004 926 1085 949 eam
1110 921 1146 950 et
1173 914 1331 949 comedes
1352 914 1483 949 herbas
1505 918 1603 949 terre

272 982 308 1011 et
325 977 483 1011 vesceris
497 979 599 1021 pane
619 980 684 1010 tuo
700 976 873 1011 videntur
897 987 1104 1021 supponere
1128 975 1228 1020 quod
1244 975 1368 1009 Adam
1393 975 1499 1017 iuste,
1517 975 1602 1009 licet

274 1045 358 1068 cum
371 1045 467 1078 pena
485 1033 553 1068 sibi
572 1033 756 1078 imposita,
768 1033 837 1068 hec
855 1039 933 1068 erat
951 1040 1111 1067 acturus.
1140 1033 1313 1068 Eandem
1326 1032 1603 1068 restitucionem

222 1096 259 1128 15
274 1091 418 1126 videtur
442 1092 657 1137 pretendere
682 1092 835 1127 verbum
860 1092 907 1126 de
925 1091 1020 1126 Abel
1047 1091 1143 1126 iusto
1170 1091 1320 1134 dictum,
1339 1091 1438 1126 Abel
1459 1102 1603 1135 quoque

273 1150 412 1195 optulit
427 1151 470 1185 de
478 1151 747 1196 primogenitis
757 1152 890 1196 gregis
905 1151 968 1184 sui
986 1149 1093 1194 (Gen.
1114 1149 1159 1184 iv.
1178 1149 1230 1193 4).
1280 1150 1464 1193 Ceterum,
1483 1155 1600 1184 trans·
1617 1161 1646 1192 3.

273 1214 357 1242 acto
376 1208 512 1243 diluvio
531 1215 566 1243 et
583 1208 860 1244 remanentibus
879 1209 925 1244 de
944 1214 1022 1243 toto
1040 1208 1204 1243 humano
1222 1219 1358 1252 genere
1376 1214 1459 1242 octo
1485 1207 1602 1251 iustis,

275 1265 466 1300 dumtaxat
489 1278 611 1301 rerum
634 1267 839 1301 dominium
857 1266 911 1301 eis
929 1266 1046 1301 fuerat
1064 1267 1290 1309 recollatum,
1308 1271 1383 1308 aut,
1401 1265 1479 1300 eius
1497 1265 1602 1300 resti-

273 1323 422 1359 tucione
441 1325 643 1369 supposita,
663 1325 778 1369 ipsius
796 1324 982 1369 originalis
1000 1323 1152 1358 dominii
1177 1323 1398 1358 exercicium
1415 1323 1468 1358 eis
1485 1324 1602 1358 fuerat

56 1393 147 1424 Noe:
275 1393 298 1416 a
322 1382 485 1417 Domino
508 1383 738 1427 imperatum,
756 1384 827 1418 hoc
853 1382 964 1417 modo
991 1382 1156 1417 Domino
1181 1382 1355 1427 loquente
1380 1382 1428 1416 ad
1455 1383 1540 1416 Noe
1567 1387 1603 1416 et

57 1436 230 1468 COdd·⁷²05-
276 1451 374 1481 suos,
401 1440 558 1475 Crescite
586 1445 622 1474 et
647 1442 969 1486 multiplicamini,
996 1444 1032 1474 et
1060 1441 1194 1485 replete
1223 1444 1364 1474 terram
1379 1453 1392 1474 .·
1421 1443 1456 1474 et
1481 1444 1606 1474 terror

275 1502 399 1531 vester
412 1509 455 1532 ac
470 1502 611 1532 tremor
624 1500 676 1532 sit
690 1501 804 1543 super
817 1503 948 1533 cuncta
960 1499 1176 1533 animantia
1188 1501 1286 1531 terre
1302 1502 1338 1531 et
1352 1501 1467 1542 super
1481 1509 1604 1532 omnes

274 1556 443 1591 volucres
471 1557 549 1601 celi,
577 1568 660 1591 cum
690 1557 880 1591 universis
908 1568 978 1600 que
1004 1560 1205 1590 moventur
1231 1557 1272 1590 in
1302 1560 1414 1590 terra.
1468 1556 1602 1590 Omnes

56 1617 134 1648 Post
147 1627 229 1648 mov.
241 1624 261 1647 Β
266 1614 388 1658 pisces
405 1616 524 1648 maris
541 1615 677 1648 manui
692 1618 812 1649 vestre
832 1615 970 1649 traditi
984 1618 1099 1655 sunt;
1123 1617 1158 1648 et
1180 1625 1285 1648 omne
1308 1614 1410 1658 qnod
1431 1617 1603 1648 movetur

56 1660 203 1734 Zei'fg'm
273 1677 310 1707 et
325 1674 429 1707 vivit
444 1674 518 1707 erit
533 1673 637 1707 vobis
654 1674 694 1707 in
713 1674 832 1707 cibum
848 1686 861 1707 .·
885 1674 997 1717 quasi
1012 1673 1112 1707 olera
1141 1673 1309 1707 virencia
1331 1673 1478 1706 tradidi
1498 1673 1602 1707 vobis

151 1728 158 1735 “
274 1731 401 1765 omnia
420 1730 528 1775 (Gen.
547 1731 591 1765 ix.
613 1730 706 1776 1—3).
757 1730 833 1765 Ubi
857 1735 980 1765 terror
995 1742 1038 1764 ac
1062 1734 1202 1764 tremor
1224 1732 1337 1775 snper
1360 1734 1491 1765 cuncta
1516 1732 1600 1765 ani-

274 1789 433 1831 mancia,
459 1795 495 1823 et
520 1789 619 1834 quod
644 1790 781 1823 manui
804 1800 932 1823 eorum
960 1788 1125 1833 (scilicet,
1144 1787 1333 1833 potestati>
1358 1794 1491 1823 cuncta
1517 1795 1602 1823 sunt

274 1845 410 1880 tradita
423 1848 535 1891 quasi
549 1847 661 1890 olera,
674 1846 762 1881 satis
777 1847 977 1881 ostendunt
995 1858 1058 1881 eos
1076 1846 1242 1880 naturale
1260 1857 1380 1881 rerum
1398 1846 1602 1881 dominium

274 1903 449 1939 habuisse
463 1911 525 1939 aut
538 1903 590 1939 eis
604 1904 746 1939 noviter
759 1904 971 1939 restitutum
986 1910 1048 1938 aut
1061 1903 1163 1949 prius
1178 1903 1346 1938 habitum
1362 1904 1601 1940 declaratum.

221 1974 262 2005 30
278 1961 383 2005 Item,
401 1973 446 1996 ex
471 1973 542 2006 quo
559 1962 693 2005 Adam,
713 1961 912 1996 commisso
937 1968 1100 2006 peccato,
1118 1961 1185 1996 fuit
1211 1968 1381 1996 creatura
1405 1961 1602 1996 racionalis
1616 1969 1646 2000 4-

275 2019 451 2063 mortalis,
464 2025 500 2054 et
513 2020 639 2064 gracia
650 2020 794 2064 perdita
811 2031 877 2064 per
895 2027 1091 2064 peccatum
1104 2020 1221 2054 fuerat
1234 2020 1267 2053 ei
1279 2031 1344 2064 per
1355 2019 1603 2064 penitenciam

274 2077 453 2120 restituta,
466 2088 549 2112 cum
568 2077 680 2112 nichil
698 2077 854 2122 amplius
866 2077 1036 2112 videatur
1049 2077 1300 2112 necessarium
1317 2077 1366 2111 ad
1382 2078 1504 2112 locum
1518 2077 1603 2111 huic

274 2133 440 2169 dominio
465 2135 749 2180 preparandum,
768 2135 870 2181 sequi
893 2135 1006 2169 michi
1025 2135 1169 2170 videtur
1190 2136 1288 2180 quod
1305 2135 1429 2169 Adam
1451 2135 1519 2169 fuit
1538 2135 1602 2170 ali-

275 2193 426 2237 quando
444 2193 493 2227 ad
511 2192 609 2228 istud
626 2193 832 2228 dominium
850 2193 1050 2229 restitutus.

221 2316 260 2350 35
324 2307 554 2341 IOHANNES.
582 2306 717 2350 Firma,
738 2306 767 2342 si
785 2307 897 2351 vales,
917 2307 1016 2352 quod
1033 2307 1158 2352 gracia
1172 2308 1255 2343 Ade
1272 2308 1391 2343 fuerat
1410 2308 1590 2343 restituta.
1617 2313 1715 2344 XVI.

321 2365 550 2399 RICARDUS.
579 2365 687 2409 Quod
705 2364 829 2399 Adam
851 2365 969 2400 fue-rat
991 2366 1180 2400 restitutus
1205 2367 1253 2400 ad
1276 2366 1440 2410 graciam
1464 2377 1508 2400 ex
1532 2367 1604 2400 hoc
1617 2374 1672 2399 and
1686 2382 1769 2405 grace
1782 2373 1821 2406 by

274 2421 388 2456 michi
406 2421 560 2465 videtur,
579 2422 754 2467 quoniam
772 2434 845 2457 non
863 2422 1007 2457 videtur
1025 2434 1229 2458 consonum
1254 2423 1391 2458 racioni
1410 2423 1509 2468 quod
1527 2430 1605 2458 tota
1616 2413 1792 2472 {fpentanoe'

275 2486 451 2523 creatura,
477 2479 576 2514 facta
601 2486 750 2524 propter
774 2480 964 2514 hominem
991 2482 1074 2515 Deo
1098 2481 1316 2516 serviturum
1342 2488 1377 2516 et
1403 2493 1469 2526 per
1498 2493 1604 2516 suum

276 2537 494 2581 obsequium
526 2544 690 2572 eternam
723 2537 993 2572 beatitudinem
1026 2538 1250 2582 habiturum,
1285 2539 1407 2584 aliquo
1436 2545 1604 2584 tempore

221 2606 264 2638 40
275 2594 382 2629 fuerit
409 2594 462 2629 sic
488 2606 554 2629 sua
579 2595 757 2639 dignitate
782 2595 927 2639 privata
952 2596 1052 2640 quod
1079 2596 1297 2641 obsequium
1323 2597 1489 2631 naturale
1515 2597 1605 2631 solis

276 2652 475 2696 prestiterit
501 2652 695 2697 perituris:
724 2654 821 2687 unde
846 2653 1069 2698 presumitur
1094 2654 1215 2688 Adam
1244 2666 1327 2689 esse
1354 2655 1548 2697 salvatum,
1568 2661 1603 2689 et

275 2721 341 2754 per
358 2709 491 2754 ipsum,
511 2710 541 2744 si
559 2721 632 2744 non
650 2710 751 2754 alias,
771 2722 876 2745 suam
896 2723 1046 2745 uxorem
1065 2724 1073 2753 3
1101 2723 1144 2746 ex
1162 2723 1235 2756 quo
1253 2712 1341 2747 vixit
1365 2718 1448 2756 post
1470 2724 1603 2757 pecca-

276 2774 354 2801 tum
373 2779 456 2802 cum
475 2779 519 2803 ea
536 2768 644 2803 annis
663 2768 849 2813 nongintis
868 2775 903 2803 et
920 2769 1087 2814 amplius.
1141 2770 1246 2813 Item⁷
1265 2769 1504 2814 providencia
1532 2770 1604 2804 Dei
1621 2783 1650 2805 2.
