2095 3278
1 185 3 223 l
53 184 147 215 CAP.
167 170 243 229 1v.]
606 181 669 213 DE
702 181 944 214 PAUPERIE
976 181 1288 213 SALVAToRis.
1784 173 1867 228 385

153 296 251 336 26D]
269 295 469 330 sessionem
492 294 578 330 facit
599 306 681 330 esse
704 295 888 340 propriam
913 295 1117 340 possidenti
1137 302 1193 330 est
1212 295 1267 330 ius
1286 295 1433 340 aliquod
1451 303 1486 331 et
1504 307 1588 331 vere

265 362 288 384 a
312 349 547 395 possessione
578 350 802 393 distinctum,
833 361 901 385 nec
928 356 1075 395 propter
1100 351 1171 384 hoc
1196 351 1293 385 valet
1319 351 1506 396 possessio
1533 352 1588 386 ius

264 419 347 443 esse
365 408 595 452 aliquatenus
615 407 799 441 affirmari.

315 467 404 500 IOH.
431 464 514 499 Nisi
537 465 722 510 possessio
746 465 893 510 propria
919 465 975 499 ius
1002 465 1060 508 sit,
1081 476 1155 499 non
1181 465 1293 500 michi
1319 465 1464 500 videtur
1489 467 1589 511 quod

233 531 250 561 5
265 523 461 567 possidens
487 534 564 557 rem
589 523 749 567 aliquam
772 522 961 567 propriare
986 522 1113 567 possit,
1133 524 1302 567 quamvis
1319 524 1431 558 alium
1451 536 1473 559 a
1491 536 1588 558 com-

264 580 423 614 muniter
447 580 670 625 possidendo
695 591 772 615 rem
796 580 843 614 ab
866 591 910 614 eo
936 591 1147 624 possessam
1172 580 1319 615 racione
1343 581 1589 626 possessionis

264 637 357 673 iuste
380 638 555 682 repellere
571 649 578 672 ε
606 638 724 671 nullus
742 637 841 672 enim
858 649 880 671 a
897 637 948 671 rei
966 637 1202 682 possessione
1219 638 1322 673 cuius
1343 645 1398 674 est
1417 639 1589 674 dominus

264 702 386 741 potest
406 695 458 740 (ut
476 694 632 740 videtur)
653 695 747 730 iuste
766 696 850 730 reici
868 695 937 730 nisi
957 695 1043 731 iure.

313 755 398 788 RIC.
428 755 470 787 In
496 760 593 788 statu
617 753 798 798 presentis
823 753 970 788 miserie
996 753 1076 789 sine
1105 753 1181 789 iure
1211 754 1334 799 aliquo
1361 755 1588 800 possidentis
1601 758 1652 797 b,ut
1665 763 1743 785 nota
1770 791 1776 797 ,

47 814 129 845 dom.
149 822 197 846 M:
265 817 386 856 potest
408 810 603 855 possidens
629 810 833 845 dominium
855 810 906 845 rei
930 810 1025 845 illius
1047 811 1139 846 iuste
1165 813 1371 846 secundum
1396 813 1495 857 leges
1520 814 1586 847 hu·
1600 792 1745 858 Ξῐῇξξῖοξξ
1757 792 1849 851 iffirlffue

45 857 124 888 dnm
143 865 172 888 Β·
265 879 395 903 manas
419 868 456 902 in
479 869 604 903 multis
630 868 776 903 casibus
795 880 817 902 a
834 867 1070 913 possessione
1091 870 1276 914 repellere,
1296 871 1413 905 donec
1431 882 1489 905 res
1506 882 1588 906 esse
1599 859 1721 925 efgssssme
1736 859 1867 885 exn-inste

264 937 331 960 sua
360 926 496 960 iudicio
526 926 768 961 decernatur:
797 925 835 960 in
862 926 995 971 quibus
1025 927 1172 962 casibus
1196 939 1271 961 non
1297 928 1495 972 possessio,
1517 940 1589 974 que

263 995 337 1018 non
356 990 411 1018 est
430 984 486 1018 ius
504 984 663 1029 aliquod,
682 990 737 1019 set
759 984 816 1018 lex
839 984 998 1028 positiva
1021 984 1213 1019 dominum
1240 986 1450 1030 spoliatum,
1469 987 1589 1021 donec

261 1041 368 1076 fuerit
386 1053 452 1086 per
476 1041 705 1076 sentenciam
730 1042 930 1085 restitutus,
949 1042 1135 1077 volentem
1161 1054 1238 1077 rem
1265 1054 1371 1077 suam
1396 1044 1589 1088 possidere

211 1107 247 1138 15
262 1096 416 1140 repellit.
454 1098 498 1130 In
516 1103 613 1131 statu
632 1108 718 1131 vero
738 1097 962 1139 innocencie,
981 1097 1051 1131 nisi
1068 1098 1196 1132 fuisset
1213 1099 1271 1132 lex
1289 1098 1412 1143 aliqua
1429 1099 1588 1143 positiva

262 1165 326 1188 seu
353 1154 528 1188 naturalis
557 1165 628 1199 que
657 1154 861 1188 dominium
888 1154 1065 1198 originale
1095 1156 1220 1200 quoad
1249 1156 1523 1200 possessionem
1553 1163 1589 1191 et

261 1223 369 1246 usum
387 1223 508 1246 rerum
526 1218 694 1255 artasset,
708 1224 781 1246 non
795 1219 937 1256 poterat
951 1213 1146 1257 quisquam
1161 1225 1182 1247 a
1196 1213 1424 1258 possidendo
1438 1214 1562 1259 repelli
1578 1226 1586 1257 3

261 1276 297 1303 et
315 1269 344 1304 si
362 1269 445 1304 talis
463 1270 520 1304 lex
542 1269 665 1314 aliqua
685 1281 730 1304 eo
753 1276 851 1304 statu
873 1277 935 1304 aut
954 1270 992 1304 in
1016 1276 1111 1305 statu
1136 1272 1316 1315 presentis
1339 1271 1486 1306 miserie
1503 1283 1589 1316 pos-

262 1327 465 1362 sessionem
483 1339 601 1363 rerum
620 1334 683 1362 aut
704 1339 810 1362 usum
829 1340 954 1363 earum
971 1328 1092 1363 taliter
1116 1329 1372 1373 restrinxisset,
1391 1330 1587 1374 possidens

207 1400 248 1421 20
260 1396 334 1419 non
363 1385 488 1429 vigore
514 1385 774 1429 possessionis,
801 1396 871 1430 que
902 1386 1043 1420 nullum
1072 1386 1218 1430 penitus
1248 1386 1303 1421 ius
1337 1394 1405 1430 est,
1433 1394 1488 1423 set
1522 1400 1589 1433 per

260 1442 360 1476 aliud
397 1443 453 1478 ius
490 1442 639 1488 aliquod
672 1443 709 1477 in
742 1455 957 1488 possessore
992 1443 1219 1488 possessioni
1258 1445 1425 1489 previum
1465 1452 1501 1481 et
1538 1446 1589 1480 ad

260 1506 406 1545 tempus
437 1500 516 1536 eius
544 1500 887 1546 appropriacionem
920 1501 1124 1536 iustificans
1159 1502 1351 1536 dominum
1385 1514 1407 1537 a
1440 1515 1588 1548 posses-

164 1566 247 1599 27A
261 1557 363 1592 sione
391 1559 606 1603 repelleret:
641 1558 658 1578 ‘¹‘
691 1565 727 1593 et
761 1565 818 1593 est
849 1571 976 1593 verum
1010 1559 1109 1604 quod
1143 1571 1254 1604 supra
1287 1561 1522 1596 concluseras
1550 1561 1588 1596 in

259 1614 416 1659 obiectu,
444 1617 542 1661 quod
569 1617 691 1651 nullus
720 1616 892 1652 dominus
923 1622 1044 1661 potest
1071 1627 1094 1650 a
1120 1617 1346 1661 possidendo
1374 1629 1453 1653 rem
1480 1630 1586 1654 suam

206 1685 245 1716 25
259 1671 345 1706 reici
363 1672 433 1707 nisi
452 1672 540 1708 iure.

310 1731 398 1764 IOH.
426 1731 541 1775 Igitur
558 1731 744 1777 possessio
761 1743 951 1777 nunquam
970 1737 1026 1766 est
1045 1731 1141 1766 iusta
1158 1732 1307 1777 proprio
1326 1744 1392 1768 suo
1411 1733 1497 1769 iure.

305 1788 390 1822 RIC.
417 1789 606 1825 Veraciter
636 1790 723 1824 illud
754 1790 878 1833 infers,
907 1801 992 1824 cum
1019 1790 1208 1834 possessio
1237 1803 1260 1825 a
1289 1802 1329 1826 se
1358 1792 1497 1826 nullum
1528 1792 1584 1827 ius

257 1845 404 1888 habeat,
423 1847 573 1890 scilicet,
592 1846 661 1882 sibi
680 1847 941 1890 intrinsecum3
969 1854 1023 1882 set
1051 1859 1207 1892 semper,
1227 1860 1311 1883 cum
1335 1855 1392 1884 est
1418 1849 1515 1885 iusta
1539 1861 1585 1885 ac

257 1903 417 1947 propria,
437 1904 513 1940 iure
530 1905 602 1939 alio
620 1916 691 1950 quo
710 1905 805 1940 iusta
821 1916 865 1940 ac
883 1904 1033 1950 propria
1051 1905 1207 1940 efficitur
1223 1906 1444 1951 prevenitur.

202 2035 245 2066 30
307 2019 532 2054 IOHANNES.
563 2018 678 2063 Igitur
695 2018 814 2053 omnis
833 2019 1020 2064 possessio
1038 2030 1060 2054 a
1079 2031 1118 2054 se
1137 2019 1218 2064 ipsa
1236 2027 1292 2056 est
1311 2021 1437 2066 impia.
1595 2024 1655 2056 IV.

305 2079 531 2112 RICARDUS.
559 2078 723 2112 Econtra
748 2078 983 2122 consequitur
1008 2078 1117 2123 quod,
1146 2079 1238 2114 sicut
1265 2080 1367 2114 nulla
1393 2080 1582 2125 possessio
1596 2071 1643 2130 ἓξ
1655 2071 1855 2137 {2332ssssssssng

255 2148 278 2170 a
296 2147 335 2170 se
354 2135 433 2180 ipsa
449 2141 504 2170 est
523 2135 628 2178 iusta,
641 2134 693 2169 sic
711 2135 810 2169 nulla
827 2135 1014 2180 possessio
1033 2147 1054 2170 a
1073 2148 1112 2171 se
1131 2136 1213 2180 ipsa
1231 2143 1286 2171 est
1305 2138 1440 2182 impia3
1468 2138 1581 2172 immo
1595 2138 1683 2176 Ofthe
1697 2140 1773 2165 word
1787 2139 1809 2165 is

255 2205 322 2238 pro
333 2193 496 2228 secunda
508 2193 744 2228 conclusione
752 2193 860 2227 huius
872 2193 1026 2227 materie
1039 2194 1084 2228 de
1091 2195 1324 2238 possessione
1335 2196 1432 2230 hanc
1444 2196 1582 2241 accipe,
1594 2172 1751 2204 nghteous.

256 2252 355 2296 quod
380 2251 418 2285 in
442 2251 617 2296 primario
642 2262 686 2285 ac
712 2262 802 2295 puro
829 2262 941 2286 sensu
968 2251 1167 2285 terminum
1193 2252 1290 2287 hunc
1310 2255 1494 2297 possessio
1519 2266 1581 2288 ca-

202 2322 241 2353 35
256 2309 402 2354 piendo,
422 2309 542 2343 omnis
560 2309 744 2353 possessio
762 2314 817 2343 est
836 2309 932 2343 iusta
949 2315 985 2343 et
1002 2310 1101 2343 nulla
1119 2309 1256 2354 iniqua.
1308 2311 1463 2345 Constat
1481 2311 1582 2346 enim

255 2367 354 2411 quod
373 2368 525 2402 verbum
534 2368 726 2412 possidere
742 2379 764 2401 a
782 2378 854 2412 quo
873 2366 1065 2401 descendit
1083 2368 1267 2411 possessio
1284 2380 1306 2402 a
1324 2369 1581 2413 preposicione

249 2427 337 2469 post
351 2431 386 2459 et
403 2425 515 2459 verbo
532 2425 652 2458 sedere
671 2424 861 2459 descendit
878 2435 885 2467 3
910 2424 1032 2457 sedere
1047 2436 1144 2467 vero,
1164 2436 1237 2459 non
1256 2426 1419 2469 dubium,
1439 2426 1579 2471 quieta-

255 2482 401 2516 cionem
426 2488 554 2517 nature
583 2482 765 2527 importat,
793 2482 843 2516 ita
869 2482 968 2526 quod
989 2483 1180 2526 possidere
1205 2483 1475 2527 quietacionem
1502 2484 1579 2518 adi-

255 2540 429 2584 piscentis
449 2552 525 2574 rem
542 2546 625 2584 post
640 2540 717 2575 eius
735 2539 979 2584 adepcionem
997 2539 1184 2584 importat,
1198 2540 1315 2585 qualis
1335 2541 1437 2585 quies
1456 2542 1579 2586 quoad

200 2611 243 2642 40
255 2609 332 2632 rem
350 2609 416 2642 per
433 2609 656 2642 quemquam
673 2598 848 2642 adeptam
867 2597 944 2632 sine
963 2597 1057 2631 iusto
1076 2597 1179 2632 titulo
1196 2599 1402 2642 occupandi
1426 2599 1462 2632 in
1481 2600 1579 2633 nullo

255 2655 350 2690 iusto
364 2662 427 2690 aut
442 2655 553 2700 impio
567 2662 686 2700 potest
700 2666 792 2697 esse,
806 2662 867 2689 aut
883 2656 1012 2689 saltem
1031 2655 1066 2689 in
1080 2656 1180 2689 nullo
1195 2667 1322 2690 secure
1340 2668 1576 2700 permanere:

255 2720 380 2747 tamen
407 2714 611 2748 secundum
632 2712 906 2758 philosophiam
923 2714 1099 2747 moralem
1120 2714 1207 2747 mali
1233 2720 1317 2748 sunt
1338 2714 1436 2757 pleni
1462 2715 1576 2759 pleni-

255 2771 391 2815 tudine,
416 2778 452 2807 et
480 2782 584 2807 sacra
610 2771 745 2816 promit
774 2770 963 2815 Scriptura
989 2771 1086 2816 quod
1116 2782 1179 2805 cor
1200 2772 1314 2816 impii
1337 2772 1448 2816 quasi
1474 2784 1578 2806 mare

853 2841 915 2867 CC
