2095 3278
205 185 288 223 442

204 290 255 315 but
270 290 317 314 the
330 287 425 314 sinner
439 286 462 312 is

204 330 246 349 set
260 332 327 349 over
340 321 467 354 nothing.

204 416 227 439 4.
248 407 275 432 It
289 414 360 431 were
373 410 422 430 not

204 439 392 466 conformable
407 444 436 464 to

205 474 292 500 God's
304 473 445 505 prudence

204 508 259 533 and
271 506 373 539 justice
388 511 416 531 to

203 541 268 573 give
282 541 329 565 the
342 540 397 565 like

205 573 350 606 authority
364 579 392 599 to
406 572 453 598 the

204 609 291 640 godly
304 608 360 633 and
375 613 403 633 to
416 606 463 632 the

203 642 335 668 sroward.

427 873 474 907 V.

208 935 343 968 Heirship
356 935 464 961 confers

206 976 255 996 not
269 969 394 1002 Iordship
408 970 457 994 but

206 1005 273 1035 only
282 1012 299 1028 a
311 1003 371 1029 title
385 1009 413 1028 to
427 1002 474 1028 the

205 1037 353 1070 obtaining
366 1037 397 1063 of
408 1036 439 1063 it.

854 179 1056 212 RICARDI
1090 179 1395 211 ARMACHANI
1863 168 1962 228 [Lm.
1985 184 2042 213 1v.

492 283 696 318 mortaliter
720 284 847 318 domui
874 290 992 328 potest
1018 295 1177 329 preesse,
1202 284 1289 328 quin
1311 284 1431 319 verius
1456 283 1608 318 subesse
1631 295 1695 328 per
1718 282 1819 328 cupi·
1840 288 1938 331 [39D

492 342 646 376 ditatem
665 342 791 376 domui
810 349 865 376 est
886 343 1092 376 censendus
1117 350 1151 377 et
1177 343 1258 377 aliis
1284 343 1393 377 rebus
1417 343 1464 376 ab
1487 354 1531 376 eo
1557 342 1725 384 detentis,
1744 353 1818 376 non

491 406 547 435 est
567 412 649 435 vere
669 400 841 435 dominus
860 401 1114 445 appellandus,
1135 408 1188 435 set
1208 412 1347 435 servus.
1401 401 1506 444 Item,
1528 400 1580 445 (ut
1598 400 1634 434 in
1656 401 1818 435 secundo
1838 410 1947 440 supra,

491 458 600 493 huius
625 458 888 503 expressimus)
916 471 991 493 non
1018 460 1189 494 convenit
1221 458 1344 493 divine
1375 459 1575 503 prudencie
1606 470 1724 503 neque
1755 470 1819 493 sue
1838 453 1869 483 Ρ·
1889 451 1962 483 355·

491 517 632 553 iusticie
659 525 697 552 ut
723 518 911 563 permittat
942 518 1043 562 pium
1069 525 1104 552 et
1132 517 1295 563 impium,
1322 518 1535 552 aman*tem
1564 524 1600 552 et
1630 524 1818 562 contemp·
1837 523 1923 553 40A

490 583 651 615 nentem,
671 588 798 620 parem
816 577 1073 611 auctoritatem
1097 577 1232 611 habere
1255 588 1364 621 super
1382 577 1491 611 rebus
1515 576 1589 610 suis
1613 576 1722 621 pleno
1744 575 1819 610 iure

491 634 559 669 sibi
588 634 774 678 subiectis,
803 646 887 669 cum
920 635 1038 679 possit
1074 635 1109 669 in
1144 642 1332 669 momento
1367 646 1584 679 quocunque
1618 645 1820 678 congruum

489 694 667 729 adhibere
684 694 909 738 remedium;
938 694 1113 739 quoniam
1139 695 1250 728 homo
1276 693 1437 739 sapiens,
1456 705 1540 728 cum
1564 700 1689 738 posset
1713 692 1820 727 adhi-

491 753 578 787 bere
597 753 812 795 remedium,
832 752 921 787 illud
938 754 1144 787 nullatenus
1165 753 1374 787 sustineret.

544 865 773 900 IOHANNES.
814 865 918 899 Istud
948 864 1061 899 michi
1092 864 1238 899 videtur
1267 863 1445 907 mirabile,
1477 863 1654 909 quoniam
1683 863 1819 909 primo·
1842 874 1881 895 10

492 923 637 967 genitus
671 922 833 957 hominis
869 922 979 968 (esto)
1015 924 1127 957 modo
1163 923 1338 966 defuncti,
1373 929 1571 967 antequam
1605 922 1819 967 baptizetur,
1837 931 1900 957 esto
1915 937 1980 958 om.
2001 935 2040 960 M.

493 988 549 1017 est
574 982 682 1016 heres
709 981 825 1026 ipsius
857 981 1046 1023 defuncti;
1080 988 1116 1016 et
1141 993 1206 1026 per
1232 991 1463 1026 consequens
1490 981 1602 1015 habet
1628 980 1728 1015 idem
1755 981 1821 1014 do-

493 1039 649 1073 minium
680 1040 779 1084 quod
810 1046 915 1084 pater
944 1051 1032 1073 suus
1064 1040 1191 1073 habuit
1226 1046 1311 1074 ante
1345 1046 1513 1080 mortem,
1541 1039 1664 1073 adhuc
1697 1038 1822 1083 gracia

494 1097 706 1132 denudatus
723 1109 729 1132 :
763 1098 861 1132 unde
883 1109 957 1132 non
976 1097 1121 1132 videtur
1138 1097 1264 1141 gracia
1287 1096 1496 1131 necessaria
1515 1097 1562 1131 ad
1581 1096 1687 1131 civile
1705 1096 1820 1131 domi—

494 1156 608 1198 nium,
623 1157 708 1201 quia
722 1167 788 1200 per
801 1167 1033 1200 consequens
1052 1163 1149 1190 esset
1165 1155 1375 1190 necessario
1390 1155 1440 1189 iLi
1459 1155 1697 1189 coniunctum
1711 1155 1820 1199 origi—
1842 1166 1879 1198 15

494 1216 577 1250 nale
597 1215 815 1258 dominium,
834 1215 934 1260 quod
955 1214 1069 1257 (iuxta
1088 1214 1187 1258 prius
1206 1213 1370 1257 ostensa)
1390 1213 1552 1258 graciam
1571 1213 1820 1258 presupponit.
1838 1223 1946 1253 supra,
1965 1223 2021 1254 pp.

544 1275 770 1307 RICARDUS.
809 1274 868 1307 De
899 1272 1165 1307 coniunccione
1199 1272 1386 1316 originalis
1418 1271 1572 1306 dominii
1607 1283 1691 1306 cum
1724 1271 1820 1306 civili
1842 1266 1904 1296 344
1920 1259 1979 1287 δίο·

494 1343 579 1366 vere
606 1331 808 1365 concludis.
860 1330 1026 1365 Primum
1053 1337 1178 1365 tamen
1207 1330 1375 1375 (scilicet,
1403 1330 1621 1373 dominium)
1648 1342 1692 1364 ex
1717 1330 1821 1364 here·

495 1390 611 1424 ditate
629 1389 750 1423 minus
775 1389 929 1434 provide
954 1389 1107 1423 intulisti
1123 1401 1130 1432 ;
1159 1389 1346 1434 quoniam,
1365 1389 1433 1423 etsi
1453 1389 1585 1423 sufficit
1604 1388 1703 1422 iuxta
1721 1388 1820 1432 leges

492 1449 677 1482 humanas
712 1447 786 1482 filio
826 1447 905 1482 sine
944 1447 1069 1491 gracia
1104 1448 1204 1492 quod
1243 1448 1288 1482 sit
1327 1447 1595 1492 primogenitus
1634 1446 1819 1490 legitimus
1840 1459 1881 1480 20

492 1507 609 1552 patris
639 1506 706 1548 sui,
735 1517 818 1540 cum
849 1505 1131 1540 condicionibus
1162 1505 1199 1539 in
1229 1507 1309 1550 lege
1339 1505 1504 1547 adiectis,
1530 1505 1578 1538 ad
1607 1505 1677 1540 hoc
1706 1510 1745 1539 ut
1776 1503 1823 1539 sit

493 1566 600 1599 heres
631 1564 759 1608 ipsius,
785 1575 859 1598 non
886 1570 1012 1598 tamen
1039 1564 1087 1598 ad
1113 1564 1185 1598 hoc
1210 1564 1309 1609 quod
1340 1563 1387 1598 sit
1411 1563 1627 1597 hereditatis
1653 1563 1731 1597 eius
1757 1563 1820 1597 do-

493 1624 614 1658 minus
636 1624 690 1667 (ut
716 1624 790 1658 iam
817 1622 918 1666 dixi),
938 1623 1111 1668 quoniam
1138 1623 1217 1658 sine
1243 1624 1314 1658 hoc
1340 1623 1440 1668 quod
1467 1622 1512 1657 sit
1538 1623 1621 1657 Deo
1647 1629 1821 1667 acceptus
1841 1637 1951 1668 supra,

494 1684 674 1718 bonorum
706 1681 778 1716 Dei
812 1693 1047 1726 nequaquam
1082 1682 1253 1716 dominus
1288 1688 1409 1726 potest
1440 1681 1618 1716 veraciter
1646 1681 1820 1726 appellari
1841 1682 1871 1712 P·
1892 1679 1965 1711 34¹·

494 1749 558 1776 aut
591 1753 684 1776 esse.
747 1741 841 1775 Illud
875 1752 961 1775 vero
995 1741 1094 1785 quod
1129 1741 1176 1775 de
1211 1740 1441 1775 Ecclesiaste
1474 1741 1692 1784 adduxeras,
1724 1740 1821 1785 quod
1842 1753 1879 1784 25

494 1801 596 1834 alius
621 1804 735 1834 natus
760 1801 800 1833 in
827 1810 952 1845 regno,
978 1805 1059 1842 eto,
1086 1810 1158 1833 non
1185 1805 1327 1843 oportet
1354 1799 1405 1833 ita
1429 1798 1597 1843 accipere
1623 1805 1662 1832 ut
1687 1798 1822 1843 primo-

494 1858 641 1903 genitus
666 1870 749 1892 cum
775 1858 938 1892 nascitur
959 1869 1044 1892 vere
1068 1857 1113 1892 sit
1138 1857 1309 1891 dominus
1335 1857 1551 1891 hereditatis
1574 1863 1735 1901 paterne,
1755 1868 1824 1891 nec

496 1917 595 1962 quod
621 1923 730 1951 natus
758 1916 884 1950 statim
911 1915 957 1950 sit
982 1928 1055 1959 reX,
1081 1922 1135 1950 set
1164 1916 1263 1960 quod
1290 1915 1326 1949 in
1352 1927 1465 1959 regno
1493 1915 1570 1950 sive
1595 1915 1644 1949 ad
1670 1926 1823 1960 regnum

496 1975 551 2010 ius
576 1976 689 2010 habet
713 1986 797 2009 cum
821 1975 1005 2018 nascitur;
1035 1974 1210 2019 quoniam
1234 1975 1424 2018 apostolus
1450 1973 1553 2018 ponit
1570 1974 1682 2007 verba
1705 1973 1824 2018 magis

496 2034 670 2078 urgencia
699 2033 748 2067 ad
777 2033 857 2067 Gal.
885 2032 930 2066 iv.
964 2042 991 2075 1,
1021 2042 1040 2066 2
1072 2031 1142 2066 isto
1170 2033 1305 2066 modo:
1348 2032 1497 2077 Quanto
1529 2034 1690 2076 tempore
1720 2032 1824 2066 heres
1842 2044 1883 2075 30

489 2092 685 2137 parvulus
709 2096 771 2135 est,
791 2091 911 2125 nichil
932 2092 1059 2135 dzffivt
1083 2103 1105 2124 a
1130 2102 1248 2134 servo,
1267 2102 1348 2124 cum
1373 2091 1425 2124 sit
1446 2091 1619 2124 dominus
1644 2091 1823 2134 omnium,

495 2156 549 2185 set
576 2151 642 2185 sub
668 2150 856 2184 sularibus
879 2154 915 2183 et
939 2154 1033 2183 actm
1042 2150 1124 2183 ibus
1148 2153 1202 2183 est
1226 2160 1341 2193 usque
1366 2150 1419 2183 ad
1439 2151 1583 2193 tempus
1600 2148 1823 2193 prefinitum

495 2222 518 2243 a
536 2212 658 2254 padre.
711 2208 787 2244 Ubi
816 2208 1012 2252 parvulum
1040 2208 1234 2241 dominnm
1262 2214 1386 2251 aperte
1412 2207 1585 2251 appellat,
1609 2207 1709 2252 quod
1734 2213 1823 2251 puto

496 2267 632 2313 pariter
662 2268 796 2301 debere
830 2265 996 2310 inteljigi,
1025 2265 1174 2308 scilicet,
1207 2266 1305 2310 quod
1340 2266 1452 2300 habet
1487 2264 1633 2299 titulum
1667 2266 1823 2309 legalem

497 2338 561 2360 seu
589 2337 738 2360 causam
764 2325 811 2359 ad
837 2324 1043 2359 dominium
1069 2324 1333 2368 optinendum3
1366 2324 1539 2368 quoniam
1566 2324 1635 2358 hoc
1661 2323 1751 2358 dicit
1777 2323 1823 2357 de
1842 2331 1880 2364 35

497 2385 649 2429 parvulo
676 2391 780 2428 patre
805 2384 883 2418 eius
907 2382 1063 2425 vivente,
1084 2382 1299 2427 prefiniente
1327 2381 1494 2427 (scilicet)
1520 2388 1664 2427 tempus
1689 2382 1823 2416 tutele:

498 2443 606 2485 unde,
636 2454 720 2477 cum
749 2453 824 2475 non
853 2442 899 2476 sit
930 2453 1014 2475 vere
1045 2441 1227 2483 dominus,
1259 2447 1345 2475 tunc
1376 2447 1520 2475 constat
1551 2440 1649 2485 quod
1678 2452 1752 2474 non
1781 2452 1826 2475 eo

497 2502 609 2535 modo
627 2501 814 2545 apostolus
837 2499 1020 2534 intellexit.
1073 2500 1153 2533 Nec
1180 2499 1311 2532 mirum
1338 2499 1367 2533 si
1395 2510 1499 2533 sacra
1527 2499 1724 2543 Scriptura,
1744 2510 1825 2543 par-

498 2559 591 2593 vulis
616 2571 655 2593 se
682 2559 928 2600 conformans,
954 2557 1157 2591 dominium
1185 2564 1247 2592 aut
1273 2569 1426 2602 regnum
1454 2557 1638 2592 interdum
1664 2558 1823 2602 appellet

497 2617 641 2652 titulum
669 2616 745 2650 sive
770 2627 931 2655 causam,
951 2627 1024 2661 quo
1050 2616 1252 2650 secundum
1277 2617 1376 2658 leges
1401 2615 1578 2660 positivas
1604 2621 1724 2659 potest
1749 2615 1820 2660 pri·
1840 2624 1883 2656 40

498 2674 705 2719 mogenitus
725 2674 929 2708 dominium
949 2674 1138 2718 optinere3
1166 2685 1249 2708 cum
1274 2675 1427 2717 angelos
1450 2674 1568 2708 bonos
1594 2680 1629 2707 et
1653 2674 1770 2708 malos
1788 2679 1823 2708 et

499 2733 668 2768 homines
694 2734 792 2767 Deos
817 2733 1001 2767 interdum
1026 2733 1207 2777 appellet:
1247 2733 1391 2775 Omnes,
1419 2732 1547 2777 inquit,
1573 2732 1632 2766 dii
1649 2733 1822 2776 gencium
1841 2734 1891 2765 Ps.
1909 2744 1975 2765 xcv.
1996 2742 2024 2775 5.

499 2792 680 2836 demonia,
703 2798 737 2826 ct
764 2792 848 2825 Non
875 2795 928 2825 est
952 2791 1030 2826 αἰῑίι
1056 2792 1162 2825 nacz‘o
1188 2794 1264 2825 lam
1285 2791 1448 2835 grandis
1473 2802 1543 2834 que
1567 2790 1719 2824 habebat
1743 2790 1825 2824 deos
