2095 3278
62 167 150 195 CAP.
173 151 251 210 xx]
616 159 680 191 DE
714 158 957 191 PAUPERIE
989 157 1302 191 SALVATORIS.

167 275 264 318 290]
279 276 317 311 in
334 274 495 322 presenti
514 281 597 310 sunt
614 273 773 319 plurimi,
788 273 908 318 magis
926 272 1038 307 michi
1056 273 1200 308 videtur
1213 272 1438 318 ambiguum.
1490 274 1605 317 Perge

277 334 386 378 igitur
411 333 683 376 raciocinando,
711 331 801 377 quid
826 331 864 365 in
890 332 960 366 hoc
986 331 1186 375 poterimus
1213 331 1481 375 congruencius
1507 332 1606 366 affir-

60 401 168 431 Supra‚
185 401 239 432 pp-
277 404 388 435 mare,
409 391 515 426 sicuti
535 390 572 425 in
589 391 811 435 precedente
830 389 942 423 istum
959 389 1052 423 libro
1070 389 1117 423 de
1135 389 1300 423 dominio
1318 395 1415 423 extat
1434 395 1570 424 actum.

60 434 121 474 367
138 444 227 475 seqq·
326 451 415 485 IOH.
440 450 498 483 Ex
513 460 586 494 quo
604 460 648 482 eo
664 459 763 491 casu,
779 447 872 482 sicut
891 447 926 481 in
947 453 1043 481 statu
1062 446 1244 491 presentis
1263 447 1421 490 miserie,
1436 447 1606 482 homines

58 503 92 524 3⁰
108 503 172 524 om·
191 500 232 525 M·
275 519 341 553 per
358 507 527 552 regiones
543 505 651 541 divisi
670 506 825 540 fuissent
843 516 907 549 per
922 504 1088 539 civitates
1103 510 1138 539 et
1153 504 1255 539 vicos
1269 516 1336 549 per
1349 505 1606 549 cognaciones,

275 565 447 607 familias,
465 571 501 600 et
519 564 662 607 domos,
681 570 718 598 et
742 562 854 608 aliqui
881 561 1042 597 solitarie
1060 561 1293 597 victitassent
1309 568 1345 597 et
1368 563 1467 606 leges
1485 562 1604 597 direc-

275 623 385 658 trices
404 623 439 657 in
457 622 623 657 moribus
641 621 869 664 habuissent,
888 626 923 655 et
941 619 1172 664 provisiones
1190 631 1257 664 pro
1275 631 1315 654 se
1333 627 1368 655 et
1385 620 1509 655 liberis
1528 620 1603 655 suis

275 687 311 715 et
329 680 592 722 familiaribus3
619 686 708 714 tunc
724 679 908 721 fecissent,
922 677 1027 712 sicuti
1046 677 1083 712 in
1101 678 1262 722 presenti
1283 677 1397 722 (iuxta
1415 678 1604 722 disputata

57 750 164 781 supra,
177 751 233 782 pp.
275 738 313 773 in
330 738 423 772 libro
441 737 606 783 proximo
624 743 710 771 ante
728 735 853 780 istum)
874 735 1018 770 videtur
1035 736 1134 780 quod
1161 735 1199 769 in
1217 735 1438 770 necessariis
1457 736 1505 770 ad
1523 747 1604 770 sus-

58 790 119 824 372
138 793 205 825 Seq·
273 795 521 831 tentacionem
555 794 760 829 secundum
789 793 943 828 modum
970 793 1202 828 consimilem
1235 793 1493 839 possessiones
1527 793 1604 828 iure

273 853 442 898 proprias
461 852 687 887 habuissent.

57 917 125 950 alio
138 928 203 949 om.
218 925 249 948 B.
322 913 409 946 RIC.
437 911 601 945 Econtra
619 909 775 952 videtur,
795 920 840 944 ex
857 920 930 954 quo
948 915 1036 944 tunc
1058 910 1158 944 nullo
1179 909 1366 953 eguissent
1392 909 1465 943 alio
1491 920 1603 954 quam

273 968 441 1013 originali
459 967 647 1003 communi
667 966 842 1010 dominio,
862 978 936 1001 non
954 966 1100 1002 videtur
1120 967 1220 1012 quod
1244 966 1481 1012 possessione
1507 967 1602 1001 indi-

226 1034 259 1062 D
273 1027 439 1072 guissent
456 1025 528 1060 alia
546 1037 657 1070 quam
676 1025 752 1060 iure
773 1024 973 1068 communi,
994 1024 1012 1043 '¹‘
1029 1024 1177 1070 propria
1200 1031 1326 1059 tamen
1347 1024 1468 1060 facto:
1496 1031 1532 1060 et
1558 1035 1603 1059 eo

222 1099 260 1130 15
273 1085 431 1119 maxime
460 1084 549 1118 illud
578 1082 723 1118 videtur
751 1083 863 1128 quod,
893 1082 1134 1117 existentibus
1165 1082 1336 1117 omnibus
1366 1082 1475 1117 bonis
1505 1094 1603 1117 com-

273 1142 447 1176 munibus
462 1141 585 1186 quoad
603 1140 881 1185 possessionem
900 1140 1006 1174 sicuti
1026 1140 1149 1185 quoad
1164 1140 1371 1174 dominium
1389 1141 1605 1183 eorundem,

272 1199 394 1234 nullus
412 1198 678 1233 racionabilem
697 1209 804 1233 usum
822 1197 973 1232 alterius
991 1209 1155 1243 unquam
1173 1204 1236 1232 aut
1254 1197 1461 1243 aliqualiter
1486 1197 1605 1242 irnpe-

272 1257 400 1300 disset,
426 1256 513 1302 quia
544 1256 597 1291 sic
625 1255 862 1301 impediendo
893 1262 1022 1290 contra
1050 1255 1226 1290 iudicium
1256 1255 1416 1290 racionis
1443 1255 1603 1300 egisset;

273 1315 371 1349 unde
390 1313 628 1359 consequitur
647 1313 700 1358 (ut
718 1312 877 1357 videtur)
898 1313 998 1358 quod
1016 1313 1136 1348 omnis
1155 1324 1278 1347 rerum
1295 1325 1339 1348 ac
1357 1313 1603 1357 possessionis

220 1384 260 1405 20
272 1384 399 1408 earum
412 1371 620 1418 proprietas
635 1359 741 1406 cassa
754 1383 798 1406 ac
812 1382 1039 1416 supervacua
1052 1371 1244 1406 extitisset.
1284 1372 1328 1405 In
1344 1371 1604 1406 innocentibus

271 1441 359 1465 vero
385 1431 524 1465 nullum
552 1430 608 1464 ius
631 1440 778 1464 cassum
804 1429 883 1464 sive
909 1440 1180 1474 supervacuum
1201 1428 1254 1473 (ut
1271 1428 1430 1473 videtur)
1450 1428 1602 1472 fuisset;

271 1488 369 1523 unde
388 1487 627 1533 consequitur
647 1487 746 1532 quod
770 1486 807 1521 in
828 1486 919 1532 ipsis
944 1487 1045 1521 nulla
1071 1486 1261 1532 possessio
1287 1486 1504 1531 simpliciter
1520 1498 1604 1532 pro-

272 1546 363 1591 pria,
382 1546 465 1581 licet
483 1552 568 1580 actu
586 1557 650 1580 seu
668 1545 769 1580 facto
787 1545 948 1590 propria,
968 1544 1159 1580 extitisset.

322 1605 412 1639 IOH.
439 1603 501 1639 Sic
518 1614 615 1638 nunc
634 1614 704 1647 ego
721 1603 876 1637 affirmo.

220 1669 258 1702 25
319 1662 406 1696 RIC.
434 1662 498 1696 Set
524 1672 599 1696 non
626 1672 707 1705 ego,
735 1661 854 1696 donec
879 1660 917 1695 id
943 1660 1197 1695 examinemus
1224 1660 1400 1704 solidius3
1428 1661 1603 1706 quoniam

274 1718 399 1762 (sicuti
426 1718 592 1764 superius
618 1725 674 1754 est
700 1717 908 1762 ostensum)
932 1718 1000 1753 etsi
1027 1718 1151 1753 Adam
1175 1724 1211 1753 et
1237 1720 1320 1753 Eva
1345 1718 1603 1753 innocenciam

271 1776 485 1820 tenuissent,
512 1787 587 1811 non
613 1788 657 1811 ex
681 1787 726 1811 eo
752 1787 948 1821 possemus
976 1776 1134 1810 fidenter
1159 1787 1324 1811 asserere
1351 1776 1450 1821 quod
1476 1787 1603 1811 eorum

271 1834 409 1879 posteri
426 1834 581 1868 fuissent
600 1834 636 1868 in
655 1833 798 1869 iusticia
816 1833 1033 1876 confirmati,
1049 1833 1099 1868 ita
1113 1839 1151 1868 ut
1165 1844 1320 1878 peccare
1338 1845 1413 1868 non
1431 1840 1602 1878 possent:

272 1898 308 1926 et
326 1891 598 1935 nichilominus,
616 1891 646 1926 si
666 1902 796 1926 omnes
811 1891 1020 1926 confirmati
1039 1891 1076 1925 in
1094 1891 1194 1925 bono
1210 1891 1376 1934 fuissent,
1388 1902 1462 1926 non
1481 1891 1603 1926 minus

219 1959 260 1990 30
271 1961 316 1984 ex
333 1949 412 1984 aliis
430 1955 560 1984 nature
578 1949 721 1993 legibus
740 1955 911 1994 poterant
931 1949 1147 1984 innocentes
1163 1948 1218 1993 (ut
1232 1948 1381 1984 videtur
1396 1949 1602 1994 probabile)

273 2019 332 2042 res
351 2007 558 2042 communis
577 2006 729 2041 dominii
751 2006 805 2042 eis
831 2007 928 2042 licite
954 2006 1172 2052 simpliciter
1196 2006 1397 2052 propriare.
1449 2008 1531 2042 Nec
1556 2006 1604 2041 ob

273 2065 345 2099 hoc
373 2064 494 2099 minus
529 2071 585 2099 est
614 2076 742 2099 verum
773 2065 873 2110 quod
907 2065 1056 2110 accipis,
1089 2064 1240 2108 scilicet,
1268 2065 1368 2110 quod
1398 2064 1605 2099 communis

272 2122 462 2167 possessio
494 2122 547 2157 eis
581 2122 766 2165 omnibus,
801 2122 920 2157 eciam
958 2122 1195 2167 imperfectis,
1229 2123 1279 2157 ad
1313 2133 1463 2157 omnem
1496 2134 1605 2157 usum

274 2179 421 2223 iustum,
441 2179 535 2214 sicut
562 2179 746 2225 perfectis,
768 2179 885 2225 potuit
914 2180 1114 2223 suffecisse,
1133 2191 1178 2215 eo
1204 2180 1333 2225 pocius
1359 2180 1413 2223 (ut
1438 2180 1604 2225 dicebas)

55 2240 101 2271 sic
115 2247 135 2270 B
148 2250 155 2270 :
174 2239 261 2288 uqzde
274 2238 374 2283 quod
386 2238 506 2272 nullus
519 2238 654 2272 iustum
666 2249 772 2272 usurn
786 2238 823 2272 in
835 2238 951 2273 altero
963 2237 1086 2282 aliquo
1100 2237 1315 2283 impedisset
1329 2249 1336 2281 ;
1355 2237 1407 2273 sic
1419 2238 1517 2282 quod
1528 2249 1605 2272 non

55 2293 220 2357 {stiffm'
274 2294 411 2340 poteris
428 2306 473 2330 ex
491 2295 614 2339 aliquo
632 2295 733 2340 quod
750 2294 905 2330 adducis
924 2295 961 2329 in
978 2295 1077 2329 facto
1095 2295 1328 2338 concludere,
1342 2294 1492 2337 scilicet,
1506 2295 1606 2339 quod

165 2350 173 2358 ⁶
274 2353 396 2387 nullus
414 2352 652 2388 innocentum
670 2353 945 2398 possessionem
964 2352 1180 2397 simpliciter
1197 2352 1385 2397 propriam
1402 2352 1604 2396 habuisset,

275 2410 360 2444 licet
394 2410 447 2445 ita
479 2410 643 2455 potuisse
675 2410 789 2446 fuisse
823 2417 924 2445 recte
956 2411 1142 2455 probares.
1195 2410 1306 2454 Quod
1335 2421 1423 2445 vero
1456 2409 1605 2445 ulterius

277 2467 441 2510 intulisti,
472 2468 572 2513 quod
602 2468 722 2503 omnis
752 2467 941 2513 possessio
969 2467 1185 2512 simpliciter
1213 2467 1362 2512 propria
1390 2467 1608 2503 innocenter

220 2536 264 2567 40
277 2524 485 2560 viventibus
509 2524 638 2560 fuisset
658 2537 765 2560 cassa
782 2532 894 2571 atque
913 2525 1108 2570 superflua,
1128 2525 1164 2559 in
1189 2525 1323 2570 quibus
1349 2524 1461 2560 nichil
1487 2525 1606 2570 potuit

325 2608 337 2629 1
345 2609 360 2630 2
368 2623 375 2630 .
397 2599 429 2630 It
442 2609 581 2640 appears
594 2599 677 2629 from
688 2599 743 2630 the
753 2598 930 2630 references
940 2598 1057 2636 below,
1067 2598 1149 2629 lines
1162 2607 1179 2637 3
1184 2607 1213 2637 5,
1223 2604 1275 2639 37,
1284 2599 1414 2639 39‚that
1427 2598 1482 2629 the
1492 2609 1604 2630 names

278 2642 316 2672 of
323 2643 377 2673 the
393 2642 545 2683 speakers
558 2641 589 2672 in
602 2642 657 2673 the
667 2642 838 2683 following
850 2642 1005 2682 dialogue
1018 2641 1100 2672 have
1111 2642 1247 2673 become
1262 2642 1428 2679 confused,
1442 2642 1605 2683 probably

279 2685 420 2725 through
443 2685 497 2716 the
522 2685 679 2715 omission
697 2685 735 2715 of
754 2696 773 2715 a
797 2685 915 2725 speech
939 2684 1119 2725 consisting
1141 2685 1220 2725 only
1241 2686 1278 2715 of
1298 2695 1317 2715 a
1341 2684 1432 2715 short
1455 2690 1603 2716 sentence

278 2728 430 2768 assigned
453 2733 487 2759 to
510 2738 571 2758 one
593 2728 630 2758 of
648 2728 750 2759 them.
797 2729 844 2758 At
861 2728 906 2759 all
922 2734 1032 2760 events
1047 2728 1073 2759 it
1088 2738 1190 2759 seems
1207 2728 1294 2760 clear
1309 2728 1380 2760 that
1396 2732 1483 2759 most
1499 2729 1536 2760 of
1548 2728 1604 2760 the

278 2771 450 2812 following
465 2781 603 2812 passage
618 2771 755 2813 belongs
770 2775 828 2803 not
844 2776 878 2803 to
895 2771 972 2802 RIC.
989 2771 1048 2802 but
1064 2775 1100 2803 to
1116 2771 1198 2803 IOH.

1795 159 1878 204 397
