2008 3305
211 230 296 259 CAP.
320 216 365 274 1.]
646 227 791 258 LIBER
820 227 1089 259 SECUNDUS.
1736 230 1750 257 1
1761 226 1814 270 75

100 345 195 387 590]
211 349 268 381 est
284 343 458 392 prioritas
478 343 559 380 sine
580 342 732 381 duobus
745 343 926 391 gradibus
941 342 1134 380 correlatis
1149 341 1294 379 ordinis
1308 353 1316 385 ;
1339 341 1397 378 vel
1418 342 1534 379 tercio

210 413 316 463 quod
340 420 396 451 est
419 413 515 451 ordo
543 413 761 450 huiusmodi
788 412 838 450 ad
864 412 976 459 aliud,
999 413 1066 450 sed
1096 412 1144 450 ad
1174 412 1321 449 nullum
1350 412 1453 449 aliud
1479 419 1536 450 est

210 484 335 521 dictus
355 483 463 530 ordo,
480 490 521 521 ut
540 484 578 520 in
600 483 754 521 assimili
772 483 968 532 finguntur
988 483 1158 532 sophiste
1179 483 1286 532 quod
1306 483 1424 520 homo
1446 495 1536 532 pro-

210 556 322 592 mittit
343 555 496 605 aliquid,
518 555 609 592 dum
631 562 760 592 tamen
780 555 933 604 penitus
958 554 1073 591 nichil
1093 554 1139 591 sit
1159 554 1415 602 promissum:
1448 554 1537 603 quia

179 632 198 664 5
212 624 268 677 (ut
284 626 376 663 alias
392 624 560 676 ostendi)
574 625 669 662 tales
682 624 950 662 cavillaciones
971 624 1177 673 sophistice
1193 636 1272 662 non
1288 625 1423 662 tollunt
1440 624 1535 661 diffi-

209 697 399 743 cultatem,
420 709 492 734 nec
514 696 721 734 fundantur
742 708 789 733 ex
810 695 933 733 stabili
952 695 1218 732 fundamento.

263 767 378 805 Unde
404 767 575 805 secundo
602 767 770 816 arguitur
799 766 848 803 ad
874 766 977 804 idem
1004 767 1043 803 in
1067 766 1201 803 eadem
1231 767 1415 803 materia:
1445 778 1535 803 nam
1549 785 1572 801 2.
1591 775 1654 802 God
1667 784 1719 801 can
1732 775 1796 808 give

208 837 316 875 Deus
339 844 464 887 potest
485 837 574 874 dare
602 837 660 874 vel
688 838 910 886 promittere
940 843 1111 874 creature
1140 843 1220 874 tam
1244 837 1390 876 bonum
1416 849 1533 886 quam
1548 809 1813 868 giegiffiffiviiiffiff

208 908 352 945 malum
373 908 559 957 signabile
579 908 661 945 sine
684 908 757 946 hoc
777 908 884 957 quod
902 908 1030 956 ipsum
1051 907 1292 956 specificetur
1311 907 1361 945 ad
1381 906 1536 956 aliquod
1548 876 1789 968 Ξῖἐῖἒτὲἒὲἰῑὲιῆ

158 989 198 1012 10
210 979 401 1028 singulare
414 992 423 1025 ;
453 979 492 1015 in
512 991 590 1028 quo
617 990 711 1016 casu
735 984 886 1027 oportet
906 977 1011 1027 quod
1043 990 1103 1015 res
1124 990 1199 1027 que
1230 977 1462 1026 promittitur
1491 978 1536 1014 sit
1548 951 1649 1009 ὤϊξε-Ρ

163 1057 195 1085 D
212 1048 230 1069 *
248 1050 485 1096 communis3
507 1061 599 1099 ergo
613 1061 692 1086 non
706 1056 762 1087 est
780 1048 960 1098 neganda
975 1048 1232 1086 communitas
1248 1054 1432 1085 creature.
1462 1047 1535 1085 As-

209 1126 404 1170 sumptum
421 1126 523 1170 patet
544 1120 583 1157 in
598 1119 698 1157 facto
720 1132 767 1157 ex
788 1119 1006 1157 testimonio
1028 1118 1223 1168 multiplici
1241 1117 1534 1167 Scripturarum.

209 1191 313 1228 Nam
332 1190 438 1228 Deus
468 1190 572 1228 dedit
592 1190 746 1228 Abrahe
765 1197 802 1227 et
818 1190 901 1228 aliis
929 1189 1190 1239 promittendo
1212 1189 1251 1226 in
1271 1201 1413 1238 genere
1433 1190 1538 1227 bona

207 1263 352 1311 patrie;
381 1269 423 1299 ut
451 1262 542 1300 dicit
571 1261 784 1311 apostolus,
806 1260 919 1298 Rom.
939 1273 999 1298 xv.
1023 1262 1057 1306 8,
1081 1260 1177 1297 Dico
1198 1259 1320 1297 Iesum
1344 1259 1536 1297 Christum

158 1339 196 1371 Ῑ5
210 1332 556 1383 ministrumsuisse
583 1332 873 1369 circumcisionis
901 1332 954 1368 ad
979 1331 1256 1379 confirmandas
1275 1332 1537 1379 promissiones

200 1409 387 1453 patrum,·
418 1410 454 1441 et
474 1403 523 1440 ad
552 1402 638 1440 Gal.
661 1403 708 1439 iii.
737 1404 794 1448 18,
815 1402 969 1439 Abrahe
991 1406 1110 1438 autem
1131 1409 1200 1450 per
1225 1402 1536 1450 repromissionem

208 1476 361 1512 donavit
385 1474 510 1512 Deus:
542 1473 609 1512 sed
638 1474 677 1510 in
707 1473 813 1511 omni
842 1473 907 1510 tali
928 1472 1146 1510 donacione
1176 1472 1440 1510 dominiorum
1469 1484 1538 1520 per

208 1545 545 1595 repromissionem
565 1550 622 1582 est
643 1543 730 1581 dare
751 1544 877 1593 primo
899 1543 1040 1588 datum,
1062 1543 1168 1592 quod
1195 1555 1274 1580 non
1295 1549 1423 1591 potest
1443 1542 1537 1591 poni

208 1617 281 1654 nisi
322 1627 554 1661 commune;
601 1626 695 1664 ergo
727 1614 936 1652 conclusio.
1012 1612 1116 1650 Nam
1149 1612 1248 1651 Gen.
1284 1626 1344 1650 xv.
1381 1625 1413 1659 1,
1449 1613 1538 1651 dicit

157 1695 198 1717 20
210 1686 316 1724 Deus
336 1685 501 1732 Abrahe,
523 1684 610 1733 Ego
620 1689 803 1734 protector
828 1688 914 1721 tuus
942 1688 976 1720 et
1001 1697 1134 1721 merces
1156 1688 1220 1720 tua
1248 1697 1387 1733 magna
1408 1685 1539 1720 nimis:

208 1764 244 1796 et
261 1757 440 1806 sequitur,
448 1755 600 1805 Suspice
611 1757 723 1792 celum
739 1759 773 1792 et
782 1768 935 1792 numera
951 1756 1082 1801 stellas,
1096 1756 1135 1792 si
1138 1759 1261 1804 potes,·
1274 1756 1328 1792 sic
1339 1756 1413 1791 erit
1423 1767 1538 1791 semen

209 1834 323 1866 tuum.
370 1826 539 1865 Credidit
551 1826 748 1862 Abraham
764 1825 853 1871 Deo,
875 1830 909 1861 et
925 1829 1129 1874 reputatum
1150 1830 1203 1862 est
1220 1826 1325 1862 eiad
1340 1826 1537 1862 iusticiam.

208 1899 259 1936 Et
284 1900 335 1935 ita
354 1897 698 1947 proporcionaliter
725 1902 766 1933 ut
784 1896 982 1933 Abraham
1012 1896 1128 1934 crevit
1155 1897 1195 1933 in
1222 1897 1297 1934 fide
1328 1902 1366 1934 et
1387 1897 1537 1942 merito,

212 1969 265 2007 sic
290 1968 398 2006 Deus
417 1967 634 2017 explanavit
663 1967 732 2004 sibi
761 1967 1027 2017 particularius
1051 1967 1268 2005 dominium
1288 1967 1537 2016 promissum.

156 2046 195 2078 ²5
209 2039 323 2077 Unde
344 2038 443 2076 Gen.
456 2038 545 2075 xxii.
565 2040 704 2083 16-18,
720 2044 808 2087 post
820 2038 1057 2075 voluntatem
1080 2038 1267 2075 offerendi
1283 2038 1404 2074 filium
1425 2049 1538 2075 suum

209 2110 328 2155 Isaac,
359 2110 486 2147 subdit
515 2109 632 2155 Deus,
661 2109 741 2146 Per
770 2110 1010 2158 memetipsum
1045 2109 1183 2155 iuravi,
1213 2109 1305 2146 dicz't
1329 2108 1537 2152 Dominus,-

208 2182 297 2229 quia
315 2181 455 2231 fecisti
479 2193 555 2217 rem
584 2180 692 2225 hanc,
722 2183 757 2215 et
783 2191 854 2216 non
874 2180 1076 2228 pepercisti
1095 2180 1183 2228 filio
1212 2185 1272 2216 tuo
1292 2184 1446 2228 propter
1475 2193 1538 2224 me,

208 2250 453 2299 multiplicabo
471 2263 587 2287 semen
615 2254 716 2287 tuum
736 2252 827 2286 sicut
847 2251 969 2287 stellas
989 2251 1058 2287 celi
1072 2254 1106 2286 et
1122 2251 1219 2287 sicut
1234 2263 1386 2288 arenam
1405 2263 1472 2299 que
1490 2255 1542 2287 est

208 2323 247 2359 in
267 2323 385 2359 littore
404 2323 534 2358 maris.
581 2321 790 2358 Possidebit
805 2333 920 2357 semen
933 2325 1034 2357 tuum
1049 2325 1180 2369 portas
1200 2321 1435 2358 inimicorum
1455 2334 1538 2358 suo-

155 2402 196 2433 30
209 2405 305 2438 rum,
321 2396 355 2428 et
370 2391 618 2428 benedicentur
637 2392 675 2427 in
690 2392 822 2427 semine
840 2395 899 2427 tuo
919 2403 1037 2428 omnes
1051 2395 1176 2439 gentes
1195 2395 1300 2428 terre.
1329 2391 1431 2428 Ecce
1443 2403 1539 2440 quo-

111 2471 197 2501 60A
209 2462 327 2500 modo
352 2461 542 2510 gradatim
571 2460 848 2499 descendendo
878 2461 1082 2510 specificat,
1100 2461 1227 2510 primo
1243 2459 1260 2480 ‘¹‘
1278 2461 1539 2510 promittendo

209 2532 325 2582 prolis
344 2531 717 2580 multiplicacionem,
733 2531 864 2568 tamin
877 2531 1229 2580 supernaturalibus
1246 2543 1363 2580 quam
1377 2530 1540 2569 fortuitis

244 2645 264 2660 1-
286 2635 439 2661 correlatz's
456 2634 568 2660 ordinis
580 2634 620 2660 C:
646 2633 800 2660 correlatz's
817 2633 843 2658 A
858 2632 983 2665 (ordinis
1000 2632 1028 2658 in
1048 2632 1173 2664 margine
1193 2631 1292 2658 addito
1314 2632 1402 2659 altera
1424 2632 1538 2665 manu):

208 2669 343 2694 corelatis
354 2669 467 2694 ordinis
478 2668 611 2694 cordatis
624 2667 655 2692 B.
828 2675 852 2698 5.
873 2675 928 2692 non
942 2667 979 2691 A2
992 2665 1020 2691 in
1036 2675 1122 2698 marg.
1136 2666 1159 2692 C
1172 2673 1178 2691 t
1200 2675 1249 2692 nec
1261 2666 1299 2691 Α1
1312 2672 1492 2698 expunctum,
1504 2666 1535 2692 B.

209 2703 233 2727 6.
252 2702 426 2731 fundantur
442 2702 469 2726 A
488 2701 591 2730 (littera
610 2709 629 2725 n
649 2700 737 2726 altera
757 2704 853 2725 autem
872 2704 1014 2732 expuncta
1034 2699 1123 2725 altera
1143 2699 1242 2731 manu)
1264 2699 1305 2725 B:
1332 2699 1486 2730 fundatur
1504 2699 1539 2726 C.

212 2745 253 2767 17.
271 2735 391 2760 donavit
403 2734 472 2761 deus
485 2735 511 2760 A
520 2734 560 2761 C:
579 2734 630 2760 deo
644 2736 678 2759 ut
690 2733 761 2759 deus
776 2733 810 2759 B.

713 2825 762 2848 21.
789 2816 871 2847 Gen.
890 2827 942 2847 xv.
963 2825 993 2856 5,
1011 2815 1040 2847 6.
