2008 3305
211 182 291 231 146

883 189 948 220 DE
980 188 1141 220 DOMIN
1151 188 1201 220 10
1233 187 1412 220 D1V1No
1597 177 1703 235 [CAP.
1720 191 1806 219 XVI.

479 303 695 342 variandas.
753 303 868 342 Unde
889 316 969 342 non
989 309 1188 353 repugnat,
1210 303 1278 341 sed
1309 304 1486 353 sequitur,
1509 302 1615 352 quod
1640 309 1812 341 creatura
1825 306 1926 348 [49A

479 375 635 424 incipiat
655 380 690 412 et
711 373 871 420 desinat,
888 380 928 412 ut
948 374 1052 412 racio
1074 373 1340 424 philosophica
1361 379 1606 421 contestatur,
1627 386 1716 412 cum
1731 386 1812 412 non

481 445 661 494 sequitur,
696 447 704 463 ‘
721 444 902 490 Quelibet
928 450 1112 490 creatura,
1136 444 1350 481 secundum
1371 456 1455 481 esse
1476 445 1581 494 quod
1609 444 1724 482 habet
1748 444 1810 482 ad-

482 515 613 561 ‘intra,
636 520 693 552 est
721 515 796 552 vita
829 515 953 564 prima
983 521 1020 552 et
1054 526 1126 552 nec
1153 513 1328 552 factibilis
1358 526 1429 552 nec
1460 514 1694 564 dependens,
1716 527 1810 564 ergo

480 584 672 634 ‘quelibet
705 591 877 622 creatura
910 597 990 622 non
1027 591 1083 622 est
1121 584 1298 622 factibilis
1323 584 1383 621 vel
1415 584 1682 633 dependens3’
1720 585 1841 634 quia5

479 655 641 692 variatur
670 654 905 703 signifieacio
936 660 972 692 et
1002 654 1222 704 supposicio
1251 654 1517 692 terminorum,
1585 654 1669 692 Nec
1700 656 1811 693 obest

479 725 573 774 quin
593 725 712 770 Deus,
735 725 948 762 secundum
969 737 1105 763 omnes
1126 725 1301 762 raciones
1318 724 1557 774 exemplares
1573 724 1810 771 intrinsecus,

480 796 525 833 sit
554 795 767 833 subiectum
788 795 1004 845 theologice
1024 795 1213 833 facultatis
1233 795 1468 844 adequatum
1483 808 1492 841 3
1523 801 1560 832 et
1580 802 1709 833 tamen
1728 796 1811 845 ipsa

479 866 697 904 considerat
717 865 764 903 de
784 865 909 903 multis
931 867 1045 903 rebus
1066 878 1111 903 ac
1132 865 1323 912 essenciiS,
1342 877 1504 915 quarum
1518 865 1687 915 quelibet
1700 865 1810 903 diffe-

479 949 566 974 rens
585 943 642 974 est
661 948 684 975 a
703 936 789 974 Deo
805 947 812 973 :
834 942 870 974 et
886 936 940 974 sic
956 935 1064 974 Deus
1080 936 1194 973 nimis
1209 936 1405 973 vilesceret
1426 936 1456 973 si
1476 936 1601 985 primo
1621 942 1657 973 et
1672 936 1808 973 imme·
1823 952 1864 974 10

479 1007 580 1045 diate
600 1006 835 1056 intellegeret
855 1006 956 1044 aliud
975 1019 998 1044 a
1018 1007 1144 1056 seipso
1162 1019 1171 1051 ;
1193 1019 1284 1044 nam
1305 1006 1434 1055 quoad
1454 1018 1538 1044 esse
1558 1006 1810 1045 intrinsecum

477 1077 537 1115 vel
557 1078 596 1114 in
616 1077 713 1124 Deo,
737 1078 952 1115 secundum
968 1077 1190 1127 apostolum
1215 1076 1264 1113 ad
1285 1075 1370 1114 Col.
1392 1076 1451 1122 iii„
1472 1088 1553 1114 non
1573 1083 1630 1114 est
1650 1077 1810 1115 essenci-

479 1148 547 1186 alis
568 1148 761 1186 distinctio
781 1148 1035 1198 cognitorum.

532 1219 583 1256 Et
610 1218 665 1256 sic
692 1218 971 1256 concordanda
995 1224 1081 1255 sunt
1112 1217 1212 1255 dicta
1233 1217 1451 1266 Augustini.
1511 1217 1613 1255 Nam
1636 1217 1809 1256 decimo-

479 1290 614 1339 quinto
653 1290 701 1327 de
740 1290 940 1335 Trinitate,
979 1290 1064 1335 xvi„
1098 1289 1150 1326 ita
1187 1289 1328 1335 scribit,
1367 1288 1460 1334 Quis
1497 1302 1583 1338 ergo
1621 1289 1807 1327 hominum
1824 1305 1861 1338 15

480 1362 583 1398 novit
610 1362 834 1409 sapienciam
861 1373 935 1409 qua
965 1359 1069 1396 Deus
1103 1360 1207 1396 novit
1234 1360 1390 1396 onznia?
1420 1360 1474 1396 ita
1507 1364 1551 1397 ut
1580 1373 1642 1397 nec
1672 1373 1715 1397 ea
1744 1373 1810 1409 que

479 1432 655 1468 dicuntur
674 1432 858 1479 preterita
888 1430 943 1467 ibi
962 1434 1184 1479 pretereant,
1214 1442 1277 1466 nec
1304 1443 1344 1466 ea
1373 1442 1440 1478 que
1468 1430 1646 1467 dicuntur
1658 1431 1808 1480 futura

477 1503 591 1550 quasi
606 1502 726 1538 desint
749 1505 983 1550 expectentur
1008 1505 1051 1537 ut
1074 1501 1225 1537 veniant
1237 1513 1256 1544 ;
1286 1500 1350 1536 sed
1365 1504 1399 1536 et
1398 1500 1546 1550 sutura
1574 1505 1608 1537 et
1626 1502 1808 1549 preterita

477 1585 557 1608 cum
581 1572 812 1620 presentibus
850 1575 939 1608 sunt
974 1571 1029 1607 ibi
1049 1571 1243 1619 presencia
1259 1585 1273 1607 .·
1310 1583 1374 1606 nec
1404 1571 1556 1619 singula
1594 1572 1808 1620 cogitantur

477 1646 520 1678 ut
550 1641 596 1678 ab
626 1642 714 1678 aliis
744 1642 797 1678 ad
825 1642 903 1678 alia
934 1641 1126 1689 cogitando
1159 1644 1412 1687 transeantur,
1444 1641 1509 1677 sed
1543 1642 1582 1678 in
1613 1654 1685 1678 uno
1722 1654 1805 1678 con·
1821 1657 1862 1679 20

477 1716 598 1760 spectu
624 1712 740 1747 simul
756 1715 884 1759 presto
912 1714 1000 1747 sunt
1023 1711 1210 1747 universa.
1267 1709 1383 1747 Unde
1410 1710 1518 1757 infra,
1539 1711 1681 1757 xxxiii.,
1703 1711 1806 1757 dicit,

476 1780 560 1818 Nos
579 1793 731 1818 oramus
750 1780 883 1826 Deum,
905 1793 968 1817 nec
987 1784 1105 1816 tamen
1125 1781 1348 1816 necessitates
1367 1784 1514 1817 nostras
1530 1781 1691 1818 docemus
1703 1794 1781 1818 eum
1794 1794 1808 1818 .·

475 1849 598 1887 Novit
613 1852 719 1896 enim,
744 1852 801 1887 ait
828 1850 980 1887 Verbum
1009 1851 1096 1895 eius,
1121 1850 1141 1873 *
1163 1850 1285 1887 Pater
1304 1854 1418 1887 vester
1445 1851 1538 1898 quid
1563 1851 1662 1887 vobis
1690 1864 1850 1893 neces-B

475 1922 621 1957 sarium
650 1922 702 1957 sit
719 1922 836 1969 prius
865 1933 974 1969 quam
995 1921 1133 1969 petatis
1161 1920 1207 1957 ab
1235 1932 1272 1956 eo
1301 1919 1415 1969 (Mat.
1446 1921 1490 1957 vi.
1513 1919 1565 1971 8).
1622 1920 1704 1958 Nec
1732 1915 1805 1958 ista

476 2003 526 2028 ex
559 1991 684 2039 aliquo
711 1996 865 2039 tempore
895 1992 1074 2039 cognovit,
1107 1990 1173 2026 sed
1185 1990 1336 2039 futura
1369 1992 1504 2036 omnia,
1539 1995 1645 2040 atque
1672 1992 1712 2028 in
1741 1993 1857 2040 eis,25

475 2062 587 2097 eciam
607 2061 701 2109 quid
724 2065 758 2097 et
783 2061 928 2109 quando
957 2060 1002 2097 ab
1031 2061 1092 2097 illo
1113 2061 1277 2108 petituri
1284 2060 1501 2110 fueramus,
1530 2065 1564 2097 et
1589 2074 1678 2110 quos
1705 2067 1740 2099 et
1764 2063 1805 2099 de

475 2130 606 2178 quibus
635 2131 742 2167 rebus
771 2132 831 2168 vel
853 2130 1106 2168 exauditurus
1134 2131 1192 2167 vel
1217 2142 1288 2166 non
1322 2131 1571 2168 exauditurus
1601 2136 1697 2178 esset,
1727 2133 1805 2169 sine

476 2201 584 2237 inicio
604 2205 685 2237 ante
697 2201 890 2249 prescivit.
949 2200 1056 2247 Ideo,
1086 2207 1128 2237 ut
1158 2199 1352 2237 concludit
1382 2212 1493 2237 xxxv.
1523 2201 1561 2237 in
1593 2201 1679 2247 fine,
1710 2214 1802 2251 que-

476 2271 566 2308 libet
593 2283 758 2320 persona
789 2271 916 2308 divina
949 2271 1063 2307 simul
1093 2271 1215 2307 omnia
1248 2271 1354 2316 videt,
1388 2283 1542 2319 quorum
1581 2273 1722 2309 nullum
1753 2277 1806 2309 est

474 2342 573 2389 quod
600 2354 671 2377 non
709 2348 844 2390 semper
877 2342 983 2378 videt.
1040 2340 1134 2378 Ideo
1163 2340 1255 2377 dicit
1285 2347 1439 2378 sanctus
1461 2341 1648 2388 Thomas,
1678 2343 1801 2391 prima
1815 2357 1857 2388 30

475 2418 581 2460 parte
604 2411 775 2457 Summe,
799 2411 998 2460 questione
1019 2411 1102 2457 xiv„
1132 2410 1291 2448 articulo
1320 2410 1394 2448 ix.:
1426 2410 1542 2457 Deus,
1572 2412 1703 2460 inquit,
1733 2414 1804 2450 scit

525 2538 549 2561 4.
561 2528 710 2560 factibilis
724 2528 746 2553 B
757 2535 763 2553 ε
783 2528 890 2554 scibilis
903 2527 929 2553 A
940 2527 972 2554 C.
1072 2537 1110 2560 27.
1132 2528 1179 2553 vel
1189 2536 1244 2553 non
1256 2527 1456 2553 exauditurus
1468 2527 1566 2555 addidi
1578 2537 1612 2555 ex
1627 2529 1748 2562 August.

522 2620 571 2643 12.
596 2611 803 2653 Apparently
819 2610 894 2643 Col.
912 2611 956 2642 iii.
979 2621 1027 2649 10,
1049 2619 1096 2642 11.

525 2672 572 2703 14.
597 2664 736 2704 August.
754 2663 794 2694 de
810 2662 898 2693 Trin.
916 2673 967 2694 xv.
986 2668 1002 2703 7
1023 2665 1039 2700 ξ
1061 2671 1109 2701 13,
1127 2662 1215 2704 Opp.
1234 2662 1263 2693 8.
1281 2668 1343 2703 975
1362 2669 1392 2701 C,
1410 2669 1444 2692 D.

522 2726 571 2748 21.
597 2717 695 2755 1bid.,
715 2726 752 2756 13
772 2720 787 2754 ξ
809 2726 860 2755 22,
878 2727 909 2758 p.
927 2717 989 2757 983
1008 2724 1037 2754 F,
1054 2724 1087 2748 G.
1236 2716 1284 2746 28.
1309 2716 1406 2753 Ibid.,
1428 2725 1467 2756 14
1485 2719 1500 2753 ξ,
1522 2725 1569 2756 23,
1588 2727 1620 2757 p.
1638 2717 1702 2757 984
1719 2725 1753 2748 G.

522 2777 571 2808 30.
598 2769 716 2799 Thom.
736 2769 859 2809 Aquin.
877 2768 1000 2798 Summ.
1019 2767 1079 2798 Th.
1098 2767 1118 2799 i.
1138 2778 1190 2808 qu.
1211 2767 1273 2799 xiv.
1293 2771 1350 2798 art.
1369 2767 1411 2805 ix,
1429 2768 1493 2798 vol.
1516 2777 1540 2797 1.
1560 2774 1621 2808 739
1638 2778 1701 2808 seq.
