2008 3305
224 216 310 244 CAP.
335 202 410 260 1v.]
677 214 820 246 LIBER
853 214 1078 248 TERTIUS.
1740 212 1820 256 225

106 333 203 374 7712]
218 329 431 375 translacio,
454 336 600 367 servato
622 329 805 375 dominio,
823 337 858 367 et
880 331 1059 380 potencia
1076 330 1334 368 indifferenter
1348 330 1542 379 repetendi

217 399 276 436 vel
296 399 428 436 datum
448 399 505 436 vel
522 400 592 436 sibi
609 400 842 449 equivalenS,
857 400 963 449 quod
977 401 1022 438 sit
1036 401 1281 438 communius
1301 400 1341 437 in
1354 400 1541 449 pecuniis,

215 481 378 518 quarum
402 469 661 519 equivalencia
695 476 821 519 potest
854 470 1017 507 discerni
1044 470 1218 517 facilius;
1248 476 1284 507 et
1312 471 1384 507 ista
1409 469 1543 507 dicitur

216 541 407 577 mutuaczb.
465 540 666 590 Repeticio
693 546 820 577 autem
848 540 983 577 dicitur
1007 547 1113 578 actus
1143 553 1220 591 quo
1248 540 1427 578 dominus
1448 540 1542 589 petit

185 622 202 654 5
218 610 388 647 debitum
409 610 478 647 sibi
504 610 621 648 reddi.

120 688 203 718 78A
270 679 356 717 Istis
377 680 595 730 suppositis,
617 686 720 729 patet
743 679 762 699 ’¹‘
784 680 889 730 quod
910 681 1098 729 prestacio
1119 692 1269 718 summe
1301 686 1337 717 et
1357 680 1540 729 propriis·
1557 698 1579 714 1.
1601 687 1731 719 Lending
1742 696 1805 719 per-

1553 721 1626 747 tains
1640 727 1710 746 most
1724 730 1785 752 pro-

214 750 308 787 sime
329 750 415 788 Deo
437 751 651 788 conveniat.
708 750 837 788 Primo
859 763 907 788 ex
927 751 1000 788 hoc
1021 751 1127 800 quod
1146 751 1229 800 ipse
1249 763 1363 800 super
1382 750 1539 800 prestito
1552 755 1631 787 perly
1644 760 1672 780 to
1686 754 1765 784 G0d;

1554 790 1672 814 because

213 821 335 858 verius
356 821 585 867 dominatur,
606 827 641 858 et
664 833 732 869 per
759 833 1002 870 consequens
1029 827 1155 870 potest
1181 821 1334 858 liberius
1362 833 1539 858 exercere
1553 822 1630 886 ῗωξξ
1641 821 1754 884 1ῑὲῑὲοῆ

213 897 342 928 actum
362 891 556 940 prestandi
586 891 738 929 subdito
759 892 819 928 cui
849 891 986 940 placet.
1046 891 1226 929 Secundo
1256 904 1302 929 ex
1331 891 1407 928 hoc
1436 891 1540 940 quod
1553 899 1626 924 b.he
1639 898 1802 930 givesmost

162 972 201 995 10
214 961 294 1010 ipse
323 962 537 1010 gratissime
567 962 649 999 sine
680 962 947 999 retribucionis
977 962 1251 1011 expectacione
1282 961 1541 998 communicat
1553 933 1637 964 mssy’

212 1033 358 1070 bonum
379 1044 501 1078 suum,
523 1039 558 1069 et
578 1044 646 1080 per
666 1044 911 1081 consequens
926 1044 1011 1069 vere
1032 1039 1187 1082 prestat.
1244 1032 1385 1069 Tercio
1402 1045 1448 1069 ex
1465 1031 1539 1069 hoc
1552 1051 1573 1068 c.
1589 1042 1624 1067 he
1639 1040 1790 1067 communi-

1553 1081 1629 1101 cates
1642 1075 1669 1100 in
1684 1075 1731 1099 the

211 1102 317 1151 quod
337 1102 548 1151 largissime
569 1102 699 1151 quoad
728 1109 892 1151 tempus,
914 1115 1038 1148 usum,
1060 1109 1097 1140 et
1122 1102 1216 1139 alias
1236 1102 1382 1151 prestiti
1403 1102 1539 1139 condi·
1553 1109 1665 1141 highest
1678 1117 1750 1140 way,

211 1173 343 1211 ciones
371 1173 628 1210 communicat
643 1185 652 1218 ;
687 1173 775 1222 quia
801 1180 951 1210 tantum
978 1174 1141 1210 abusum
1165 1173 1317 1222 excipit.
1375 1172 1535 1219 Quarto,
1551 1174 1807 1240 ffirgghriffiiptshtehss

211 1243 317 1293 quod
337 1244 417 1292 ipse
438 1243 657 1281 necessario
683 1250 848 1281 reservat
868 1244 938 1280 sibi
963 1243 1188 1290 dominium,
1211 1243 1378 1281 iuvando
1407 1249 1537 1280 tamen
1552 1242 1632 1275 thing
1645 1242 1774 1275 granted·

160 1319 197 1351 15
213 1314 468 1363 multipliciter
497 1313 546 1350 ad
574 1325 687 1351 usum
717 1314 876 1363 prestiti.
937 1313 1013 1351 Sed
1042 1314 1186 1363 quinto,
1217 1314 1386 1363 quadam
1414 1313 1536 1351 excel-
1549 1320 1621 1380 juge
1635 1353 1763 1378 doesnot

211 1383 301 1421 lenti
329 1384 548 1421 differencia
578 1396 600 1421 a
627 1384 785 1433 prestito
812 1391 992 1430 creature,
1022 1396 1102 1421 non
1127 1384 1280 1421 abdicat
1306 1397 1329 1421 a
1356 1396 1395 1421 se
1423 1396 1536 1421 usum
1550 1387 1733 1446 ffijetssetifffg
1744 1386 1775 1412 of
1786 1385 1806 1411 it

209 1454 353 1503 prestiti
368 1466 440 1503 pro
453 1460 623 1503 tempore
640 1466 716 1503 quo
732 1461 941 1503 prestatur:
973 1455 1067 1504 quin
1080 1455 1213 1504 pocius
1230 1467 1277 1491 ex
1291 1455 1540 1492 vehemencia
1553 1453 1759 1520 {ugrgffitvgfflch
1772 1452 1794 1478 it

210 1524 267 1561 sui
284 1525 443 1562 dominii
464 1524 535 1561 sibi
554 1524 729 1561 vendicat
749 1537 905 1562 omnem
927 1537 1050 1569 usum,
1072 1538 1151 1563 non
1172 1525 1221 1562 ad
1241 1525 1541 1574 impedicionem

210 1595 266 1632 vel
288 1594 499 1643 dampnum
519 1594 704 1643 prestarii‚
727 1595 794 1632 sed
814 1594 863 1632 ad
883 1595 964 1632 eius
977 1596 1176 1633 utilitatem
1192 1596 1443 1645 multiplicem
1462 1608 1470 1641 3
1500 1602 1540 1632 ut

158 1682 198 1704 20
211 1665 260 1702 ad
287 1665 367 1703 eius
387 1677 500 1702 usum
524 1664 803 1702 comodiferum
826 1665 1080 1714 dirigendum.
1137 1666 1245 1704 Patet
1264 1679 1311 1704 ex
1337 1666 1412 1703 hoc
1434 1666 1538 1715 quod
1551 1672 1594 1709 ,for

1551 1715 1567 1730 1.
1582 1706 1616 1731 he
1628 1706 1747 1732 remains
1756 1705 1817 1731 lord

209 1736 315 1773 Deus
336 1736 553 1772 dominatur
577 1735 793 1773 necessario
814 1736 968 1773 cuilibet
995 1742 1176 1782 creature,
1199 1736 1266 1774 sed
1293 1736 1420 1774 omnis
1448 1748 1537 1773 usus
1551 1739 1642 1799 gvfhtffi
1652 1745 1818 1802 ῖτξῗὲἓὲῗο

207 1806 260 1843 sic
276 1807 419 1855 prestiti
433 1812 489 1843 est
504 1812 687 1847 creatura,
697 1818 789 1855 ergo
805 1812 876 1843 etc.
908 1806 1016 1851 Item,
1028 1807 1153 1844 omnis
1166 1807 1249 1844 talis
1264 1807 1469 1856 prestarius
1482 1813 1538 1844 est
1550 1814 1806 1875 ssifitrljffersegravipcsetgtg

208 1877 505 1925 inseparabiliter
522 1888 649 1913 servus
664 1875 850 1925 Dei,ergo
863 1876 969 1914 Deus
986 1890 1033 1914 ex
1054 1889 1161 1915 mero
1177 1877 1350 1915 dominio
1363 1878 1537 1915 vendicat
1549 1882 1596 1907 the
1610 1882 1756 1912 borrower,

208 1947 278 1983 sibi
308 1959 465 1984 omnem
492 1960 603 1985 usum
633 1948 774 1997 prestiti
795 1955 979 1998 tanquam
1010 1961 1122 1986 suum
1143 1949 1397 1987 ministerium
1428 1962 1537 1999 pera-

156 2037 193 2069 25
208 2017 391 2066 gendum.
434 2017 692 2055 Confirmatur
711 2031 758 2055 ex
783 2019 890 2056 dictis
911 2019 1032 2068 primo
1059 2019 1181 2065 huius,
1203 2020 1369 2069 capitulo
1390 2021 1535 2069 quinto,

208 2087 254 2124 de
278 2099 350 2124 usu
370 2087 455 2133 Dei,
478 2088 677 2136 quomodo
697 2088 813 2125 utitur
833 2089 1106 2126 essencialibus
1133 2096 1318 2127 creature.
1376 2090 1486 2136 Item,
1507 2089 1536 2127 si
1550 2097 1587 2123 iii.
1605 2098 1816 2126 ifheaiienated

207 2169 299 2195 usus
332 2158 477 2207 prestiti
508 2164 607 2195 esset
641 2158 827 2196 alienatus
862 2171 884 2195 a
916 2159 1087 2205 domino,
1124 2166 1214 2197 tunc
1247 2167 1346 2197 esset
1379 2161 1535 2207 abusus,
1549 2133 1790 2194 ῗνῖῗῖεῗῖἕῖεῖξεῗξ,

207 2228 297 2277 quia
326 2228 406 2266 sine
435 2229 645 2266 ministerio
674 2229 722 2266 ad
749 2229 911 2278 gloriam
941 2229 1015 2266 Dei
1039 2229 1160 2267 factus
1176 2243 1185 2276 ;
1217 2243 1460 2279 consequens
1479 2231 1536 2267 in·
1548 2199 1711 2258 {ffb-‘goma
1725 2199 1758 2225 be
1771 2208 1807 2225 an

207 2298 399 2347 possibile.
457 2298 550 2336 Ideo
577 2304 692 2348 patet,
713 2299 818 2347 quod
845 2299 952 2336 Deus
977 2313 1055 2338 non
1083 2307 1209 2349 potest
1239 2313 1261 2338 a
1291 2313 1331 2338 se
1359 2301 1538 2338 abdicare

163 2379 193 2408 B
208 2380 317 2405 usum
334 2369 479 2417 prestiti
497 2367 514 2387 *
533 2370 605 2406 nisi
625 2370 872 2407 constitueret
892 2371 1119 2419 prestariurn
1140 2383 1283 2408 novum
1304 2371 1430 2408 deum.
1487 2372 1537 2409 Et

206 2445 311 2487 patet
331 2451 447 2488 quam
469 2440 664 2488 signanter
687 2439 881 2488 Scriptura
903 2447 980 2477 tam
1008 2441 1144 2477 crebro
1167 2441 1335 2478 attribuit
1362 2441 1535 2478 Domino

206 2515 335 2545 actum
379 2509 584 2558 prestandi,
625 2517 664 2546 ut
698 2510 835 2547 Psalm.
875 2511 973 2546 xviii.
1010 2512 1044 2555 8,
1092 2510 1348 2547 Testimonium
1380 2511 1542 2548 Domini

196 2579 318 2626 fidele,
339 2581 557 2627 sapz'encz'am
571 2584 745 2628 prestans
756 2581 935 2629 parvulis
946 2594 965 2624 ,·
995 2587 1031 2617 et
1055 2594 1072 2617 2
1097 2581 1184 2618 Cor.
1199 2582 1248 2617 ix.
1271 2594 1317 2618 10
1330 2581 1416 2618 dicit
1430 2582 1535 2631 quod

207 2648 310 2684 Deus
329 2656 460 2697 panem
492 2651 543 2686 ad
566 2651 861 2686 manducandum
881 2652 1086 2698 preslabz'l:
1115 2659 1151 2688 et
1178 2658 1308 2688 tamen
1338 2652 1534 2700 sapiencia

285 2734 321 2758 16.
344 2743 363 2759 a
375 2743 403 2759 se
417 2743 501 2760 usum
516 2734 554 2759 B:
575 2737 759 2766 assumptmn
773 2735 798 2760 A
808 2734 838 2760 C.
1013 2745 1051 2767 17·
1071 2738 1144 2768 llffl‘o
1158 2739 1281 2768 tempore
1296 2737 1317 2762 B
1331 2737 1348 2762 f.
1365 2747 1412 2769 247
1424 2745 1451 2763 Α.

638 2806 689 2835 25-
717 2797 755 2826 V.
773 2807 880 2836 supra,
900 2807 954 2837 pp.
974 2806 1012 2836 32
1032 2808 1097 2838 seq.

856 2870 877 2900 Q
