2095 3278
35 228 122 256 C'AP.
145 213 192 272 L]
588 225 652 256 DE
686 225 927 257 PAUPERIE
960 225 1277 258 SALVATORIS.
1785 227 1867 271 437

140 333 239 375 3813]
259 329 449 374 accipere:
485 330 583 364 unde
617 330 853 375 consequitur
881 331 979 375 quod
1014 330 1217 365 dominium
1252 330 1322 365 dici
1358 330 1466 365 debet
1500 341 1582 364 esse

259 388 340 422 talis
358 388 561 432 proprietas
580 399 653 433 qua
670 388 793 432 aliqua
811 400 869 422 res
888 388 1118 432 peculiariter
1137 400 1200 423 seu
1219 389 1365 433 proprie
1383 388 1581 423 obtinetur.

308 447 395 480 RIC.
423 447 517 480 Cum
547 452 691 480 constet
721 457 850 480 omnes
881 446 997 480 iustos
1027 446 1207 491 equaliter
1235 447 1373 481 habere
1400 446 1582 491 originale
1601 446 1651 505 bg}
1664 445 1868 484 orjginallord-

259 503 466 538 dominium
496 515 618 538 rerum
648 504 815 538 omnium
840 504 888 538 ab
920 504 1092 538 omnibus
1118 516 1388 548 possessarum,
1415 516 1482 549 per
1507 505 1584 539 tale
1602 488 1714 539 {olpzrliS
1725 488 1870 545 rfgffigssffi

223 570 241 601 5
261 561 465 596 dominium
484 563 584 596 nulla
602 573 660 596 res
679 563 875 606 elongatur
892 574 914 596 a
932 573 1130 607 quoquam,
1150 574 1220 596 nec
1246 563 1421 607 cuiquam
1448 574 1583 607 appro-
1603 555 1735 613 Ξῗὲἓῖῗῗζι
1745 547 1870 605 Ῡὲὴιῗιῗῑῗ

258 620 437 664 pinquat3
479 631 523 654 ac
556 631 621 664 per
654 620 751 654 hanc
785 619 1061 664 proprietatem,
1093 631 1165 664 qua
1198 632 1256 654 res
1291 621 1439 665 proprie
1473 621 1583 655 unius
1602 614 1721 680 {firstgn}
1739 613 1828 645 Single

258 678 424 721 efficitur,
451 678 523 712 hoc
549 678 663 712 modo
690 690 747 712 res
774 678 835 712 illa
861 678 909 712 ad
934 685 1063 712 votum
1091 677 1142 712 illi
1169 678 1445 723 appropinquat
1471 685 1507 713 et
1536 679 1583 713 ab

258 736 339 770 aliis
366 737 582 780 elongatur:
610 748 685 770 non
712 742 768 770 est
790 736 901 780 igitur
926 735 1132 781 proprietas
1157 736 1338 780 originale
1365 737 1586 771 dominium.

263 795 358 828 Cum
384 794 534 839 insuper
559 794 736 838 originale
755 793 962 828 dominium
986 794 1092 828 iustis
1111 794 1285 828 omnibus
1310 794 1357 829 sit
1376 806 1586 837 commune,

205 864 244 886 10
262 859 297 886 et
324 852 529 897 proprietas
556 852 640 886 ideo
668 853 811 886 dicatur
836 852 1056 897 proprietas,
1079 852 1165 897 quia
1191 859 1253 887 aut
1279 853 1341 887 uni
1368 859 1430 887 aut
1456 853 1587 897 paucis

260 910 492 955 peculiariter
517 917 580 944 aut
606 910 854 945 communiter
878 910 1084 955 applicatur
1106 910 1182 945 sive
1206 910 1350 945 inheret
1376 911 1425 945 ad
1446 917 1587 954 votum,

259 979 496 1013 nequaquam
531 974 654 1013 potest
687 969 761 1002 tale
796 968 1001 1002 dominium
1027 970 1247 1013 proprietas
1279 968 1350 1002 nisi
1384 968 1588 1013 improprie

257 1026 449 1070 appellari,
465 1026 614 1069 scilicet,
631 1033 753 1071 preter
767 1027 949 1070 regulam;
976 1032 1012 1060 et
1025 1026 1182 1061 trahitur
1196 1026 1264 1061 iste
1282 1038 1413 1061 sensus
1427 1039 1449 1061 a
1461 1029 1588 1072 prope,

262 1091 298 1119 et
328 1085 381 1119 sic
410 1085 609 1129 improprie
637 1084 779 1127 dicitur,
808 1084 908 1129 quod
937 1096 959 1118 a
989 1085 1261 1129 grammaticali
1289 1086 1417 1129 regula
1445 1092 1588 1119 remote

205 1149 242 1181 15
262 1142 451 1187 profertur.

313 1202 401 1235 IOH.
431 1201 604 1244 Intelligo
623 1201 722 1245 quod
740 1200 918 1245 originale
944 1200 1152 1235 dominium
1179 1212 1291 1245 super
1315 1202 1425 1236 rebus
1452 1200 1588 1236 nullius

261 1265 385 1303 potest
413 1266 499 1303 apte
530 1259 601 1292 dici
631 1270 719 1293 vera
752 1259 972 1303 proprietas,
1004 1259 1075 1293 nisi
1110 1259 1203 1293 forte
1238 1259 1275 1293 in
1310 1266 1441 1293 nostro
1469 1260 1590 1304 primo

262 1323 428 1361 parente,
448 1328 532 1350 cum
559 1317 658 1351 solus
685 1324 762 1351 erat
790 1324 960 1351 creatus:
988 1323 1076 1351 tunc
1103 1317 1203 1350 enim
1229 1317 1376 1351 videtur
1399 1318 1499 1362 quod
1525 1318 1590 1351 do-

265 1374 420 1408 minium
439 1374 528 1417 eius,
549 1374 599 1408 illi
620 1374 687 1409 soli
707 1375 944 1417 conveniens,
964 1375 1172 1419 proprietas
1191 1374 1263 1409 dici
1282 1375 1457 1410 debebat.

208 1435 248 1456 ²0
313 1434 402 1467 RIC.
429 1433 513 1467 Alia
539 1439 595 1467 est
621 1433 828 1477 proprietas
854 1433 1044 1475 naturalis,
1070 1444 1139 1477 que
1166 1433 1213 1467 ob
1240 1433 1311 1467 hoc
1330 1440 1483 1467 vocatur
1507 1445 1589 1477 pro-

265 1491 402 1535 prietas
437 1491 523 1536 quia
557 1491 716 1525 nectitur
750 1490 961 1525 condicioni
1003 1498 1159 1532 nature;
1202 1498 1238 1525 et
1272 1491 1345 1525 alia
1379 1497 1435 1525 est
1469 1503 1591 1525 rerum

266 1549 516 1583 subiectarum
534 1549 674 1583 homini
695 1561 760 1583 seu
779 1548 962 1583 usualium
980 1560 1102 1583 rerum
1126 1549 1344 1594 proprietas,
1365 1561 1436 1594 que
1454 1550 1503 1583 ob
1521 1550 1593 1583 hoc

265 1607 472 1651 proprietas
499 1608 708 1651 appellatur
732 1607 817 1651 quia
844 1613 899 1641 est
924 1606 1094 1641 condicio
1121 1618 1193 1651 qua
1219 1619 1277 1641 res
1304 1607 1428 1652 aliqua
1453 1607 1592 1641 usualis

265 1665 315 1699 ad
342 1671 468 1699 votum
496 1665 602 1699 unius
632 1672 694 1699 aut
726 1672 909 1699 certorum
941 1666 1109 1706 habetur,
1138 1665 1224 1698 inde
1256 1665 1356 1699 dicta
1386 1665 1593 1709 proprietas

207 1729 245 1759 25
266 1723 354 1768 quia
379 1735 494 1768 prope
519 1730 657 1767 votum,
685 1723 791 1758 sicuti
817 1723 937 1767 prima
962 1730 1116 1757 vocatur
1144 1723 1351 1767 proprietas
1378 1723 1464 1768 quia
1495 1723 1594 1758 iuxta

265 1788 330 1815 aut
356 1793 471 1826 prope
496 1788 680 1816 naturam.
733 1783 797 1816 Set
822 1781 982 1825 amplius
1009 1781 1121 1815 habet
1147 1781 1184 1814 in
1212 1793 1334 1824 sensu,
1362 1781 1511 1824 scilicet,
1531 1793 1593 1815 ex-

266 1839 472 1873 clusionem
497 1851 585 1873 usus
612 1851 675 1874 seu
702 1839 790 1874 iuris
816 1839 945 1873 utendi
972 1839 1009 1872 in
1036 1839 1138 1882 aliis3
1175 1839 1353 1884 quoniam
1379 1851 1402 1873 a
1427 1846 1595 1884 tempore

265 1897 372 1942 primi
392 1897 532 1941 peccati
547 1898 662 1932 nostri
681 1897 845 1942 parentis
861 1898 913 1932 sic
928 1904 1026 1932 extat
1044 1904 1217 1942 corrupta
1232 1898 1397 1931 humana
1411 1898 1593 1941 voluntas,

267 1956 368 2000 quod
386 1967 408 1989 a
426 1967 466 1989 se
484 1967 558 1990 non
577 1956 690 1990 habet
717 1956 787 1990 nisi
807 1957 907 2000 quod
934 1956 1023 1990 illud
1047 1962 1104 1990 est
1130 1956 1178 1989 ad
1196 1962 1324 1989 votum
1351 1955 1466 2000 ipsius
1494 1956 1594 2001 quod

206 2024 248 2055 30
270 2020 325 2048 est
354 2025 375 2047 a
404 2020 491 2048 voto
521 2014 677 2048 aliorum
708 2021 905 2056 semotum,
936 2013 1022 2058 quia
1052 2025 1199 2058 semper
1229 2025 1273 2047 ex
1306 2013 1509 2058 cupiditate
1543 2013 1594 2048 illi

268 2071 451 2116 impressa
469 2079 625 2106 conatur
650 2084 707 2106 res
734 2073 882 2106 usuales
909 2071 978 2106 sibi
1005 2071 1241 2116 peculiariter
1266 2083 1331 2106 seu
1358 2071 1595 2116 singulariter

265 2130 449 2164 retinere:
482 2130 581 2164 unde
608 2131 637 2164 si
665 2130 712 2164 de
738 2130 837 2164 facto
864 2130 985 2164 nullus
1013 2129 1308 2164 communicator
1334 2129 1479 2173 existat,
1506 2136 1594 2164 tunc

267 2199 334 2232 per
376 2188 561 2231 accidens,
597 2188 748 2230 scilicet,
790 2194 941 2232 propter
983 2188 1167 2222 sociorum
1209 2188 1437 2231 absenciam,
1472 2199 1594 2222 rerum

269 2246 398 2280 talium
424 2252 548 2290 potest
574 2246 611 2280 in
638 2258 711 2280 uno
735 2246 808 2280 dici
835 2246 1066 2290 proprietas;
1094 2246 1124 2279 si
1143 2257 1230 2280 vero
1254 2246 1331 2280 iure
1350 2246 1474 2290 aliquo
1493 2252 1594 2280 certo

209 2313 247 2344 35
270 2303 477 2337 dominium
508 2305 581 2338 tale
611 2304 672 2338 uni
703 2310 764 2338 aut
796 2304 906 2338 certis
940 2303 1148 2346 conveniat,
1182 2311 1270 2338 tunc
1299 2315 1364 2348 per
1395 2315 1435 2338 se
1466 2304 1502 2337 in
1533 2303 1595 2338 illa

268 2373 429 2406 persona
454 2373 520 2396 seu
546 2362 616 2396 illis
644 2369 766 2406 potest
793 2363 881 2396 illud
907 2361 1113 2395 dominium
1138 2361 1209 2396 dici
1238 2361 1456 2406 proprietas,
1475 2361 1593 2406 qualis

268 2431 390 2453 rerum
416 2420 622 2464 proprietas
642 2421 678 2454 in
697 2421 820 2454 Adam
844 2432 918 2454 non
946 2426 1024 2454 erat
1044 2420 1080 2453 in
1106 2432 1173 2454 sua
1191 2420 1385 2454 creacione
1406 2419 1593 2464 primaria,

164 2487 249 2516 39A
271 2477 357 2512 licet
374 2484 461 2512 tunc
479 2485 629 2522 propter
644 2477 879 2512 solitudinem
898 2478 988 2511 illud
1007 2477 1214 2512 dominium
1229 2478 1406 2521 originale
1425 2477 1595 2522 possterat

269 2547 336 2580 per
364 2536 538 2569 accidens
569 2535 641 2570 dici
672 2535 709 2569 in
741 2547 785 2569 eo
815 2547 937 2569 rerum
966 2536 1182 2580 proprietas.
1249 2537 1312 2570 Set
1347 2536 1393 2569 de
1428 2535 1490 2569 illa
1523 2547 1595 2580 que

209 2612 251 2643 40
270 2605 334 2637 per
362 2604 401 2627 se
429 2595 636 2638 appellatur
664 2594 848 2627 usualium
882 2605 1005 2627 rerum
1037 2594 1247 2639 proprietas
1281 2593 1434 2628 materie
1468 2599 1595 2627 nostre

35 2656 197 2697 peffmed.
219 2665 249 2688 B.
269 2651 438 2695 congruit
456 2652 673 2696 profundius
692 2651 925 2696 perscrutari.

318 2711 408 2744 IOH.
437 2709 535 2754 Quid
554 2721 642 2754 ergo
662 2709 692 2744 si
711 2709 836 2744 dixero
857 2710 958 2755 quod
984 2709 1065 2754 ipsa
1091 2709 1143 2744 rei
1170 2709 1359 2755 possessio
1385 2709 1593 2754 proprietas
1606 2713 1790 2779 {affigitis
1803 2719 1851 2740 not

267 2774 322 2801 est
342 2767 525 2801 dicenda?
1779 2768 1785 2780 ²

316 2826 402 2860 RIC.
430 2826 528 2859 Vera
554 2825 760 2870 proprietas
783 2824 833 2859 rei
857 2825 1095 2870 appropriate
1116 2825 1286 2870 cuiquam
1306 2825 1378 2860 dici
1405 2837 1479 2860 non
1500 2826 1592 2860 solet
