2008 3305
142 211 195 252 26

140 340 155 366 i.
179 341 216 373 by
229 341 361 372 creadon,

140 559 166 585 ii.
181 559 218 592 by
232 560 278 585 the
292 559 410 585 renewal

140 594 171 619 of
180 593 360 620 accidentals.

139 627 195 652 and

140 660 177 686 iii.
198 660 235 692 by
248 660 295 686 the
309 660 399 686 estab-

140 694 270 719 lishment
285 695 316 719 of
325 703 341 719 a

141 728 223 754 mode
236 728 268 753 os
278 727 392 759 service,

141 843 207 868 thus
220 841 368 874 becoming

141 877 232 908 newly
246 876 304 901 lord
319 876 348 901 of

141 910 210 936 such
224 909 338 940 service,

141 979 248 1012 though
264 980 381 1005 without

142 1013 246 1039 motion
260 1022 295 1039 on
310 1013 352 1039 his

140 1053 203 1079 part
218 1047 245 1072 in
258 1047 304 1072 the
317 1056 361 1073 ac-

141 1080 282 1113 quisition.

146 2200 168 2223 3.
190 2191 316 2216 Answer
329 2192 356 2215 to

144 2227 317 2257 arguments

143 2260 237 2288 (above
250 2267 289 2283 nr.
308 2259 340 2290 1).

144 2303 171 2319 a.
191 2291 356 2318 Accidental

146 2327 250 2353 service
260 2335 324 2359 may
334 2333 415 2358 vary;

820 222 884 252 DE
918 222 1137 253 DOMINIO
1171 223 1345 254 DIVINo
1580 211 1683 270 [(ἋΡ.
1710 226 1765 254 iv.

424 337 739 386 produccionem,
764 351 831 387 per
859 339 915 375 sui
940 338 1149 376 accidentis
1174 339 1482 384 innovacione1n‚
1509 346 1544 375 et
1578 351 1646 388 per
1678 340 1762 376 novi
1781 342 1849 383 [80

423 409 529 446 modi
556 409 742 446 serviendi
769 410 1055 447 limitacionem.
1113 409 1284 446 Primum
1312 417 1415 458 patet
1442 422 1487 446 6)(
1514 410 1644 456 dictis;
1676 422 1767 446 nam

424 480 593 517 creando
613 480 897 518 universitatem
925 487 1029 518 creat
1055 480 1162 517 Deus
1189 481 1260 518 sibi
1290 481 1372 517 eius
1403 480 1630 526 dominium,
1653 487 1689 517 et
1711 482 1764 518 sic

425 551 471 588 de
493 552 662 600 qualibet
683 551 765 588 eius
785 558 915 600 parte:
950 552 970 574 *
999 558 1035 588 61;
1062 552 1232 589 secunda
1259 563 1346 600 pars
1373 558 1474 600 patet
1499 564 1545 588 ex
1570 551 1707 589 eodem
1728 556 1810 588 etD

425 622 619 659 sentencia
639 622 838 671 proxima:
872 622 987 658 tercia
1008 629 1137 659 autem
1159 635 1247 671 pars
1270 629 1371 670 patet
1393 622 1439 659 de
1461 622 1766 671 obligacionibus
1781 630 1799 661 5

425 700 462 730 et
483 692 794 730 dedicacionibus
821 692 930 730 factis
952 692 1050 739 Deo,
1073 706 1146 743 que
1171 700 1326 742 propter
1355 706 1479 738 usum,
1501 693 1765 735 ministerium,

425 764 483 801 vel
504 764 706 801 servicium
727 764 871 800 varium
888 777 910 801 a
923 764 1039 814 priori
1053 764 1216 801 fundant
1232 765 1270 800 in
1285 764 1371 801 Deo
1385 764 1513 812 dispar
1529 763 1740 801 dominium
1759 776 1766 808 ;

426 847 513 872 cum
547 834 654 871 Deus
685 835 830 872 noviter
859 835 905 871 sit
935 835 1115 872 dominus
1145 835 1229 872 talis
1259 835 1417 880 servicii,
1449 835 1659 880 ministerii,
1692 835 1766 871 sive

425 918 539 944 usus:
571 906 625 943 sic
643 906 745 943 enim
762 906 925 955 acquirit
947 906 1127 943 continue
1145 906 1382 944 accidentale
1405 905 1632 943 dominium.
1682 904 1766 942 Nec

425 977 542 1014 credo
574 984 747 1014 mentem
778 977 1004 1026 cuiusquam
1037 977 1085 1014 ad
1120 984 1268 1014 tantum
1296 977 1468 1025 desipere
1497 976 1602 1025 quod
1636 976 1821 1013 credat10

425 1048 659 1086 divinitatem
698 1048 844 1086 moveri
893 1048 931 1085 in
979 1048 1217 1098 acquirendo
1266 1048 1504 1093 dominium3
1555 1059 1644 1084 cum
1693 1053 1767 1084 stat

425 1119 580 1157 Petrum
614 1133 661 1158 ex
695 1126 820 1169 pacto,
855 1132 923 1168 per
953 1120 1067 1157 vitam
1100 1120 1159 1156 vel
1198 1126 1363 1157 mortem
1402 1119 1519 1168 patris
1551 1118 1609 1156 vel
1644 1118 1767 1155 fratris

421 1191 479 1228 vel
518 1192 781 1240 cuiuscunque
823 1191 986 1237 alterius,
1022 1191 1235 1228 secundum
1275 1190 1440 1227 formam
1480 1190 1766 1239 conpaccionis‚

422 1269 501 1299 tam
522 1262 717 1312 acquirere
738 1276 854 1312 quam
876 1263 1084 1312 deperdere
1106 1261 1334 1306 dominium,
1357 1261 1437 1298 sine
1462 1268 1568 1298 motu
1590 1274 1659 1310 per
1683 1261 1767 1298 talis

423 1333 582 1370 dominii
612 1334 914 1383 acquisicionem
948 1334 1006 1370 vel
1036 1333 1350 1382 deperdicionem
1378 1332 1621 1368 materialiter
1650 1332 1766 1369 intro·
1787 1340 1819 1372 ¹5

424 1404 563 1442 ducto:
608 1411 661 1450 ut,
698 1405 827 1453 posito
866 1405 971 1454 quod
1006 1405 1140 1441 Petrus
1181 1403 1347 1440 existens
1383 1403 1537 1441 Oxonie
1577 1403 1767 1452 sopositus

422 1475 568 1525 pepigit
587 1488 675 1513 cum
697 1475 816 1513 Paulo
839 1482 995 1524 parente
1018 1475 1144 1512 Rome
1166 1474 1270 1524 quod
1292 1481 1379 1523 post
1401 1487 1422 1511 Β
1444 1475 1590 1511 instans
1611 1474 1767 1511 habebit

421 1558 442 1584 c
467 1546 700 1592 thezaurum,
726 1547 822 1585 sicut
850 1547 1091 1584 successione
1121 1545 1348 1583 hereditaria
1372 1546 1528 1583 habebit
1555 1545 1767 1583 immobilia

422 1616 530 1654 Pauli
551 1617 669 1666 patris
681 1630 689 1664 ;
720 1624 824 1663 tunc,
846 1617 966 1655 Paulo
995 1617 1188 1663 defuncto,
1211 1629 1281 1665 pro
1304 1629 1325 1654 Β
1346 1616 1503 1654 instanti
1524 1617 1697 1666 acquiret
1717 1617 1766 1654 ad

422 1694 568 1725 tantam
590 1688 815 1726 distanciam
842 1689 1064 1737 ignoranter
1085 1688 1311 1733 dominium,
1335 1688 1415 1725 sine
1443 1687 1517 1725 hoc
1548 1688 1654 1737 quod
1677 1701 1765 1737 pro·
1782 1699 1822 1720 20

423 1759 694 1808 porcionaliter
714 1766 926 1797 moveatur.
985 1759 1102 1796 Nulla
1134 1759 1237 1796 enirn
1270 1759 1409 1796 relacio
1437 1765 1566 1808 potest
1588 1771 1672 1797 esse
1699 1772 1767 1809 per

426 1842 465 1867 se
486 1830 643 1867 materia
663 1830 746 1867 talis
767 1837 905 1875 motus,
927 1843 974 1867 ex
995 1830 1132 1880 quinto
1153 1830 1404 1867 Phisicorum.
1460 1830 1510 1866 Et
1531 1829 1622 1867 illud
1639 1837 1767 1879 potest

425 1913 472 1937 6)(
502 1901 715 1939 variacione
755 1901 1044 1950 compaccionis
1084 1901 1369 1950 quantumlibet
1403 1901 1561 1946 variari;
1591 1908 1632 1938 ut
1661 1901 1767 1950 quod

424 1972 551 2021 pepigi
573 1984 635 2010 me
657 1971 799 2010 habere
820 1986 843 2010 A
865 1972 1100 2009 dominabile
1128 1985 1196 2022 per
1216 1972 1331 2009 vitam
1361 1972 1424 2009 filii
1452 1973 1685 2010 conviventis
1709 1973 1767 2010 vel

424 2050 512 2092 post
543 2050 707 2080 mortem
743 2043 925 2092 decrepiti
954 2044 1246 2092 conparigentis‚
1276 2050 1347 2080 etc.
1406 2043 1534 2081 Multo
1560 2044 1645 2093 plus
1674 2056 1766 2092 ergo
1782 2050 1826 2083 25.

425 2112 533 2150 Deus
554 2114 607 2151 sic
628 2114 775 2163 poterit,
798 2121 839 2150 ut
860 2114 990 2151 dicunt
1012 2114 1189 2151 doctores
1210 2126 1307 2163 quos
1329 2126 1443 2163 supra
1465 2115 1633 2151 memini.

483 2184 546 2221 Ad
585 2185 752 2233 primurn
787 2185 990 2230 obiectum,
1022 2191 1125 2234 patet
1164 2198 1209 2222 ex
1245 2185 1353 2222 dictis
1392 2185 1497 2234 quod
1531 2186 1667 2234 probat
1696 2197 1766 2222 nec

430 2255 638 2293 essenciale
660 2255 873 2293 dominium
894 2268 964 2293 nec
986 2256 1182 2293 servicium
1199 2256 1321 2304 magis
1338 2256 1542 2293 autminus
1563 2256 1764 2305 suscipere,

428 2340 498 2364 nec
537 2327 771 2364 accidentale
811 2327 1026 2364 dominium
1058 2326 1075 2345 *

1107 2327 1178 2364 nisi
1216 2340 1284 2376 per
1324 2327 1625 2376 produccionem
1667 2339 1765 2365 nove
1779 2335 1840 2363 9A

426 2405 623 2435 creature:
656 2398 723 2434 sed
750 2398 848 2435 sicut
875 2398 1048 2435 essencia
1073 2404 1200 2447 potest
1220 2398 1258 2434 in
1287 2398 1550 2435 accidentibus
1580 2398 1703 2447 magis
1730 2405 1764 2435 et
1780 2414 1821 2444 30

427 2470 552 2506 minus
574 2469 774 2518 suscipere,
798 2469 850 2505 sic
871 2468 918 2506 de
939 2468 1164 2506 accidentali
1178 2469 1344 2506 servicio.
1404 2468 1496 2505 Non
1512 2480 1605 2517 ergo
1618 2469 1765 2518 precise

427 2540 640 2577 secundum
660 2540 761 2576 idem
783 2551 1012 2588 permanens
1034 2539 1214 2576 continue
1235 2539 1436 2576 innovatur
1457 2539 1682 2585 dominium,
1699 2539 1766 2576 sed

428 2609 638 2647 secundum
661 2610 840 2647 accidens
861 2610 1097 2647 innovatum.
1155 2610 1205 2646 Et
1225 2610 1278 2646 sic
1304 2617 1382 2647 tam
1408 2610 1621 2647 dominium
1648 2622 1764 2659 quam

464 2705 486 2721 1.
507 2697 534 2721 et
552 2698 609 2728 per
631 2696 669 2721 B:
691 2698 747 2727 per
763 2695 828 2721 AC.
973 2705 996 2728 7.
1007 2695 1148 2727 fundant
1171 2695 1340 2727 Btfundat
1361 2694 1425 2721 AC.
1573 2704 1594 2727 9.
1617 2696 1764 2727 acquirit:

427 2731 541 2761 aquz'rz't
562 2730 594 2754 A.
652 2733 659 2758 Η
682 2730 845 2754 dominium
863 2729 884 2754 Β
900 2729 916 2754 f.
931 2738 978 2760 215
993 2737 1018 2754 D.
1193 2730 1232 2754 16.
1254 2730 1407 2761 sepositus:
1428 2728 1502 2760 „rofio”
1522 2728 1564 2754 A:
1593 2728 1677 2761 sapam
1698 2730 1764 2756 BC.

428 2773 466 2794 24.
488 2763 664 2789 conviventis
678 2763 700 2788 B
712 2763 734 2789 C
746 2770 751 2788 :
772 2763 964 2789 convenientis
979 2763 1012 2789 A.

529 2846 556 2866 2.
582 2836 622 2868 V.
640 2847 746 2877 supra,
764 2846 794 2876 17.
818 2845 866 2868 10.
1123 2845 1172 2865 22.
1200 2835 1299 2866 Aiist.
1322 2834 1417 2875 Phys.
1435 2846 1463 2865 v.
1485 2844 1498 2864 2
1519 2846 1548 2876 p.
1570 2834 1630 2865 226
1647 2845 1677 2865 a.
