2008 3305
167 217 212 248 21
224 205 246 245 8
849 214 913 246 DE
946 214 1164 248 DoMrmo
1196 214 1370 247 Drero
1571 202 1677 262 [CAP.
1700 216 1766 245 111.

163 334 383 401 ssffeissuffizitgnof
445 327 530 364 bilis
555 327 752 365 sentencia
770 326 961 365 Veritatis.
1019 327 1123 365 Nam
1143 329 1269 365 omnis
1299 334 1472 365 creatura
1492 326 1697 364 vindictam
1719 327 1771 364 sic
1787 332 1882 374 [75Β

163 404 226 461 311¹ss
229 401 402 467 ffgssiliffsin
441 397 700 446 presumptive
727 397 921 446 accipiens
940 398 1036 447 perit
1058 405 1218 447 peccato
1240 398 1416 446 superbie
1436 409 1503 446 per
1523 397 1693 445 gladium
1713 396 1771 433 vel

162 469 291 501 ofpride-
441 467 649 505 vindictam
670 468 837 516 supremi
857 468 1013 514 Iudicis,
1036 469 1097 506 cui
1127 468 1196 506 soli
1220 474 1347 517 potest
1377 467 1461 504 talis
1481 467 1661 515 accepcio
1681 478 1769 515 pro-

441 537 568 586 priari.
625 536 735 575 Talis
765 538 869 575 enim
899 544 1197 588 presumptuosa
1225 551 1269 576 ac
1300 538 1559 586 nuncupativa
1587 537 1770 585 accepcio

440 607 581 645 faceret
601 607 800 645 hominem
823 606 839 626 *
864 620 947 645 esse
968 608 1108 654 Deum,
1124 609 1155 646 si
1176 614 1390 646 remaneret
1410 620 1432 645 a
1451 608 1576 656 primo
1597 606 1770 644 Domino
1783 614 1811 644 c

161 696 183 714 c.
201 688 264 714 God
278 697 312 714 on
327 688 374 714 the
442 677 640 727 impunita.
711 677 816 715 Sicut
836 678 951 727 igitur
971 678 1074 715 nulla
1094 685 1267 716 creatura
1287 684 1414 727 potest
1429 678 1577 715 donum
1598 677 1769 726 accipere

162 722 330 781 ῗὲῗεθῖνὲξῃά
442 749 514 785 nisi
538 760 560 785 a
586 747 672 785 Deo
703 748 830 797 ipsum
854 749 1020 797 recipiat,
1043 749 1097 786 sic
1125 761 1205 786 non
1225 755 1351 798 potest
1380 748 1487 786 Deus
1508 760 1575 785 sue
1596 754 1769 785 creature

162 787 394 815 1.fromh1mse1f
440 818 588 855 donum
617 818 781 856 tribuere
808 819 880 856 nisi
910 832 957 856 ex
987 831 1091 856 mera
1121 819 1250 868 gracia
1278 818 1371 855 illud
1401 818 1599 855 donaverit
1623 825 1660 855 et
1681 831 1703 855 a
1730 830 1769 855 se

439 889 525 937 ipso
559 888 719 937 accipiat
753 889 871 927 modo
904 889 1017 928 dicto,
1093 889 1199 927 Deus
1233 890 1374 939 itaque,
1407 889 1503 926 sicut
1536 901 1614 926 una
1651 900 1770 926 manu

439 958 587 996 donum
611 971 723 996 suum
752 960 1050 997 misericorditer
1080 960 1341 997 communicat
1367 971 1477 997 servo
1507 971 1588 1005 suo,
1612 960 1666 996 sie
1695 959 1768 996 alia
1784 970 1824 992 10

437 1041 567 1075 manu,
600 1029 713 1067 simul
742 1036 915 1078 tempore
946 1030 1011 1067 sed
1041 1030 1229 1079 posterius
1259 1030 1417 1079 origine,
1448 1043 1470 1067 a
1500 1041 1568 1067 sua
1597 1035 1770 1067 creatura

160 1118 216 1156 {nd
440 1100 569 1149 ipsum
601 1100 774 1147 graciose
805 1100 944 1149 accipit
976 1107 1174 1149 tamquam
1204 1112 1328 1138 suum.
1386 1101 1436 1137 Et
1466 1100 1552 1138 dico
1584 1102 1767 1150 graciose,

160 1157 252 1210 liegldsft
266 1152 307 1177 for
319 1159 376 1183 any
440 1170 531 1219 quia
551 1182 631 1206 non
652 1169 700 1206 ad
721 1170 778 1207 sui
798 1171 997 1219 egenciam
1020 1171 1088 1208 sed
1109 1171 1158 1207 ad
1176 1170 1457 1208 fortificandum
1483 1178 1519 1208 et
1540 1172 1770 1208 continuan-

439 1241 532 1278 dum
552 1246 720 1277 creature
741 1252 806 1277 sue
827 1241 1115 1289 possessionem
1135 1248 1172 1278 et
1193 1241 1356 1287 titulum,
1378 1247 1415 1279 et
1435 1253 1503 1290 per
1523 1253 1769 1291 consequens

438 1311 617 1348 ordinem
643 1310 810 1348 universi
835 1322 903 1359 per
923 1311 1015 1348 doni
1038 1311 1094 1348 sui
1126 1312 1441 1360 acceptacionem
1470 1319 1507 1349 et
1531 1311 1767 1349 conservaci-
1784 1324 1822 1356 15

436 1393 564 1427 onem,
598 1382 664 1430 qui
700 1381 778 1419 duo
810 1388 918 1419 actus
953 1381 1027 1418 Dei
1062 1394 1141 1419 non
1180 1382 1466 1430 distinguuntur
1504 1389 1677 1431 tempore
1711 1383 1769 1420 vel

437 1458 585 1489 natura.
662 1451 890 1489 Notandum
924 1459 1054 1489 tamen
1087 1452 1193 1501 quod
1227 1459 1381 1502 oportet
1415 1453 1520 1502 prius
1557 1453 1770 1502 quamlibet

437 1522 649 1560 Personam
680 1523 847 1560 divinam
878 1523 1057 1571 recipere,
1091 1522 1248 1569 donare,
1280 1530 1317 1560 et
1351 1524 1524 1572 accipere
1559 1523 1769 1573 quamlibet

438 1599 654 1631 creaturam
684 1600 892 1643 antequam
921 1606 991 1642 per
1020 1593 1181 1630 modum
1212 1594 1343 1631 donati
1377 1594 1436 1631 vel
1467 1594 1613 1643 accepti
1644 1594 1768 1643 ipsam

437 1664 698 1702 communicet
727 1670 910 1702 creature.
968 1663 1060 1701 Non
1084 1663 1186 1700 enim
1214 1670 1365 1712 oportet
1388 1664 1501 1702 istam
1532 1665 1768 1702 sentenciam
1785 1677 1824 1699 20

438 1734 672 1783 argumentis
692 1734 880 1783 detegere,
901 1746 991 1771 cum
1012 1733 1127 1782 plane
1148 1734 1318 1782 sequitur
1338 1746 1385 1771 ex
1406 1734 1599 1783 predictis.

160 1836 182 1852 2.
206 1826 249 1858 By
261 1826 330 1852 such
343 1835 383 1852 re.
496 1805 572 1842 Sed
591 1805 737 1842 videtur
756 1817 804 1841 ex
824 1804 1119 1842 condicionibus
1145 1804 1257 1841 huius
1284 1804 1403 1854 Regis
1426 1808 1434 1823 ‘
1451 1805 1558 1854 quod
1583 1804 1768 1842 continue

158 1860 348 1919 {Zkvgiiigegssd
440 1878 449 1894 ‘
464 1888 511 1913 ex
525 1876 760 1924 accepcione
777 1875 823 1912 sit
839 1874 950 1911 ditior
966 1887 976 1920 ,·
1007 1886 1099 1911 nam
1113 1875 1296 1912 continue
1311 1875 1527 1912 secundum
1543 1887 1769 1924 processum

159 1926 259 1952 richer.

440 1945 647 1994 ‘temporis
662 1945 797 1994 accipit
817 1945 1003 1994 producta
1016 1951 1053 1982 et
1068 1945 1282 1993 specialiter
1298 1945 1445 1982 animas
1458 1945 1703 1983 intellectivas
1719 1945 1768 1983 ad

441 2019 450 2034 ‘
464 2016 744 2065 perfeccionem
762 2016 952 2063 integram
974 2015 1031 2052 sui
1052 2015 1170 2063 regni,
1187 2021 1224 2051 et
1239 2027 1319 2052 non
1335 2027 1382 2051 ex
1400 2015 1472 2052 alia
1492 2015 1607 2053 latere
1620 2022 1767 2053 tantum
1785 2027 1822 2059 25

440 2090 449 2107 ‘
463 2087 586 2136 perdit
592 2099 602 2132 ;
625 2098 718 2134 ergo
732 2084 952 2123 conclusio.'
982 2085 1060 2122 Hic
1073 2085 1220 2122 videtur
1233 2085 1349 2123 michi
1362 2086 1468 2134 quod
1484 2086 1769 2135 consequencia

439 2169 520 2194 non
540 2157 649 2203 valet,
671 2168 760 2194 cum
781 2155 1013 2193 antecedens
1042 2155 1089 2192 sit
1109 2168 1240 2192 verum
1260 2162 1297 2193 et
1319 2154 1337 2175 *
1360 2168 1604 2205 consequens
1624 2157 1767 2205 impos—
1782 2161 1814 2189 D

440 2227 559 2265 sibile.
626 2226 734 2264 Deus
781 2227 886 2263 enirn
934 2226 1147 2263 secundum
1195 2225 1379 2263 unionem
1426 2225 1671 2263 humanitatis
1718 2226 1768 2263 ad

441 2298 622 2335 deitatem
653 2304 710 2334 est
737 2298 841 2334 homo
870 2297 1001 2334 nobilis
1023 2296 1149 2333 abiens
1174 2295 1387 2333 humilitate
1416 2296 1698 2333 incarnacionis
1729 2297 1768 2332 z'n

441 2369 620 2417 regionem
651 2367 897 2404 sublunarem
920 2368 1159 2415 longinquam
1189 2379 1211 2404 a
1239 2366 1323 2403 celo
1352 2365 1533 2410 celorum,
1554 2365 1658 2415 quod
1688 2378 1768 2403 non
1783 2376 1824 2407 30

441 2444 566 2487 potest
581 2438 795 2486 relinquere
815 2436 1007 2474 abeundo.
1037 2436 1142 2473 Abiit
1158 2435 1314 2484 quidem
1330 2437 1491 2484 acm-'pere
1510 2436 1586 2473 sibi
1601 2448 1769 2484 regnum,

441 2508 788 2558 predestinatorum
819 2518 1034 2551 numerum,
1066 2511 1100 2543 el
1130 2507 1269 2543 reverti
1302 2512 1387 2555 post
1425 2506 1770 2543 consumacionem

442 2579 554 2615 huius
574 2578 683 2627 regni
704 2578 743 2614 in
764 2577 976 2626 quantitate
997 2583 1033 2613 et
1054 2576 1246 2625 qualitate,
1267 2576 1371 2625 quod
1401 2577 1471 2614 erit
1491 2576 1529 2612 in
1550 2576 1610 2614 die
1630 2577 1768 2621 iudicii,

443 2649 540 2686 sicut
574 2648 666 2686 Luc.
694 2648 769 2685 xix.
804 2660 862 2692 12,
892 2647 1015 2684 innuit
1046 2647 1231 2696 parabola
1265 2646 1479 2684 Salvatoris,
1537 2646 1610 2684 Cui
1640 2648 1768 2684 sensui

478 2782 502 2797 2.
516 2773 613 2804 perit:
628 2772 677 2804 ¹Ait
692 2772 712 2797 B
722 2772 754 2802 C,
766 2772 851 2803 parit
864 2772 896 2796 A.
929 2773 1046 2803 peccato
1061 2771 1098 2796 B:
1115 2772 1235 2802 peccata
1249 2770 1272 2796 A
1284 2770 1315 2796 C.
1454 2772 1478 2796 6.
1499 2770 1574 2796 sicut
1589 2770 1627 2796 B:
1648 2771 1688 2797 sic
1700 2771 1725 2796 A
1735 2771 1766 2797 C.

447 2815 484 2837 15.
506 2808 632 2838 acceptae
638 2807 728 2832 ionem
744 2806 765 2831 B
778 2812 783 2831 Ζ
803 2806 993 2837 accepcionem
1006 2805 1031 2829 A
1040 2804 1071 2830 C.
