<?xml version="1.0" encoding="UTF-8"?>
<!DOCTYPE html PUBLIC "-//W3C//DTD XHTML 1.0 Transitional//EN"
    "http://www.w3.org/TR/xhtml1/DTD/xhtml1-transitional.dtd">
<html xmlns="http://www.w3.org/1999/xhtml" xml:lang="en" lang="en">
 <head>
  <title>
</title>
<meta http-equiv="Content-Type" content="text/html;charset=utf-8" />
  <meta name='ocr-system' content='tesseract 3.04.00' />
  <meta name='ocr-capabilities' content='ocr_page ocr_carea ocr_par ocr_line ocrx_word'/>
</head>
<body>
  <div class='ocr_page' id='page_1' title='image "./dedominiodivinol00wycl_0109.png"; bbox 0 0 2008 3305; ppageno 0'>
   <div class='ocr_carea' id='block_1_1' title="bbox 196 186 1047 244">
    <p class='ocr_par' dir='ltr' id='par_1_1' title="bbox 196 186 1047 244">
     <span class='ocr_line' id='line_1_1' title="bbox 196 186 1047 244; baseline -0.004 -15"><span class='ocrx_word' id='word_1_1' title='bbox 196 202 282 230; x_wconf 81' lang='lat' dir='ltr'>cAP.</span> <span class='ocrx_word' id='word_1_2' title='bbox 298 186 410 244; x_wconf 83' lang='lat' dir='ltr'>vr11.]</span> <span class='ocrx_word' id='word_1_3' title='bbox 675 197 819 228; x_wconf 81' lang='lat' dir='ltr'>LIBER</span> <span class='ocrx_word' id='word_1_4' title='bbox 851 195 1047 227; x_wconf 83' lang='lat' dir='ltr'><strong>PRIMUS.</strong></span> 
     </span>
    </p>
   </div>
   <div class='ocr_carea' id='block_1_2' title="bbox 88 309 1527 2547">
    <p class='ocr_par' dir='ltr' id='par_1_2' title="bbox 88 309 1523 570">
     <span class='ocr_line' id='line_1_2' title="bbox 88 309 1522 364; baseline -0.005 -10"><span class='ocrx_word' id='word_1_5' title='bbox 88 322 175 364; x_wconf 79' lang='lat'>170]</span> <span class='ocrx_word' id='word_1_6' title='bbox 191 327 237 352; x_wconf 89' lang='lat' dir='ltr'>eo</span> <span class='ocrx_word' id='word_1_7' title='bbox 259 315 343 363; x_wconf 93' lang='lat' dir='ltr'>ipso</span> <span class='ocrx_word' id='word_1_8' title='bbox 372 313 482 351; x_wconf 89' lang='lat' dir='ltr'>fuerit</span> <span class='ocrx_word' id='word_1_9' title='bbox 503 313 684 351; x_wconf 90' lang='lat' dir='ltr'>dominus</span> <span class='ocrx_word' id='word_1_10' title='bbox 716 313 992 361; x_wconf 84' lang='lat' dir='ltr'>cuiuscumque</span> <span class='ocrx_word' id='word_1_11' title='bbox 1024 311 1104 348; x_wconf 89' lang='lat' dir='ltr'>eius</span> <span class='ocrx_word' id='word_1_12' title='bbox 1134 310 1328 347; x_wconf 84' lang='lat' dir='ltr'>individui.</span> <span class='ocrx_word' id='word_1_13' title='bbox 1387 309 1522 348; x_wconf 86' lang='lat' dir='ltr'>Homo</span> 
     </span>
     <span class='ocr_line' id='line_1_3' title="bbox 191 380 1523 432; baseline -0.005 -10"><span class='ocrx_word' id='word_1_14' title='bbox 191 391 320 423; x_wconf 85' lang='lat' dir='ltr'>autem</span> <span class='ocrx_word' id='word_1_15' title='bbox 353 391 410 422; x_wconf 88' lang='lat' dir='ltr'>est</span> <span class='ocrx_word' id='word_1_16' title='bbox 444 384 624 421; x_wconf 91' lang='lat' dir='ltr'>dominus</span> <span class='ocrx_word' id='word_1_17' title='bbox 653 383 830 432; x_wconf 89' lang='lat' dir='ltr'>parcialis</span> <span class='ocrx_word' id='word_1_18' title='bbox 859 383 971 419; x_wconf 90' lang='lat' dir='ltr'>unius</span> <span class='ocrx_word' id='word_1_19' title='bbox 1000 381 1209 418; x_wconf 84' lang='lat' dir='ltr'>accidentis</span> <span class='ocrx_word' id='word_1_20' title='bbox 1238 380 1296 417; x_wconf 90' lang='lat' dir='ltr'>vel</span> <span class='ocrx_word' id='word_1_21' title='bbox 1325 382 1523 430; x_wconf 85' lang='lat' dir='ltr'>aggregati</span> 
     </span>
     <span class='ocr_line' id='line_1_4' title="bbox 190 450 1523 505; baseline -0.005 -12"><span class='ocrx_word' id='word_1_22' title='bbox 190 468 257 505; x_wconf 92' lang='lat' dir='ltr'>per</span> <span class='ocrx_word' id='word_1_23' title='bbox 286 455 466 493; x_wconf 87' lang='lat' dir='ltr'>accidens</span> <span class='ocrx_word' id='word_1_24' title='bbox 496 454 622 503; x_wconf 91' lang='lat' dir='ltr'>specie</span> <span class='ocrx_word' id='word_1_25' title='bbox 652 453 881 499; x_wconf 78' lang='lat' dir='ltr'>striccioris3</span> <span class='ocrx_word' id='word_1_26' title='bbox 911 459 952 489; x_wconf 92' lang='lat' dir='ltr'>ut</span> <span class='ocrx_word' id='word_1_27' title='bbox 981 451 1101 489; x_wconf 89' lang='lat' dir='ltr'>horno</span> <span class='ocrx_word' id='word_1_28' title='bbox 1131 463 1210 488; x_wconf 91' lang='lat' dir='ltr'>non</span> <span class='ocrx_word' id='word_1_29' title='bbox 1241 463 1288 487; x_wconf 86' lang='lat' dir='ltr'>ex</span> <span class='ocrx_word' id='word_1_30' title='bbox 1318 450 1392 488; x_wconf 92' lang='lat' dir='ltr'>hoc</span> <span class='ocrx_word' id='word_1_31' title='bbox 1417 451 1523 500; x_wconf 88' lang='lat' dir='ltr'>quod</span> 
     </span>
     <span class='ocr_line' id='line_1_5' title="bbox 190 521 1523 570; baseline -0.004 -8"><span class='ocrx_word' id='word_1_32' title='bbox 190 526 408 563; x_wconf 81' lang='lat' dir='ltr'>dominatur</span> <span class='ocrx_word' id='word_1_33' title='bbox 437 525 585 562; x_wconf 89' lang='lat' dir='ltr'>homini</span> <span class='ocrx_word' id='word_1_34' title='bbox 621 523 840 561; x_wconf 84' lang='lat' dir='ltr'>dominatur</span> <span class='ocrx_word' id='word_1_35' title='bbox 877 522 1032 560; x_wconf 87' lang='lat' dir='ltr'>cuilibet</span> <span class='ocrx_word' id='word_1_36' title='bbox 1067 521 1251 558; x_wconf 90' lang='lat' dir='ltr'>individui</span> <span class='ocrx_word' id='word_1_37' title='bbox 1284 521 1437 570; x_wconf 85' lang='lat' dir='ltr'>speciei,</span> <span class='ocrx_word' id='word_1_38' title='bbox 1455 521 1523 558; x_wconf 91' lang='lat' dir='ltr'>sed</span> 
     </span>
    </p>

    <p class='ocr_par' dir='ltr' id='par_1_3' title="bbox 136 593 1527 2407">
     <span class='ocr_line' id='line_1_6' title="bbox 158 593 1523 644; baseline -0.004 -11"><span class='ocrx_word' id='word_1_39' title='bbox 158 596 282 640; x_wconf 85' lang='lat' dir='ltr'>5satis</span> <span class='ocrx_word' id='word_1_40' title='bbox 312 602 369 633; x_wconf 88' lang='lat' dir='ltr'>est</span> <span class='ocrx_word' id='word_1_41' title='bbox 398 595 501 644; x_wconf 92' lang='lat' dir='ltr'>quod</span> <span class='ocrx_word' id='word_1_42' title='bbox 532 594 644 632; x_wconf 84' lang='lat' dir='ltr'>alicui</span> <span class='ocrx_word' id='word_1_43' title='bbox 675 593 872 631; x_wconf 89' lang='lat' dir='ltr'>individuo</span> <span class='ocrx_word' id='word_1_44' title='bbox 906 593 965 630; x_wconf 90' lang='lat' dir='ltr'>vel</span> <span class='ocrx_word' id='word_1_45' title='bbox 999 597 1283 640; x_wconf 82' lang='lat' dir='ltr'>consequenter</span> <span class='ocrx_word' id='word_1_46' title='bbox 1314 603 1423 628; x_wconf 88' lang='lat' dir='ltr'>servo</span> <span class='ocrx_word' id='word_1_47' title='bbox 1454 603 1523 628; x_wconf 91' lang='lat' dir='ltr'>suo</span> 
     </span>
     <span class='ocr_line' id='line_1_7' title="bbox 189 661 1524 713; baseline -0.005 -9"><span class='ocrx_word' id='word_1_48' title='bbox 189 666 415 704; x_wconf 86' lang='lat' dir='ltr'>dominetur.</span> <span class='ocrx_word' id='word_1_49' title='bbox 472 664 601 703; x_wconf 87' lang='lat' dir='ltr'>Credo</span> <span class='ocrx_word' id='word_1_50' title='bbox 635 671 766 701; x_wconf 88' lang='lat' dir='ltr'>tamen</span> <span class='ocrx_word' id='word_1_51' title='bbox 801 664 908 713; x_wconf 90' lang='lat' dir='ltr'>quod</span> <span class='ocrx_word' id='word_1_52' title='bbox 941 675 1058 700; x_wconf 90' lang='lat' dir='ltr'>nemo</span> <span class='ocrx_word' id='word_1_53' title='bbox 1093 674 1181 699; x_wconf 90' lang='lat' dir='ltr'>vere</span> <span class='ocrx_word' id='word_1_54' title='bbox 1226 661 1449 698; x_wconf 81' lang='lat' dir='ltr'>dominatur</span> <span class='ocrx_word' id='word_1_55' title='bbox 1487 667 1524 698; x_wconf 88' lang='lat' dir='ltr'>et</span> 
     </span>
     <span class='ocr_line' id='line_1_8' title="bbox 187 731 1522 785; baseline -0.004 -12"><span class='ocrx_word' id='word_1_56' title='bbox 187 735 418 784; x_wconf 87' lang='lat' dir='ltr'>ewangelice</span> <span class='ocrx_word' id='word_1_57' title='bbox 448 736 590 785; x_wconf 86' lang='lat' dir='ltr'>speciei</span> <span class='ocrx_word' id='word_1_58' title='bbox 623 735 695 772; x_wconf 89' lang='lat' dir='ltr'>nisi</span> <span class='ocrx_word' id='word_1_59' title='bbox 718 734 926 782; x_wconf 88' lang='lat' dir='ltr'>unicuique</span> <span class='ocrx_word' id='word_1_60' title='bbox 960 733 1039 772; x_wconf 82' lang='lat' dir='ltr'>eius</span> <span class='ocrx_word' id='word_1_61' title='bbox 1067 732 1263 771; x_wconf 88' lang='lat' dir='ltr'>individuo</span> <span class='ocrx_word' id='word_1_62' title='bbox 1294 731 1522 770; x_wconf 86' lang='lat' dir='ltr'>dominetur.</span> 
     </span>
     <span class='ocr_line' id='line_1_9' title="bbox 191 802 1522 853; baseline -0.003 -10"><span class='ocrx_word' id='word_1_63' title='bbox 191 806 253 843; x_wconf 86' lang='lat' dir='ltr'>Sic</span> <span class='ocrx_word' id='word_1_64' title='bbox 274 807 378 844; x_wconf 89' lang='lat' dir='ltr'>enim</span> <span class='ocrx_word' id='word_1_65' title='bbox 398 806 517 844; x_wconf 91' lang='lat' dir='ltr'>homo</span> <span class='ocrx_word' id='word_1_66' title='bbox 538 806 751 843; x_wconf 88' lang='lat' dir='ltr'>secundum</span> <span class='ocrx_word' id='word_1_67' title='bbox 772 805 942 843; x_wconf 85' lang='lat' dir='ltr'>animam</span> <span class='ocrx_word' id='word_1_68' title='bbox 964 804 1034 841; x_wconf 93' lang='lat' dir='ltr'>sibi</span> <span class='ocrx_word' id='word_1_69' title='bbox 1054 803 1127 853; x_wconf 87' lang='lat' dir='ltr'>ipsi</span> <span class='ocrx_word' id='word_1_70' title='bbox 1146 802 1359 840; x_wconf 87' lang='lat' dir='ltr'>secundum</span> <span class='ocrx_word' id='word_1_71' title='bbox 1380 814 1522 852; x_wconf 89' lang='lat' dir='ltr'>corpus</span> 
     </span>
     <span class='ocr_line' id='line_1_10' title="bbox 189 873 1522 925; baseline -0.003 -11"><span class='ocrx_word' id='word_1_72' title='bbox 189 877 371 925; x_wconf 84' lang='lat' dir='ltr'>disposite</span> <span class='ocrx_word' id='word_1_73' title='bbox 401 877 629 914; x_wconf 81' lang='lat' dir='ltr'>dominatur.</span> <span class='ocrx_word' id='word_1_74' title='bbox 699 875 814 920; x_wconf 83' lang='lat' dir='ltr'>Ymo,</span> <span class='ocrx_word' id='word_1_75' title='bbox 848 887 938 915; x_wconf 87' lang='lat' dir='ltr'>cum</span> <span class='ocrx_word' id='word_1_76' title='bbox 970 875 1075 912; x_wconf 90' lang='lat' dir='ltr'>idem</span> <span class='ocrx_word' id='word_1_77' title='bbox 1115 874 1268 922; x_wconf 87' lang='lat' dir='ltr'>spiritus</span> <span class='ocrx_word' id='word_1_78' title='bbox 1307 873 1522 913; x_wconf 86' lang='lat' dir='ltr'>ministrare</span> 
     </span>
     <span class='ocr_line' id='line_1_11' title="bbox 138 944 1522 996; baseline -0.004 -10"><span class='ocrx_word' id='word_1_79' title='bbox 138 964 177 986; x_wconf 87' lang='lat'>10</span> <span class='ocrx_word' id='word_1_80' title='bbox 189 947 328 996; x_wconf 86' lang='lat' dir='ltr'>poterit</span> <span class='ocrx_word' id='word_1_81' title='bbox 357 947 430 984; x_wconf 89' lang='lat' dir='ltr'>sibi</span> <span class='ocrx_word' id='word_1_82' title='bbox 454 947 539 996; x_wconf 90' lang='lat' dir='ltr'>ipsi,</span> <span class='ocrx_word' id='word_1_83' title='bbox 562 959 641 985; x_wconf 91' lang='lat' dir='ltr'>non</span> <span class='ocrx_word' id='word_1_84' title='bbox 671 947 783 984; x_wconf 88' lang='lat' dir='ltr'>obest</span> <span class='ocrx_word' id='word_1_85' title='bbox 803 945 907 994; x_wconf 90' lang='lat' dir='ltr'>quod</span> <span class='ocrx_word' id='word_1_86' title='bbox 937 945 984 982; x_wconf 88' lang='lat' dir='ltr'>sit</span> <span class='ocrx_word' id='word_1_87' title='bbox 1013 944 1085 982; x_wconf 89' lang='lat' dir='ltr'>sibi</span> <span class='ocrx_word' id='word_1_88' title='bbox 1116 944 1296 982; x_wconf 89' lang='lat' dir='ltr'>dominus</span> <span class='ocrx_word' id='word_1_89' title='bbox 1325 950 1362 980; x_wconf 91' lang='lat' dir='ltr'>et</span> <span class='ocrx_word' id='word_1_90' title='bbox 1392 955 1522 981; x_wconf 85' lang='lat' dir='ltr'>servus</span> 
     </span>
     <span class='ocr_line' id='line_1_12' title="bbox 189 1015 1521 1066; baseline -0.003 -11"><span class='ocrx_word' id='word_1_91' title='bbox 189 1018 402 1055; x_wconf 89' lang='lat' dir='ltr'>secundum</span> <span class='ocrx_word' id='word_1_92' title='bbox 440 1017 610 1066; x_wconf 86' lang='lat' dir='ltr'>dispares</span> <span class='ocrx_word' id='word_1_93' title='bbox 649 1017 850 1062; x_wconf 86' lang='lat' dir='ltr'>raciones;</span> <span class='ocrx_word' id='word_1_94' title='bbox 908 1015 1086 1053; x_wconf 89' lang='lat' dir='ltr'>Christus</span> <span class='ocrx_word' id='word_1_95' title='bbox 1134 1021 1261 1051; x_wconf 83' lang='lat' dir='ltr'>autem</span> <span class='ocrx_word' id='word_1_96' title='bbox 1310 1015 1521 1052; x_wconf 89' lang='lat' dir='ltr'>secundum</span> 
     </span>
     <span class='ocr_line' id='line_1_13' title="bbox 188 1084 1523 1136; baseline -0.002 -11"><span class='ocrx_word' id='word_1_97' title='bbox 188 1088 388 1125; x_wconf 87' lang='lat' dir='ltr'>hominem</span> <span class='ocrx_word' id='word_1_98' title='bbox 413 1094 655 1136; x_wconf 88' lang='lat' dir='ltr'>assumptum</span> <span class='ocrx_word' id='word_1_99' title='bbox 681 1094 738 1125; x_wconf 86' lang='lat' dir='ltr'>est</span> <span class='ocrx_word' id='word_1_100' title='bbox 764 1098 894 1124; x_wconf 87' lang='lat' dir='ltr'>servus</span> <span class='ocrx_word' id='word_1_101' title='bbox 923 1097 1144 1130; x_wconf 88' lang='lat' dir='ltr'>servorum;</span> <span class='ocrx_word' id='word_1_102' title='bbox 1176 1091 1213 1122; x_wconf 88' lang='lat' dir='ltr'>et</span> <span class='ocrx_word' id='word_1_103' title='bbox 1240 1085 1326 1122; x_wconf 86' lang='lat' dir='ltr'>iusti</span> <span class='ocrx_word' id='word_1_104' title='bbox 1351 1084 1408 1135; x_wconf 89' lang='lat' dir='ltr'>(ut</span> <span class='ocrx_word' id='word_1_105' title='bbox 1434 1092 1523 1133; x_wconf 88' lang='lat' dir='ltr'>post</span> 
     </span>
     <span class='ocr_line' id='line_1_14' title="bbox 189 1156 1522 1206; baseline -0.003 -10"><span class='ocrx_word' id='word_1_106' title='bbox 189 1159 350 1206; x_wconf 90' lang='lat' dir='ltr'>dicetur)</span> <span class='ocrx_word' id='word_1_107' title='bbox 381 1165 468 1195; x_wconf 91' lang='lat' dir='ltr'>sunt</span> <span class='ocrx_word' id='word_1_108' title='bbox 502 1158 646 1196; x_wconf 88' lang='lat' dir='ltr'>omnia.</span> <span class='ocrx_word' id='word_1_109' title='bbox 703 1157 933 1195; x_wconf 89' lang='lat' dir='ltr'>Dominium</span> <span class='ocrx_word' id='word_1_110' title='bbox 959 1168 1054 1206; x_wconf 85' lang='lat' dir='ltr'>ergo</span> <span class='ocrx_word' id='word_1_111' title='bbox 1084 1156 1172 1193; x_wconf 91' lang='lat' dir='ltr'>iusti</span> <span class='ocrx_word' id='word_1_112' title='bbox 1204 1167 1318 1205; x_wconf 88' lang='lat' dir='ltr'>super</span> <span class='ocrx_word' id='word_1_113' title='bbox 1351 1156 1522 1204; x_wconf 89' lang='lat' dir='ltr'>speciem</span> 
     </span>
     <span class='ocr_line' id='line_1_15' title="bbox 188 1226 1521 1277; baseline -0.002 -11"><span class='ocrx_word' id='word_1_114' title='bbox 188 1235 356 1274; x_wconf 87' lang='lat' dir='ltr'>monete,</span> <span class='ocrx_word' id='word_1_115' title='bbox 378 1229 486 1274; x_wconf 88' lang='lat' dir='ltr'>asini,</span> <span class='ocrx_word' id='word_1_116' title='bbox 501 1229 580 1266; x_wconf 91' lang='lat' dir='ltr'>sive</span> <span class='ocrx_word' id='word_1_117' title='bbox 600 1229 689 1277; x_wconf 88' lang='lat' dir='ltr'>equi</span> <span class='ocrx_word' id='word_1_118' title='bbox 710 1235 767 1266; x_wconf 89' lang='lat' dir='ltr'>est</span> <span class='ocrx_word' id='word_1_119' title='bbox 788 1227 1004 1265; x_wconf 92' lang='lat' dir='ltr'>dominium</span> <span class='ocrx_word' id='word_1_120' title='bbox 1025 1239 1141 1275; x_wconf 89' lang='lat' dir='ltr'>super</span> <span class='ocrx_word' id='word_1_121' title='bbox 1155 1226 1417 1275; x_wconf 84' lang='lat' dir='ltr'>quodcunque</span> <span class='ocrx_word' id='word_1_122' title='bbox 1439 1226 1521 1264; x_wconf 83' lang='lat' dir='ltr'>eius</span> 
     </span>
     <span class='ocr_line' id='line_1_16' title="bbox 137 1296 1521 1348; baseline -0.003 -12"><span class='ocrx_word' id='word_1_123' title='bbox 137 1316 173 1346; x_wconf 81' lang='lat'>15</span> <span class='ocrx_word' id='word_1_124' title='bbox 188 1299 436 1345; x_wconf 85' lang='lat' dir='ltr'>individuum,</span> <span class='ocrx_word' id='word_1_125' title='bbox 457 1311 548 1336; x_wconf 89' lang='lat' dir='ltr'>cum</span> <span class='ocrx_word' id='word_1_126' title='bbox 568 1299 717 1348; x_wconf 84' lang='lat' dir='ltr'>species</span> <span class='ocrx_word' id='word_1_127' title='bbox 743 1299 789 1335; x_wconf 89' lang='lat' dir='ltr'>sit</span> <span class='ocrx_word' id='word_1_128' title='bbox 812 1298 1012 1347; x_wconf 89' lang='lat' dir='ltr'>quodlibet</span> <span class='ocrx_word' id='word_1_129' title='bbox 1032 1297 1236 1346; x_wconf 83' lang='lat' dir='ltr'>singulare.</span> <span class='ocrx_word' id='word_1_130' title='bbox 1295 1296 1347 1333; x_wconf 85' lang='lat' dir='ltr'>Et</span> <span class='ocrx_word' id='word_1_131' title='bbox 1373 1296 1424 1332; x_wconf 91' lang='lat' dir='ltr'>illi</span> <span class='ocrx_word' id='word_1_132' title='bbox 1452 1296 1521 1333; x_wconf 65' lang='lat' dir='ltr'>do—</span> 
     </span>
     <span class='ocr_line' id='line_1_17' title="bbox 142 1367 1522 1420; baseline -0.004 -12"><span class='ocrx_word' id='word_1_133' title='bbox 142 1381 174 1409; x_wconf 89' lang='lat' dir='ltr'>D</span> <span class='ocrx_word' id='word_1_134' title='bbox 191 1368 209 1388; x_wconf 86' lang='lat'><strong><em>*</em></strong></span> <span class='ocrx_word' id='word_1_135' title='bbox 225 1371 343 1408; x_wconf 89' lang='lat' dir='ltr'>minio</span> <span class='ocrx_word' id='word_1_136' title='bbox 373 1370 647 1420; x_wconf 88' lang='lat' dir='ltr'>correspondet</span> <span class='ocrx_word' id='word_1_137' title='bbox 666 1368 877 1406; x_wconf 84' lang='lat' dir='ltr'>universale</span> <span class='ocrx_word' id='word_1_138' title='bbox 898 1368 1099 1406; x_wconf 85' lang='lat' dir='ltr'>servicium</span> <span class='ocrx_word' id='word_1_139' title='bbox 1127 1368 1233 1416; x_wconf 89' lang='lat' dir='ltr'>quod</span> <span class='ocrx_word' id='word_1_140' title='bbox 1257 1367 1522 1405; x_wconf 84' lang='lat' dir='ltr'>communica-</span> 
     </span>
     <span class='ocr_line' id='line_1_18' title="bbox 190 1437 1522 1490; baseline -0.002 -12"><span class='ocrx_word' id='word_1_141' title='bbox 190 1441 302 1478; x_wconf 90' lang='lat' dir='ltr'>cione</span> <span class='ocrx_word' id='word_1_142' title='bbox 336 1440 476 1490; x_wconf 85' lang='lat' dir='ltr'>speciei</span> <span class='ocrx_word' id='word_1_143' title='bbox 511 1445 569 1478; x_wconf 88' lang='lat' dir='ltr'>est</span> <span class='ocrx_word' id='word_1_144' title='bbox 601 1439 803 1479; x_wconf 87' lang='lat' dir='ltr'>servicium</span> <span class='ocrx_word' id='word_1_145' title='bbox 844 1438 1042 1476; x_wconf 89' lang='lat' dir='ltr'>cuiuslibet</span> <span class='ocrx_word' id='word_1_146' title='bbox 1073 1438 1287 1487; x_wconf 87' lang='lat' dir='ltr'>singularis.</span> <span class='ocrx_word' id='word_1_147' title='bbox 1362 1437 1413 1475; x_wconf 89' lang='lat' dir='ltr'>Et</span> <span class='ocrx_word' id='word_1_148' title='bbox 1447 1437 1522 1475; x_wconf 88' lang='lat' dir='ltr'>hoc</span> 
     </span>
     <span class='ocr_line' id='line_1_19' title="bbox 187 1507 1522 1560; baseline -0.003 -12"><span class='ocrx_word' id='word_1_149' title='bbox 187 1511 301 1560; x_wconf 87' lang='lat' dir='ltr'>plane</span> <span class='ocrx_word' id='word_1_150' title='bbox 330 1517 488 1548; x_wconf 84' lang='lat' dir='ltr'>testatur</span> <span class='ocrx_word' id='word_1_151' title='bbox 515 1510 713 1559; x_wconf 86' lang='lat' dir='ltr'>apostolus</span> <span class='ocrx_word' id='word_1_152' title='bbox 738 1510 777 1546; x_wconf 91' lang='lat' dir='ltr'>in</span> <span class='ocrx_word' id='word_1_153' title='bbox 809 1521 823 1546; x_wconf 94' lang='lat'>1</span> <span class='ocrx_word' id='word_1_154' title='bbox 851 1508 938 1546; x_wconf 94' lang='lat' dir='ltr'>Cor.</span> <span class='ocrx_word' id='word_1_155' title='bbox 960 1509 1009 1546; x_wconf 90' lang='lat' dir='ltr'>iii.</span> <span class='ocrx_word' id='word_1_156' title='bbox 1041 1521 1101 1554; x_wconf 86' lang='lat'>22,</span> <span class='ocrx_word' id='word_1_157' title='bbox 1127 1522 1186 1557; x_wconf 83' lang='lat'>23,</span> <span class='ocrx_word' id='word_1_158' title='bbox 1216 1509 1263 1546; x_wconf 88' lang='lat' dir='ltr'>de</span> <span class='ocrx_word' id='word_1_159' title='bbox 1293 1509 1399 1548; x_wconf 87' lang='lat' dir='ltr'>iustis</span> <span class='ocrx_word' id='word_1_160' title='bbox 1423 1507 1522 1554; x_wconf 78' lang='lat' dir='ltr'>Dei,-</span> 
     </span>
     <span class='ocr_line' id='line_1_20' title="bbox 192 1578 1522 1629; baseline -0.002 -11"><span class='ocrx_word' id='word_1_161' title='bbox 192 1580 338 1627; x_wconf 78' lang='lat' dir='ltr'>Omnia,</span> <span class='ocrx_word' id='word_1_162' title='bbox 354 1581 486 1629; x_wconf 88' lang='lat' dir='ltr'>inquit,</span> <span class='ocrx_word' id='word_1_163' title='bbox 509 1585 630 1619; x_wconf 82' lang='lat' dir='ltr'>vestra</span> <span class='ocrx_word' id='word_1_164' title='bbox 649 1585 761 1619; x_wconf 79' lang='lat' dir='ltr'><em>sunt:</em></span> <span class='ocrx_word' id='word_1_165' title='bbox 789 1586 826 1617; x_wconf 89' lang='lat' dir='ltr'>et</span> <span class='ocrx_word' id='word_1_166' title='bbox 855 1579 1051 1628; x_wconf 90' lang='lat' dir='ltr'>specificat</span> <span class='ocrx_word' id='word_1_167' title='bbox 1081 1580 1315 1628; x_wconf 80' lang='lat' dir='ltr'>singularia3</span> <span class='ocrx_word' id='word_1_168' title='bbox 1347 1578 1445 1624; x_wconf 83' lang='lat' dir='ltr'>Szve,</span> <span class='ocrx_word' id='word_1_169' title='bbox 1465 1579 1522 1614; x_wconf 93' lang='lat' dir='ltr'>in-</span> 
     </span>
     <span class='ocr_line' id='line_1_21' title="bbox 136 1649 1521 1701; baseline -0.003 -11"><span class='ocrx_word' id='word_1_170' title='bbox 136 1668 176 1690; x_wconf 87' lang='lat'>20</span> <span class='ocrx_word' id='word_1_171' title='bbox 189 1652 279 1701; x_wconf 86' lang='lat' dir='ltr'>quit,</span> <span class='ocrx_word' id='word_1_172' title='bbox 300 1651 462 1696; x_wconf 76' lang='lat' dir='ltr'>Paulus,</span> <span class='ocrx_word' id='word_1_173' title='bbox 482 1652 559 1688; x_wconf 85' lang='lat' dir='ltr'>sive</span> <span class='ocrx_word' id='word_1_174' title='bbox 577 1651 722 1700; x_wconf 80' lang='lat' dir='ltr'>Apollo,</span> <span class='ocrx_word' id='word_1_175' title='bbox 742 1651 819 1687; x_wconf 86' lang='lat' dir='ltr'>sive</span> <span class='ocrx_word' id='word_1_176' title='bbox 848 1649 1002 1698; x_wconf 65' lang='lat' dir='ltr'>Cephas,</span> <span class='ocrx_word' id='word_1_177' title='bbox 1024 1652 1101 1687; x_wconf 81' lang='lat' dir='ltr'>sive</span> <span class='ocrx_word' id='word_1_178' title='bbox 1129 1651 1297 1697; x_wconf 84' lang='lat' dir='ltr'>mundus,</span> <span class='ocrx_word' id='word_1_179' title='bbox 1327 1652 1404 1687; x_wconf 83' lang='lat' dir='ltr'>sive</span> <span class='ocrx_word' id='word_1_180' title='bbox 1433 1651 1521 1694; x_wconf 75' lang='lat' dir='ltr'>vila,</span> 
     </span>
     <span class='ocr_line' id='line_1_22' title="bbox 187 1721 1523 1770; baseline -0.002 -11"><span class='ocrx_word' id='word_1_181' title='bbox 187 1723 262 1759; x_wconf 85' lang='lat' dir='ltr'>sive</span> <span class='ocrx_word' id='word_1_182' title='bbox 282 1735 390 1767; x_wconf 84' lang='lat' dir='ltr'>mors,</span> <span class='ocrx_word' id='word_1_183' title='bbox 406 1724 481 1759; x_wconf 85' lang='lat' dir='ltr'>sive</span> <span class='ocrx_word' id='word_1_184' title='bbox 494 1722 698 1770; x_wconf 82' lang='lat' dir='ltr'>presencia,</span> <span class='ocrx_word' id='word_1_185' title='bbox 714 1722 790 1757; x_wconf 82' lang='lat' dir='ltr'>sive</span> <span class='ocrx_word' id='word_1_186' title='bbox 794 1721 943 1770; x_wconf 79' lang='lat' dir='ltr'>futura</span> <span class='ocrx_word' id='word_1_187' title='bbox 957 1735 977 1765; x_wconf 85' lang='lat'>,·</span> <span class='ocrx_word' id='word_1_188' title='bbox 1008 1722 1130 1757; x_wconf 81' lang='lat' dir='ltr'>omnia</span> <span class='ocrx_word' id='word_1_189' title='bbox 1151 1722 1245 1757; x_wconf 87' lang='lat' dir='ltr'>enim</span> <span class='ocrx_word' id='word_1_190' title='bbox 1262 1725 1389 1758; x_wconf 76' lang='lat' dir='ltr'>vestra</span> <span class='ocrx_word' id='word_1_191' title='bbox 1408 1725 1497 1757; x_wconf 83' lang='lat' dir='ltr'>sunl</span> <span class='ocrx_word' id='word_1_192' title='bbox 1504 1733 1523 1763; x_wconf 81' lang='lat'><em>;</em></span> 
     </span>
     <span class='ocr_line' id='line_1_23' title="bbox 188 1791 1523 1841; baseline -0.001 -11"><span class='ocrx_word' id='word_1_193' title='bbox 188 1805 250 1830; x_wconf 81' lang='lat' dir='ltr'>vos</span> <span class='ocrx_word' id='word_1_194' title='bbox 269 1797 386 1829; x_wconf 78' lang='lat' dir='ltr'>autem</span> <span class='ocrx_word' id='word_1_195' title='bbox 405 1791 557 1829; x_wconf 72' lang='lat' dir='ltr'>Christi</span> <span class='ocrx_word' id='word_1_196' title='bbox 566 1805 585 1835; x_wconf 80' lang='lat'>,·</span> <span class='ocrx_word' id='word_1_197' title='bbox 619 1791 796 1831; x_wconf 78' lang='lat' dir='ltr'>Christus</span> <span class='ocrx_word' id='word_1_198' title='bbox 816 1796 934 1828; x_wconf 82' lang='lat' dir='ltr'>autem</span> <span class='ocrx_word' id='word_1_199' title='bbox 956 1791 1043 1829; x_wconf 86' lang='lat' dir='ltr'>Dei.</span> <span class='ocrx_word' id='word_1_200' title='bbox 1099 1791 1161 1828; x_wconf 86' lang='lat' dir='ltr'>Ex</span> <span class='ocrx_word' id='word_1_201' title='bbox 1183 1803 1261 1841; x_wconf 88' lang='lat' dir='ltr'>quo</span> <span class='ocrx_word' id='word_1_202' title='bbox 1282 1798 1388 1829; x_wconf 83' lang='lat' dir='ltr'>textu</span> <span class='ocrx_word' id='word_1_203' title='bbox 1408 1798 1523 1840; x_wconf 87' lang='lat' dir='ltr'>patet,</span> 
     </span>
     <span class='ocr_line' id='line_1_24' title="bbox 189 1861 1522 1911; baseline -0.002 -10"><span class='ocrx_word' id='word_1_204' title='bbox 189 1876 236 1901; x_wconf 81' lang='lat' dir='ltr'>ex</span> <span class='ocrx_word' id='word_1_205' title='bbox 267 1869 402 1901; x_wconf 88' lang='lat' dir='ltr'>octavo</span> <span class='ocrx_word' id='word_1_206' title='bbox 436 1869 473 1900; x_wconf 87' lang='lat' dir='ltr'>et</span> <span class='ocrx_word' id='word_1_207' title='bbox 496 1863 630 1900; x_wconf 88' lang='lat' dir='ltr'>ultimo</span> <span class='ocrx_word' id='word_1_208' title='bbox 663 1861 859 1911; x_wconf 83' lang='lat' dir='ltr'>singulari,</span> <span class='ocrx_word' id='word_1_209' title='bbox 884 1862 930 1899; x_wconf 92' lang='lat' dir='ltr'>de</span> <span class='ocrx_word' id='word_1_210' title='bbox 959 1861 1093 1900; x_wconf 83' lang='lat' dir='ltr'>futuris</span> <span class='ocrx_word' id='word_1_211' title='bbox 1122 1862 1236 1899; x_wconf 90' lang='lat' dir='ltr'>bonis</span> <span class='ocrx_word' id='word_1_212' title='bbox 1266 1862 1522 1907; x_wconf 88' lang='lat' dir='ltr'>beatitudinis,</span> 
     </span>
     <span class='ocr_line' id='line_1_25' title="bbox 190 1932 1521 1983; baseline -0.002 -12"><span class='ocrx_word' id='word_1_213' title='bbox 190 1934 295 1983; x_wconf 89' lang='lat' dir='ltr'>quod</span> <span class='ocrx_word' id='word_1_214' title='bbox 315 1933 512 1983; x_wconf 86' lang='lat' dir='ltr'>apostolus</span> <span class='ocrx_word' id='word_1_215' title='bbox 533 1933 650 1971; x_wconf 87' lang='lat' dir='ltr'>sensit</span> <span class='ocrx_word' id='word_1_216' title='bbox 670 1934 803 1972; x_wconf 89' lang='lat' dir='ltr'>omnia</span> <span class='ocrx_word' id='word_1_217' title='bbox 822 1934 1001 1982; x_wconf 85' lang='lat' dir='ltr'>preterita</span> <span class='ocrx_word' id='word_1_218' title='bbox 1022 1933 1080 1970; x_wconf 90' lang='lat' dir='ltr'>vel</span> <span class='ocrx_word' id='word_1_219' title='bbox 1100 1932 1225 1970; x_wconf 86' lang='lat' dir='ltr'>futura</span> <span class='ocrx_word' id='word_1_220' title='bbox 1245 1945 1328 1970; x_wconf 87' lang='lat' dir='ltr'>esse</span> <span class='ocrx_word' id='word_1_221' title='bbox 1348 1940 1521 1981; x_wconf 86' lang='lat' dir='ltr'>tempore</span> 
     </span>
     <span class='ocr_line' id='line_1_26' title="bbox 138 2002 1527 2055; baseline -0.004 -11"><span class='ocrx_word' id='word_1_222' title='bbox 138 2023 175 2055; x_wconf 88' lang='lat'>25</span> <span class='ocrx_word' id='word_1_223' title='bbox 191 2017 262 2043; x_wconf 87' lang='lat' dir='ltr'>suo</span> <span class='ocrx_word' id='word_1_224' title='bbox 290 2005 498 2054; x_wconf 86' lang='lat' dir='ltr'>presencia,</span> <span class='ocrx_word' id='word_1_225' title='bbox 522 2004 628 2041; x_wconf 86' lang='lat' dir='ltr'>iuxta</span> <span class='ocrx_word' id='word_1_226' title='bbox 657 2004 749 2040; x_wconf 90' lang='lat' dir='ltr'>illud</span> <span class='ocrx_word' id='word_1_227' title='bbox 777 2003 927 2041; x_wconf 88' lang='lat' dir='ltr'>Eecles.</span> <span class='ocrx_word' id='word_1_228' title='bbox 943 2004 991 2040; x_wconf 87' lang='lat' dir='ltr'>iii.</span> <span class='ocrx_word' id='word_1_229' title='bbox 1018 2015 1050 2048; x_wconf 88' lang='lat'>1,</span> <span class='ocrx_word' id='word_1_230' title='bbox 1076 2002 1213 2040; x_wconf 84' lang='lat' dir='ltr'>Omnia</span> <span class='ocrx_word' id='word_1_231' title='bbox 1236 2008 1373 2052; x_wconf 80' lang='lat' dir='ltr'>tempus</span> <span class='ocrx_word' id='word_1_232' title='bbox 1393 2003 1527 2040; x_wconf 75' lang='lat' dir='ltr'>habent</span> 
     </span>
     <span class='ocr_line' id='line_1_27' title="bbox 189 2074 1524 2124; baseline -0.001 -12"><span class='ocrx_word' id='word_1_233' title='bbox 189 2080 222 2112; x_wconf 82' lang='lat' dir='ltr'>et</span> <span class='ocrx_word' id='word_1_234' title='bbox 244 2077 322 2112; x_wconf 83' lang='lat' dir='ltr'>suis</span> <span class='ocrx_word' id='word_1_235' title='bbox 347 2076 482 2124; x_wconf 77' lang='lat' dir='ltr'>spaciis</span> <span class='ocrx_word' id='word_1_236' title='bbox 508 2079 702 2112; x_wconf 76' lang='lat' dir='ltr'>transeunt</span> <span class='ocrx_word' id='word_1_237' title='bbox 725 2076 901 2111; x_wconf 81' lang='lat' dir='ltr'>universa</span> <span class='ocrx_word' id='word_1_238' title='bbox 926 2075 991 2111; x_wconf 75' lang='lat' dir='ltr'>sub</span> <span class='ocrx_word' id='word_1_239' title='bbox 1017 2075 1098 2111; x_wconf 82' lang='lat' dir='ltr'>sole.</span> <span class='ocrx_word' id='word_1_240' title='bbox 1156 2074 1206 2110; x_wconf 85' lang='lat' dir='ltr'>Et</span> <span class='ocrx_word' id='word_1_241' title='bbox 1234 2074 1339 2111; x_wconf 90' lang='lat' dir='ltr'>idem</span> <span class='ocrx_word' id='word_1_242' title='bbox 1367 2074 1524 2111; x_wconf 91' lang='lat' dir='ltr'>indubie</span> 
     </span>
     <span class='ocr_line' id='line_1_28' title="bbox 189 2144 1524 2195; baseline -0.002 -12"><span class='ocrx_word' id='word_1_243' title='bbox 189 2152 293 2195; x_wconf 86' lang='lat' dir='ltr'>patet</span> <span class='ocrx_word' id='word_1_244' title='bbox 314 2158 359 2183; x_wconf 84' lang='lat' dir='ltr'>ex</span> <span class='ocrx_word' id='word_1_245' title='bbox 382 2145 553 2195; x_wconf 87' lang='lat' dir='ltr'>quolibet</span> <span class='ocrx_word' id='word_1_246' title='bbox 572 2145 668 2183; x_wconf 90' lang='lat' dir='ltr'>libro</span> <span class='ocrx_word' id='word_1_247' title='bbox 697 2144 892 2194; x_wconf 86' lang='lat' dir='ltr'>Scripture</span> <span class='ocrx_word' id='word_1_248' title='bbox 914 2145 1112 2182; x_wconf 85' lang='lat' dir='ltr'>canonice.</span> <span class='ocrx_word' id='word_1_249' title='bbox 1168 2144 1288 2181; x_wconf 89' lang='lat' dir='ltr'>Aliter</span> <span class='ocrx_word' id='word_1_250' title='bbox 1308 2144 1412 2181; x_wconf 88' lang='lat' dir='ltr'>enirn</span> <span class='ocrx_word' id='word_1_251' title='bbox 1442 2156 1524 2181; x_wconf 91' lang='lat' dir='ltr'>non</span> 
     </span>
     <span class='ocr_line' id='line_1_29' title="bbox 190 2214 1520 2265; baseline -0.002 -11"><span class='ocrx_word' id='word_1_252' title='bbox 190 2216 332 2254; x_wconf 88' lang='lat' dir='ltr'>diceret</span> <span class='ocrx_word' id='word_1_253' title='bbox 360 2216 569 2265; x_wconf 88' lang='lat' dir='ltr'>apostolus,</span> <span class='ocrx_word' id='word_1_254' title='bbox 604 2228 619 2252; x_wconf 98' lang='lat'>1</span> <span class='ocrx_word' id='word_1_255' title='bbox 651 2215 699 2252; x_wconf 91' lang='lat' dir='ltr'>ad</span> <span class='ocrx_word' id='word_1_256' title='bbox 730 2215 861 2252; x_wconf 89' lang='lat' dir='ltr'>Thim.</span> <span class='ocrx_word' id='word_1_257' title='bbox 883 2215 929 2252; x_wconf 91' lang='lat' dir='ltr'>vi.</span> <span class='ocrx_word' id='word_1_258' title='bbox 955 2227 1014 2260; x_wconf 87' lang='lat'>14,</span> <span class='ocrx_word' id='word_1_259' title='bbox 1048 2225 1108 2262; x_wconf 87' lang='lat'>15,</span> <span class='ocrx_word' id='word_1_260' title='bbox 1138 2214 1271 2252; x_wconf 80' lang='lat' dir='ltr'>Serves</span> <span class='ocrx_word' id='word_1_261' title='bbox 1300 2215 1520 2251; x_wconf 73' lang='lat' dir='ltr'>mandatum</span> 
     </span>
     <span class='ocr_line' id='line_1_30' title="bbox 191 2285 1521 2336; baseline -0.002 -12"><span class='ocrx_word' id='word_1_262' title='bbox 191 2287 503 2336; x_wconf 76' lang='lat' dir='ltr'>irreprehensibile</span> <span class='ocrx_word' id='word_1_263' title='bbox 522 2299 633 2335; x_wconf 80' lang='lat' dir='ltr'>usque</span> <span class='ocrx_word' id='word_1_264' title='bbox 659 2288 698 2323; x_wconf 83' lang='lat' dir='ltr'>in</span> <span class='ocrx_word' id='word_1_265' title='bbox 722 2287 916 2323; x_wconf 79' lang='lat' dir='ltr'>adventum</span> <span class='ocrx_word' id='word_1_266' title='bbox 942 2286 1087 2322; x_wconf 82' lang='lat' dir='ltr'>domini</span> <span class='ocrx_word' id='word_1_267' title='bbox 1108 2287 1231 2322; x_wconf 73' lang='lat' dir='ltr'>nostri</span> <span class='ocrx_word' id='word_1_268' title='bbox 1253 2285 1339 2322; x_wconf 78' lang='lat' dir='ltr'>Iesu</span> <span class='ocrx_word' id='word_1_269' title='bbox 1363 2285 1521 2331; x_wconf 74' lang='lat' dir='ltr'>Clzrz&#39;stz&#39;,</span> 
     </span>
     <span class='ocr_line' id='line_1_31' title="bbox 138 2347 1518 2407; baseline -0.004 -9"><span class='ocrx_word' id='word_1_270' title='bbox 138 2374 178 2405; x_wconf 84' lang='lat'>30</span> <span class='ocrx_word' id='word_1_271' title='bbox 191 2371 291 2407; x_wconf 80' lang='lat' dir='ltr'>quem</span> <span class='ocrx_word' id='word_1_272' title='bbox 311 2359 389 2395; x_wconf 87' lang='lat' dir='ltr'>suis</span> <span class='ocrx_word' id='word_1_273' title='bbox 407 2358 626 2406; x_wconf 76' lang='lat' dir='ltr'>temporibus</span> <span class='ocrx_word' id='word_1_274' title='bbox 647 2358 801 2394; x_wconf 78' lang='lat' dir='ltr'>ostendet</span> <span class='ocrx_word' id='word_1_275' title='bbox 817 2356 968 2394; x_wconf 74' lang='lat' dir='ltr'>Beatus.</span> <span class='ocrx_word' id='word_1_276' title='bbox 1027 2356 1077 2393; x_wconf 89' lang='lat' dir='ltr'>Et</span> <span class='ocrx_word' id='word_1_277' title='bbox 1098 2347 1298 2394; x_wconf 90' lang='lat' dir='ltr'>consimile</span> <span class='ocrx_word' id='word_1_278' title='bbox 1318 2356 1478 2394; x_wconf 86' lang='lat' dir='ltr'>habetur</span> <span class='ocrx_word' id='word_1_279' title='bbox 1503 2369 1518 2393; x_wconf 96' lang='lat'>1</span> 
     </span>
    </p>

    <p class='ocr_par' dir='ltr' id='par_1_4' title="bbox 191 2427 1523 2547">
     <span class='ocr_line' id='line_1_32' title="bbox 191 2427 939 2469; baseline -0.004 -3"><span class='ocrx_word' id='word_1_280' title='bbox 191 2429 240 2466; x_wconf 87' lang='lat' dir='ltr'>ad</span> <span class='ocrx_word' id='word_1_281' title='bbox 261 2428 390 2465; x_wconf 87' lang='lat' dir='ltr'>Thim.</span> <span class='ocrx_word' id='word_1_282' title='bbox 414 2429 450 2465; x_wconf 92' lang='lat' dir='ltr'>ii.</span> <span class='ocrx_word' id='word_1_283' title='bbox 473 2431 495 2465; x_wconf 91' lang='lat'><strong>6</strong></span> <span class='ocrx_word' id='word_1_284' title='bbox 518 2440 607 2469; x_wconf 90' lang='lat' dir='ltr'>cum</span> <span class='ocrx_word' id='word_1_285' title='bbox 627 2428 722 2465; x_wconf 90' lang='lat' dir='ltr'>locis</span> <span class='ocrx_word' id='word_1_286' title='bbox 743 2427 939 2464; x_wconf 89' lang='lat' dir='ltr'>similibus.</span> 
     </span>
     <span class='ocr_line' id='line_1_33' title="bbox 246 2497 1523 2547; baseline -0.002 -10"><span class='ocrx_word' id='word_1_287' title='bbox 246 2500 322 2537; x_wconf 87' lang='lat' dir='ltr'>Sed</span> <span class='ocrx_word' id='word_1_288' title='bbox 342 2499 541 2536; x_wconf 89' lang='lat' dir='ltr'>redeundo</span> <span class='ocrx_word' id='word_1_289' title='bbox 563 2498 783 2536; x_wconf 90' lang='lat' dir='ltr'>conceditur</span> <span class='ocrx_word' id='word_1_290' title='bbox 796 2497 900 2547; x_wconf 91' lang='lat' dir='ltr'>quod</span> <span class='ocrx_word' id='word_1_291' title='bbox 913 2497 1128 2536; x_wconf 90' lang='lat' dir='ltr'>dominium</span> <span class='ocrx_word' id='word_1_292' title='bbox 1149 2497 1253 2547; x_wconf 90' lang='lat' dir='ltr'>quod</span> <span class='ocrx_word' id='word_1_293' title='bbox 1273 2497 1386 2535; x_wconf 89' lang='lat' dir='ltr'>habet</span> <span class='ocrx_word' id='word_1_294' title='bbox 1402 2497 1523 2535; x_wconf 91' lang='lat' dir='ltr'>homo</span> 
     </span>
    </p>
   </div>
   <div class='ocr_carea' id='block_1_3' title="bbox 191 2610 1524 2673">
    <p class='ocr_par' dir='ltr' id='par_1_5' title="bbox 191 2610 1524 2673">
     <span class='ocr_line' id='line_1_34' title="bbox 225 2610 1524 2644; baseline -0.001 -6"><span class='ocrx_word' id='word_1_295' title='bbox 225 2615 250 2639; x_wconf 91' lang='lat'>6.</span> <span class='ocrx_word' id='word_1_296' title='bbox 267 2613 435 2638; x_wconf 78' lang='lat' dir='ltr'>dominetur</span> <span class='ocrx_word' id='word_1_297' title='bbox 446 2611 518 2638; x_wconf 89' lang='lat' dir='ltr'>AC:</span> <span class='ocrx_word' id='word_1_298' title='bbox 539 2621 597 2638; x_wconf 85' lang='lat' dir='ltr'>om.</span> <span class='ocrx_word' id='word_1_299' title='bbox 610 2612 643 2637; x_wconf 92' lang='lat' dir='ltr'>B.</span> <span class='ocrx_word' id='word_1_300' title='bbox 793 2621 833 2643; x_wconf 89' lang='lat'>24.</span> <span class='ocrx_word' id='word_1_301' title='bbox 853 2613 862 2641; x_wconf 84' lang='grc' dir='ltr'>ΙΙ</span> <span class='ocrx_word' id='word_1_302' title='bbox 876 2614 1001 2644; x_wconf 77' lang='lat' dir='ltr'>tempore</span> <span class='ocrx_word' id='word_1_303' title='bbox 1015 2611 1037 2637; x_wconf 92' lang='lat' dir='ltr'>B</span> <span class='ocrx_word' id='word_1_304' title='bbox 1051 2610 1069 2638; x_wconf 88' lang='lat' dir='ltr'>f.</span> <span class='ocrx_word' id='word_1_305' title='bbox 1085 2621 1134 2637; x_wconf 84' lang='lat'>220</span> <span class='ocrx_word' id='word_1_306' title='bbox 1142 2619 1167 2637; x_wconf 79' lang='grc' dir='ltr'>Α.</span> <span class='ocrx_word' id='word_1_307' title='bbox 1316 2620 1358 2644; x_wconf 80' lang='lat'>30.</span> <span class='ocrx_word' id='word_1_308' title='bbox 1377 2611 1504 2638; x_wconf 79' lang='lat' dir='ltr'>ostendet</span> <span class='ocrx_word' id='word_1_309' title='bbox 1516 2618 1524 2637; x_wconf 89' lang='lat'><em>:</em></span> 
     </span>
     <span class='ocr_line' id='line_1_35' title="bbox 191 2646 513 2673; baseline -0.006 0"><span class='ocrx_word' id='word_1_310' title='bbox 191 2646 240 2673; x_wconf 66' lang='grc' dir='ltr'>ὐἷϊ</span> <span class='ocrx_word' id='word_1_311' title='bbox 251 2647 277 2672; x_wconf 92' lang='grc' dir='ltr'>Α</span> <span class='ocrx_word' id='word_1_312' title='bbox 286 2646 309 2673; x_wconf 93' lang='lat' dir='ltr'>C</span> <span class='ocrx_word' id='word_1_313' title='bbox 319 2654 324 2672; x_wconf 88' lang='lat'>:</span> <span class='ocrx_word' id='word_1_314' title='bbox 346 2646 469 2672; x_wconf 77' lang='lat' dir='ltr'>ostendit</span> <span class='ocrx_word' id='word_1_315' title='bbox 483 2646 513 2672; x_wconf 88' lang='lat' dir='ltr'>B.</span> 
     </span>
    </p>
   </div>
   <div class='ocr_carea' id='block_1_4' title="bbox 194 2739 1523 2835">
    <p class='ocr_par' dir='ltr' id='par_1_6' title="bbox 194 2739 1523 2835">
     <span class='ocr_line' id='line_1_36' title="bbox 238 2739 1523 2783; baseline 0.001 -12"><span class='ocrx_word' id='word_1_316' title='bbox 238 2750 286 2771; x_wconf 91' lang='lat'>12.</span> <span class='ocrx_word' id='word_1_317' title='bbox 311 2741 400 2772; x_wconf 80' lang='lat' dir='ltr'>Iusti</span> <span class='ocrx_word' id='word_1_318' title='bbox 423 2765 429 2771; x_wconf 92' lang='lat'>.</span> <span class='ocrx_word' id='word_1_319' title='bbox 456 2766 463 2773; x_wconf 89' lang='lat'>.</span> <span class='ocrx_word' id='word_1_320' title='bbox 487 2745 567 2772; x_wconf 80' lang='lat' dir='ltr'>sunt</span> <span class='ocrx_word' id='word_1_321' title='bbox 591 2741 725 2773; x_wconf 77' lang='lat' dir='ltr'>omnia:</span> <span class='ocrx_word' id='word_1_322' title='bbox 757 2750 793 2771; x_wconf 87' lang='lat' dir='ltr'>so</span> <span class='ocrx_word' id='word_1_323' title='bbox 818 2741 869 2771; x_wconf 89' lang='lat' dir='ltr'>De</span> <span class='ocrx_word' id='word_1_324' title='bbox 897 2740 967 2774; x_wconf 83' lang='lat' dir='ltr'>Civ,</span> <span class='ocrx_word' id='word_1_325' title='bbox 994 2741 1094 2772; x_wconf 90' lang='lat' dir='ltr'>Dom.</span> <span class='ocrx_word' id='word_1_326' title='bbox 1114 2741 1135 2771; x_wconf 88' lang='lat' dir='ltr'>i.</span> <span class='ocrx_word' id='word_1_327' title='bbox 1164 2750 1182 2781; x_wconf 88' lang='lat'>9</span> <span class='ocrx_word' id='word_1_328' title='bbox 1208 2752 1239 2782; x_wconf 92' lang='lat' dir='ltr'>p.</span> <span class='ocrx_word' id='word_1_329' title='bbox 1268 2739 1321 2780; x_wconf 80' lang='lat'>65,</span> <span class='ocrx_word' id='word_1_330' title='bbox 1348 2740 1387 2772; x_wconf 92' lang='lat' dir='ltr'>cf.</span> <span class='ocrx_word' id='word_1_331' title='bbox 1408 2750 1479 2782; x_wconf 84' lang='lat' dir='ltr'>cap.</span> <span class='ocrx_word' id='word_1_332' title='bbox 1506 2747 1523 2783; x_wconf 82' lang='lat'><em>7</em></span> 
     </span>
     <span class='ocr_line' id='line_1_37' title="bbox 194 2803 326 2835; baseline 0.008 -12"><span class='ocrx_word' id='word_1_333' title='bbox 194 2803 326 2835; x_wconf 74' lang='lat' dir='ltr'>passrm.</span> 
     </span>
    </p>
   </div>
   <div class='ocr_carea' id='block_1_5' title="bbox 1750 196 1805 240">
    <p class='ocr_par' dir='ltr' id='par_1_7' title="bbox 1750 196 1805 240">
     <span class='ocr_line' id='line_1_38' title="bbox 1750 196 1805 240; baseline 0.055 -3"><span class='ocrx_word' id='word_1_334' title='bbox 1750 196 1805 240; x_wconf 85' lang='lat'>53</span> 
     </span>
    </p>
   </div>
  </div>
 </body>
</html>
