2008 3305
177 209 258 248 106

180 1180 273 1212 Reply
286 1181 314 1205 to
326 1178 409 1211 objec-

180 1214 256 1240 tions
265 1220 274 1238 .·

851 213 915 243 DE
949 212 1164 243 DOMINio
1197 211 1373 243 DIVINo
1559 200 1663 258 [off.
1682 214 1776 241 xm.

453 341 562 374 sero;
601 334 639 365 et
667 326 1052 377 proporcionabiliter
1079 333 1120 364 ut
1149 327 1275 363 minus
1306 333 1456 375 tempus
1490 326 1559 363 erit
1593 326 1781 376 adequate
1797 329 1898 371 [35A

454 398 695 442 intercidens,
723 398 851 446 ipsum
880 397 948 434 erit
982 397 1110 434 cicius.
1167 396 1227 433 Ex
1258 396 1406 445 quibus,
1429 408 1519 433 cum
1548 396 1623 434 hoc
1653 396 1782 434 medio

453 469 584 507 omnia
622 480 695 517 que
741 467 893 504 suerunt
931 467 990 504 vel
1036 473 1147 504 erunt
1193 472 1281 504 sunt
1323 466 1410 503 Deo
1459 466 1659 515 presencia
1706 466 1782 504 for-

456 539 637 585 *maliter,
670 539 837 588 sequitur
867 538 1202 576 concludendum:
1248 537 1353 587 quod
1380 545 1510 574 tamen
1537 537 1685 575 videtur
1711 537 1827 574 im-B

453 610 647 660 possibile,
677 622 766 647 cum
798 621 884 646 sero
915 616 951 646 et
981 609 1057 646 cito
1088 615 1174 646 sunt
1202 608 1261 646 vel
1295 608 1487 645 contrarie
1516 607 1574 645 vel
1604 607 1815 656 privative5

455 681 646 730 opposita,
676 679 741 724 sic,
773 679 957 725 videlicet,
988 679 1093 728 quod
1122 678 1463 727 proporcionaliter
1491 684 1533 714 ut
1567 677 1669 715 aliud
1699 689 1785 714 suc--

456 751 569 790 cessit
607 751 734 787 minus
773 750 862 795 cito,
897 750 1068 798 sequitur
1103 750 1229 798 ipsum
1263 749 1472 787 succedere
1512 748 1637 796 magis
1677 760 1784 793 sero;

457 829 494 859 et
533 834 601 871 per
639 832 884 869 consequens
929 819 1042 857 nichil
1087 825 1215 868 potest
1256 831 1340 856 esse
1385 819 1503 856 cicius
1542 818 1601 855 vel
1642 817 1787 855 tardius

456 900 631 942 tempore
669 891 840 940 quolibet
879 890 1124 939 assignando.
1182 889 1233 926 Et
1272 889 1427 926 indubie
1467 890 1498 926 si
1538 901 1618 926 non
1658 894 1787 938 potest

457 975 540 1000 esse
579 962 676 999 ordo
714 961 773 998 vel
819 961 995 1010 prioritas
1037 960 1232 1010 temporis,
1272 972 1360 997 cum
1399 960 1506 997 Deus
1544 972 1624 997 non
1663 965 1843 1008 potest10

459 1034 584 1072 sinere
622 1038 834 1070 creaturam
868 1044 952 1070 esse
987 1032 1068 1069 sine
1103 1031 1249 1078 ordine,
1286 1038 1378 1068 ωηο
1412 1043 1493 1068 non
1526 1030 1665 1079 poterit
1703 1041 1788 1067 esse

458 1111 610 1153 tempus
630 1103 689 1140 vel
710 1102 812 1140 aliud
833 1104 1102 1141 successivum.

513 1175 564 1211 Et
597 1179 701 1224 patet
735 1185 852 1222 quam
886 1173 1048 1222 insipide
1089 1173 1266 1210 locuntur
1299 1173 1364 1221 qui
1396 1184 1478 1209 non
1516 1178 1669 1221 ponunt
1705 1183 1791 1209 esse

460 1246 564 1296 prius
599 1252 664 1282 aut
697 1245 888 1294 posterius
918 1245 957 1281 in
989 1250 1160 1293 tempore
1192 1244 1251 1281 vel
1285 1243 1359 1280 alio
1394 1243 1612 1280 successivo
1645 1242 1789 1291 simpli-

461 1317 565 1362 citer,
602 1323 658 1353 set
697 1322 847 1353 tantum
881 1322 1057 1364 respectu
1095 1314 1208 1352 huius
1242 1314 1301 1352 vel
1337 1314 1448 1351 huius
1482 1314 1656 1351 instantis
1694 1319 1789 1350 tem·
1806 1327 1843 1358 15

439 1387 576 1437 .poris.
634 1387 774 1432 Primo,
797 1386 886 1435 quia
916 1392 1008 1423 tunc
1037 1385 1259 1434 negandum
1289 1391 1392 1422 esset
1422 1384 1642 1433 simpliciter
1668 1382 1790 1432 quod-

460 1470 612 1507 cunque
652 1464 741 1506 post
775 1457 833 1494 vel
868 1462 957 1494 ante
996 1455 1097 1493 aliud
1136 1456 1175 1492 in
1209 1462 1384 1505 tempore
1424 1454 1657 1501 succedere;
1701 1465 1791 1490 cum

460 1528 631 1578 sequitur
670 1527 900 1577 simpliciter,
942 1530 992 1564 ‘A
1031 1527 1178 1564 instans
1217 1532 1274 1563 est
1311 1531 1400 1575 post
1438 1537 1460 1562 B
1497 1525 1655 1570 instans,
1695 1534 1788 1572 ergo

463 1602 543 1636 ‘est
581 1598 801 1648 simpliciter
834 1598 919 1647 ipso
958 1597 1171 1646 posterius;
1215 1603 1253 1634 et
1290 1609 1358 1645 per
1392 1606 1634 1644 consequens
1673 1606 1696 1631 B
1733 1601 1790 1631 est

441 1668 615 1719 .‘prius.'
674 1668 866 1714 Secundo,
897 1668 987 1717 quia
1015 1674 1107 1705 tunc
1141 1667 1246 1705 nulla
1275 1666 1451 1716 prioritas
1480 1664 1663 1714 temporis
1691 1670 1791 1701 esset
1807 1675 1847 1697 20

464 1739 640 1789 prioritas
671 1751 762 1777 curn
793 1739 994 1788 utrobique
1029 1738 1122 1776 fallit
1151 1751 1174 1776 a
1203 1738 1333 1788 quoad
1363 1736 1582 1786 simpliciter
1611 1735 1696 1773 talis
1726 1734 1791 1772 de-

464 1810 612 1856 duccio‚
649 1813 697 1848 ‘A
731 1816 788 1848 est
821 1810 927 1859 prius
965 1809 1096 1859 quoad
1133 1809 1209 1848 hoc
1244 1816 1395 1858 tempus
1424 1807 1482 1845 vel
1521 1807 1669 1844 instans
1708 1806 1793 1854 ipso

467 1884 522 1926 ‘B‚
556 1893 650 1930 ergo
684 1894 709 1918 A
740 1886 796 1918 est
833 1880 940 1929 prius
978 1880 1242 1929 temporaliter
1273 1880 1357 1928 ipso
1389 1877 1433 1916 B.’
1504 1877 1554 1915 Et
1591 1889 1659 1927 per
1691 1876 1794 1913 idern

465 1965 545 1990 non
578 1952 758 2002 sequitur,
794 1951 865 1989 nisi
899 1951 996 1989 forte
1034 1958 1075 1989 ut
1114 1964 1161 1989 ex
1196 1950 1434 2000 impossibili,
1471 1949 1525 1987 ‘si
1559 1962 1584 1987 A
1618 1949 1664 1986 sit
1696 1954 1793 1985 tem-

466 2023 668 2073 ‘poraliter
702 2022 807 2071 prius
845 2035 878 2067 B,
913 2022 1020 2071 quod
1057 2028 1149 2059 tunc
1188 2022 1234 2058 sit
1273 2021 1494 2070 simpliciter
1531 2020 1616 2069 ipso
1653 2019 1756 2068 prius
1773 2018 1848 2059 :⁹25

465 2099 503 2131 et
522 2100 613 2131 tunc
633 2105 713 2130 non
732 2098 831 2130 esset
846 2092 1002 2142 aliquod
1022 2104 1143 2142 genus
1163 2092 1380 2141 prioritatis,
1401 2097 1443 2128 ut
1462 2097 1597 2128 natura
1617 2096 1654 2127 et
1672 2089 1795 2139 philo-

467 2165 579 2214 sophi
609 2164 834 2201 docuerunt.
902 2162 1032 2201 Omne
1062 2163 1218 2212 quidem
1247 2163 1352 2212 prius
1380 2169 1554 2211 tempore
1584 2161 1632 2198 de
1659 2161 1796 2197 virtute

467 2234 654 2274 sermonis
684 2233 913 2283 supponitur
942 2245 1026 2270 esse
1056 2233 1180 2282 magis
1213 2233 1302 2279 cito,
1334 2238 1372 2270 et
1401 2238 1576 2281 tempore
1605 2230 1796 2280 posterius

467 2306 591 2354 magis
621 2316 719 2342 sero,
776 2303 838 2341 Sic
868 2304 972 2341 enim
1002 2303 1182 2341 differunt
1210 2303 1385 2340 celeritas
1413 2302 1473 2339 vel
1507 2301 1671 2339 citeritas
1700 2306 1795 2337 tem-

467 2377 573 2426 poris
599 2388 622 2413 a
650 2382 778 2413 motus
806 2373 824 2394 *
846 2375 1055 2420 velocitate,
1077 2381 1114 2412 et
1140 2374 1324 2423 temporis
1350 2372 1509 2410 tarditas
1536 2373 1611 2409 sive
1638 2371 1838 2408 seroitasG

469 2460 492 2485 a
520 2447 693 2484 tarditate
728 2452 870 2484 motus.
934 2445 1051 2491 Ymo,
1083 2451 1124 2482 ut
1153 2444 1244 2481 dicit
1272 2443 1511 2490 Aristoteles,
1543 2448 1680 2492 quarto
1710 2441 1797 2479 Phi-

505 2549 527 2573 5.
545 2541 592 2567 vel
601 2540 678 2573 prius
696 2549 749 2566 om.
766 2540 792 2565 A
801 2539 833 2566 C.
904 2541 928 2566 6.
947 2539 1080 2565 successit
1092 2538 1117 2564 A
1126 2538 1165 2565 C:
1185 2538 1349 2564 successerit
1362 2538 1393 2563 B.
1466 2546 1504 2562 10.
1526 2538 1535 2566 ΙΙ
1548 2536 1616 2562 ordo
1630 2536 1652 2561 B
1666 2536 1683 2561 f.
1697 2536 1779 2561 228A.

517 2625 567 2656 31.
590 2617 692 2647 Arist.
709 2615 806 2656 Phys.
826 2615 868 2647 iv.
885 2624 924 2655 14
940 2626 973 2656 p.
993 2624 1066 2654 223.
1110 2614 1183 2645 The
1206 2613 1379 2655 quotation
1403 2613 1439 2651 is,
1467 2622 1503 2643 as
1526 2610 1725 2651 commonly,
1750 2610 1797 2640 in—

472 2673 574 2705 exact,
592 2667 657 2699 and
681 2668 736 2699 the
759 2668 885 2698 clauses
908 2678 961 2698 are
984 2667 1079 2707 given
1104 2667 1135 2697 in
1160 2665 1306 2696 inverted
1330 2665 1433 2695 order.
1481 2666 1489 2680 ‘
1503 2663 1661 2694 Tractatu
1683 2672 1742 2693 suo
1758 2661 1799 2692 de

472 2719 639 2761 tempore’
663 2720 759 2751 refers
781 2724 816 2750 to
841 2720 896 2750 the
927 2719 1066 2750 division
1094 2719 1131 2749 of
1150 2718 1204 2749 the
1230 2717 1338 2748 fourth
1362 2716 1452 2747 book
1477 2716 1514 2746 of
1531 2715 1587 2746 the
1610 2713 1742 2754 Physics
1765 2713 1798 2743 in

473 2772 528 2803 the
548 2772 643 2802 Latin
666 2772 793 2803 version
816 2771 887 2802 into
908 2771 997 2802 three
1021 2770 1208 2805 ‘summae‚’
1233 2769 1288 2800 the
1311 2768 1396 2799 third
1422 2767 1456 2799 of
1477 2767 1586 2799 which
1606 2764 1799 2806 (beginning

476 2828 509 2854 at
526 2823 579 2855 the
596 2824 730 2855 modern
748 2822 880 2863 chapter
900 2822 954 2863 10)
973 2822 999 2853 is
1015 2822 1150 2853 entitled
1168 2823 1219 2852 De
1236 2825 1393 2861 tempore.
