2008 3305
221 232 307 261 CAP.
326 217 401 277 vr]
702 228 846 260 LIBER
880 227 1076 260 PRIMUS.
1775 223 1827 261 41

113 348 203 390 130]
219 350 352 381 natura
381 343 580 389 sensibilis,
605 343 811 390 divisibilis,
832 343 891 381 vel
920 342 1216 393 quomodolibet
1244 341 1353 380 aliter
1381 346 1551 385 causata,

217 422 273 453 est
293 415 399 453 Deus
420 415 582 453 deorum
605 421 642 452 et
671 421 806 452 natura
830 426 992 452 summa.
1048 413 1100 451 Et
1131 413 1184 451 sic
1215 413 1385 450 intencio
1409 423 1551 461 appro-

217 486 337 535 priate
353 485 482 522 Deum
504 491 678 523 nostrum
693 484 954 535 principaliter
970 484 1126 533 signans
1141 489 1270 520 movet
1294 483 1343 520 ad
1363 482 1552 531 quidlibet

217 555 585 605 apprehendendum
619 562 656 592 et
690 567 759 605 per
788 555 889 592 viam
921 554 1147 603 negacionis
1180 553 1239 591 vel
1269 552 1552 602 preeminencie

185 639 203 670 5
219 626 307 663 dicit
327 638 410 663 esse
430 637 552 662 unum
571 637 640 663 ens
669 637 781 675 supra
810 625 942 662 omnia
970 625 1082 662 nobis
1108 623 1384 661 innominabile
1410 634 1553 671 appro-

217 696 351 746 priate.
424 695 474 733 Et
512 702 618 733 actus
656 695 715 732 vel
763 702 972 744 conceptus
1014 707 1062 732 ex
1109 694 1247 731 talibus
1292 692 1553 742 principaliter

216 773 449 815 aggregatus
477 772 534 804 est
562 765 650 803 Deo
679 765 867 815 proprius,
896 765 970 803 hoc
1001 771 1069 811 est,
1100 765 1149 802 ad
1178 776 1268 801 eum
1296 762 1554 812 principaliter

170 846 201 874 D
218 837 450 874 terminatus.
482 834 501 855 *
533 836 611 873 Iste
638 836 796 885 quidem
824 842 930 873 actus
958 848 1038 872 non
1062 841 1119 872 est
1142 834 1293 872 habitus
1312 834 1370 872 vel
1391 833 1554 883 quodvis

217 907 321 944 aliud
340 907 544 956 quiescens
565 907 604 943 in
625 907 764 952 anima,
786 906 853 944 sed
881 906 1071 955 cogitacio
1098 918 1145 943 ex
1172 905 1301 943 multis
1324 904 1457 949 elicita,
1478 916 1554 953 que

165 991 204 1013 10
218 978 345 1014 statim
383 984 469 1025 post
498 976 754 1015 diversionem
796 977 936 1014 mentis
965 976 1014 1013 ad
1044 976 1117 1013 alia
1154 981 1211 1013 est
1239 975 1449 1021 exstincta;
1480 986 1553 1012 nec

216 1054 342 1096 potest
362 1046 469 1084 Deus
489 1046 631 1084 habere
651 1053 866 1084 creaturam
893 1058 968 1096 que
995 1047 1123 1096 ipsum
1138 1046 1400 1096 propriissime
1423 1058 1552 1095 repre-

217 1123 352 1163 sentet,
373 1117 440 1154 sed
461 1116 573 1154 simul
593 1116 789 1167 dispariter
810 1129 849 1155 se
869 1124 906 1155 et
926 1116 1077 1155 Deum:
1106 1129 1179 1155 nec
1207 1129 1256 1154 ex
1280 1116 1343 1154 tali
1364 1122 1555 1165 conceptu

217 1199 295 1238 quo
325 1187 438 1225 simul
467 1199 663 1236 cognosco
692 1187 821 1225 Deum
850 1195 888 1225 et
917 1194 1144 1233 creaturam,
1169 1187 1340 1237 sequitur
1369 1187 1476 1237 quod
1507 1186 1554 1224 sit

216 1270 338 1295 unum
358 1258 686 1295 communicatum
706 1258 776 1295 sibi
796 1264 832 1295 et
851 1258 943 1296 aliis.

166 1342 204 1374 15
272 1328 322 1366 Et
342 1328 373 1366 si
393 1329 562 1378 queritur
582 1328 674 1378 quid
693 1329 868 1366 terminat
889 1335 1017 1366 actum
1033 1328 1257 1366 huiusmodi
1276 1327 1551 1366 transcenden-
1564 1331 1737 1391 ‹tigmvll'gffigss
1749 1331 1835 1392 ἕξω

218 1406 307 1444 tem,
328 1399 464 1437 dicitur
485 1399 591 1450 quod
610 1398 718 1437 Deus
746 1399 1005 1448 principaliter
1034 1400 1212 1437 terminat
1232 1410 1392 1436 omnem
1412 1399 1792 1444 actum,¹³ra⁷2⁸oe⁷m⁷f³⁷²sff³

216 1482 305 1508 cum
340 1470 387 1507 sit
407 1482 523 1507 causa
543 1469 688 1507 faciens
708 1470 835 1519 ipsum
856 1470 949 1519 poni
969 1470 1008 1506 in
1032 1470 1110 1507 suis
1130 1470 1323 1507 limitibus.
1381 1468 1501 1515 Quod
1522 1469 1552 1506 si

215 1539 313 1578 ultra
341 1540 520 1590 queritur,
545 1540 639 1590 quid
668 1540 844 1577 terminat
871 1540 1069 1586 obiective,
1091 1540 1228 1577 dicitur
1256 1539 1363 1589 quod
1385 1539 1493 1577 Deus
1517 1545 1554 1577 et

215 1611 441 1648 universitas
475 1617 625 1657 creata3
656 1611 745 1660 quia
775 1610 823 1648 ad
854 1610 978 1660 ipsam
1011 1611 1235 1648 terminatur
1263 1609 1486 1656 intelleccio‚
1517 1617 1554 1648 et

164 1696 204 1719 20
217 1680 321 1718 nulla
350 1681 566 1719 intelleccio
599 1681 823 1719 terminatur
860 1681 910 1718 ad
948 1681 1092 1730 aliquid
1130 1681 1200 1717 nisi
1240 1680 1346 1730 quod
1384 1687 1441 1718 est
1471 1681 1553 1718 eius

216 1751 408 1789 obiectum
429 1751 628 1800 cognitum
647 1764 716 1801 per
735 1751 908 1788 eandem.
966 1751 1081 1788 Unde
1101 1751 1208 1788 valde
1229 1751 1353 1788 aliena
1373 1757 1461 1788 sunt
1481 1750 1552 1789 hec

216 1821 320 1859 duo:
349 1834 375 1859 A
401 1828 508 1859 actus
533 1821 756 1859 terminatur
785 1821 834 1859 ad
861 1834 883 1859 B
910 1823 1117 1867 obiectum,
1144 1828 1182 1859 et
1208 1834 1230 1859 Β
1256 1821 1451 1859 obiectum
1478 1828 1552 1858 ter-

215 1892 336 1929 minat
369 1891 476 1929 illum
504 1898 644 1929 actum.
701 1891 835 1929 Potest
872 1892 975 1929 enim
1015 1891 1159 1940 aliquid
1186 1892 1392 1930 terminare
1422 1898 1552 1929 actum

214 1961 436 1999 huiusmodi
482 1962 542 1999 vel
592 1962 947 2012 quomodocunque
994 1963 1195 2000 causaliter
1231 1962 1289 1999 vel
1336 1962 1553 2012 specialiter

163 2046 201 2078 25
217 2032 426 2079 obiective3
454 2031 560 2081 quod
589 2025 722 2070 solum*
744 2039 801 2069 est
830 2032 987 2082 quando
1012 2033 1224 2070 terminans
1253 2032 1552 2082 apprehenditur

214 2102 279 2139 tali
298 2108 395 2147 acm,
417 2102 521 2151 quod
547 2114 762 2152 numquam
789 2103 977 2152 contingit
997 2103 1046 2140 de
1074 2103 1293 2140 intencione
1314 2102 1372 2140 vel
1397 2109 1485 2140 actu
1511 2103 1551 2140 in

214 2172 356 2218 anima,
386 2172 458 2209 nisi
496 2172 592 2210 forte
621 2173 679 2210 vel
713 2173 752 2210 in
782 2173 945 2211 confuso
974 2174 1033 2211 vel
1071 2173 1164 2211 dum
1199 2173 1352 2210 animus
1390 2173 1551 2211 reflectit

214 2249 341 2280 actum
380 2243 552 2280 secundo
590 2243 757 2280 elicitum
795 2256 910 2293 super
947 2244 1138 2293 primum:
1188 2244 1235 2281 de
1264 2244 1345 2282 istis
1375 2251 1431 2281 est
1460 2244 1550 2281 alibi

215 2313 459 2351 declaratum.
531 2313 650 2360 Quod
687 2321 815 2351 autern
853 2326 932 2351 non
968 2315 1016 2352 sit
1053 2314 1145 2352 dare
1184 2327 1306 2364 genus
1339 2314 1549 2364 analogum

161 2400 203 2432 30
216 2383 545 2421 communicatum
567 2396 615 2420 ex
640 2391 747 2433 parte
771 2384 824 2421 rei
851 2384 980 2422 deitati
1007 2392 1044 2422 et
1067 2385 1161 2430 aliis,
1182 2397 1230 2422 ex
1258 2386 1331 2423 isto
1355 2385 1548 2424 creditur:

214 2453 285 2491 Illa
313 2454 619 2492 communicacio
644 2455 703 2492 vel
732 2462 789 2492 est
818 2467 915 2504 eque
945 2455 1072 2504 primo
1101 2468 1189 2493 eum
1219 2455 1359 2493 deitate
1378 2455 1437 2492 vel
1466 2456 1550 2504 ipsa

213 2523 423 2573 posterius:
463 2535 554 2562 non·
582 2537 679 2574 eque
717 2526 854 2574 primo,
891 2537 981 2563 curn
1019 2525 1126 2563 Deus
1156 2526 1303 2575 primus
1337 2532 1393 2564 est
1430 2537 1548 2575 quarn

121 2608 202 2639 14A
215 2594 521 2632 communicatur
546 2595 607 2632 alii
637 2595 865 2646 cuicumque
889 2603 926 2633 et
957 2595 974 2615 *
1002 2609 1071 2645 per
1094 2608 1337 2646 consequens
1361 2596 1465 2645 prius
1491 2603 1549 2634 est

214 2664 278 2701 illo
298 2665 496 2702 communi
515 2665 707 2714 analogo;
738 2666 848 2703 etsie
868 2678 948 2703 non
978 2667 1049 2703 sub
1079 2667 1232 2704 racione
1259 2667 1429 2704 essencie
1456 2667 1546 2703 sim-

161 2742 201 2776 35
216 2736 374 2785 pliciter,
394 2747 469 2785 que
489 2742 545 2773 est
566 2743 654 2774 ante
681 2737 878 2774 racionem
904 2738 1027 2787 prime
1053 2738 1234 2784 essencie‚
1255 2737 1314 2775 vel
1341 2737 1404 2775 alii
1427 2738 1547 2775 cuivis

215 2812 438 2856 comparate
464 2813 521 2844 est
549 2807 667 2853 Deus,
689 2819 777 2845 cum
808 2808 912 2857 prius
945 2815 1002 2846 est
1032 2814 1239 2858 antequam
1269 2809 1315 2846 sit
1344 2808 1406 2846 alii
1436 2820 1545 2846 com-
