<?xml version="1.0" encoding="UTF-8"?>
<!DOCTYPE html PUBLIC "-//W3C//DTD XHTML 1.0 Transitional//EN"
    "http://www.w3.org/TR/xhtml1/DTD/xhtml1-transitional.dtd">
<html xmlns="http://www.w3.org/1999/xhtml" xml:lang="en" lang="en">
 <head>
  <title>
</title>
<meta http-equiv="Content-Type" content="text/html;charset=utf-8" />
  <meta name='ocr-system' content='tesseract 3.04.00' />
  <meta name='ocr-capabilities' content='ocr_page ocr_carea ocr_par ocr_line ocrx_word'/>
</head>
<body>
  <div class='ocr_page' id='page_1' title='image "./dedominiodivinol00wycl_0467.png"; bbox 0 0 2095 3278; ppageno 0'>
   <div class='ocr_carea' id='block_1_1' title="bbox 40 213 1284 272">
    <p class='ocr_par' dir='ltr' id='par_1_1' title="bbox 40 213 1284 272">
     <span class='ocr_line' id='line_1_1' title="bbox 40 213 1284 272; baseline -0.006 -14"><span class='ocrx_word' id='word_1_1' title='bbox 40 229 128 259; x_wconf 86' lang='lat' dir='ltr'>CAP.</span> <span class='ocrx_word' id='word_1_2' title='bbox 145 213 254 272; x_wconf 82' lang='lat' dir='ltr'>xx1.]</span> <span class='ocrx_word' id='word_1_3' title='bbox 598 222 663 254; x_wconf 88' lang='lat' dir='ltr'>DE</span> <span class='ocrx_word' id='word_1_4' title='bbox 696 219 942 254; x_wconf 86' lang='lat' dir='ltr'><strong>PAUPERIE</strong></span> <span class='ocrx_word' id='word_1_5' title='bbox 974 215 1284 253; x_wconf 74' lang='lat' dir='ltr'>SALVAToRrs.</span> 
     </span>
    </p>
   </div>
   <div class='ocr_carea' id='block_1_2' title="bbox 147 322 1582 1820">
    <p class='ocr_par' dir='ltr' id='par_1_2' title="bbox 147 322 1580 548">
     <span class='ocr_line' id='line_1_2' title="bbox 147 322 1578 375; baseline -0.003 -13"><span class='ocrx_word' id='word_1_6' title='bbox 147 329 242 370; x_wconf 76' lang='lat'>3213]</span> <span class='ocrx_word' id='word_1_7' title='bbox 257 328 363 375; x_wconf 84' lang='lat' dir='ltr'>panis</span> <span class='ocrx_word' id='word_1_8' title='bbox 380 338 450 363; x_wconf 91' lang='lat' dir='ltr'>nec</span> <span class='ocrx_word' id='word_1_9' title='bbox 462 326 537 362; x_wconf 91' lang='lat' dir='ltr'>vini</span> <span class='ocrx_word' id='word_1_10' title='bbox 556 338 626 362; x_wconf 92' lang='lat' dir='ltr'>nec</span> <span class='ocrx_word' id='word_1_11' title='bbox 643 327 702 362; x_wconf 91' lang='lat' dir='ltr'>ovi</span> <span class='ocrx_word' id='word_1_12' title='bbox 719 337 789 361; x_wconf 89' lang='lat' dir='ltr'>nec</span> <span class='ocrx_word' id='word_1_13' title='bbox 806 326 902 362; x_wconf 89' lang='lat' dir='ltr'>casei</span> <span class='ocrx_word' id='word_1_14' title='bbox 921 336 990 360; x_wconf 90' lang='lat' dir='ltr'>nec</span> <span class='ocrx_word' id='word_1_15' title='bbox 1008 324 1156 360; x_wconf 87' lang='lat' dir='ltr'>alterius</span> <span class='ocrx_word' id='word_1_16' title='bbox 1174 324 1225 360; x_wconf 88' lang='lat' dir='ltr'>rei</span> <span class='ocrx_word' id='word_1_17' title='bbox 1243 322 1483 359; x_wconf 88' lang='lat' dir='ltr'>comestibilis</span> <span class='ocrx_word' id='word_1_18' title='bbox 1501 322 1578 359; x_wconf 85' lang='lat' dir='ltr'>sive</span> 
     </span>
     <span class='ocr_line' id='line_1_3' title="bbox 255 381 1579 432; baseline -0.005 -10"><span class='ocrx_word' id='word_1_19' title='bbox 255 385 427 432; x_wconf 89' lang='lat' dir='ltr'>potabilis</span> <span class='ocrx_word' id='word_1_20' title='bbox 446 385 658 420; x_wconf 81' lang='lat' dir='ltr'><strong>substancia</strong></span> <span class='ocrx_word' id='word_1_21' title='bbox 671 385 779 419; x_wconf 90' lang='lat' dir='ltr'>unico</span> <span class='ocrx_word' id='word_1_22' title='bbox 792 390 877 419; x_wconf 89' lang='lat' dir='ltr'>actu</span> <span class='ocrx_word' id='word_1_23' title='bbox 894 390 1021 418; x_wconf 90' lang='lat' dir='ltr'>nostro</span> <span class='ocrx_word' id='word_1_24' title='bbox 1034 389 1300 418; x_wconf 89' lang='lat' dir='ltr'>consumuntur</span> <span class='ocrx_word' id='word_1_25' title='bbox 1313 394 1320 426; x_wconf 91' lang='lat'>;</span> <span class='ocrx_word' id='word_1_26' title='bbox 1348 382 1436 427; x_wconf 90' lang='lat' dir='ltr'>quin</span> <span class='ocrx_word' id='word_1_27' title='bbox 1451 381 1579 426; x_wconf 85' lang='lat' dir='ltr'>pocius</span> 
     </span>
     <span class='ocr_line' id='line_1_4' title="bbox 255 439 1579 488; baseline -0.005 -8"><span class='ocrx_word' id='word_1_28' title='bbox 255 445 308 480; x_wconf 88' lang='lat' dir='ltr'>eis</span> <span class='ocrx_word' id='word_1_29' title='bbox 325 443 462 479; x_wconf 91' lang='lat' dir='ltr'>utimur</span> <span class='ocrx_word' id='word_1_30' title='bbox 475 449 672 488; x_wconf 81' lang='lat' dir='ltr'><strong>antequam</strong></span> <span class='ocrx_word' id='word_1_31' title='bbox 686 448 964 477; x_wconf 81' lang='lat' dir='ltr'>consumantur:</span> <span class='ocrx_word' id='word_1_32' title='bbox 992 441 1161 486; x_wconf 89' lang='lat' dir='ltr'>quamvis</span> <span class='ocrx_word' id='word_1_33' title='bbox 1176 440 1274 475; x_wconf 88' lang='lat' dir='ltr'>enim</span> <span class='ocrx_word' id='word_1_34' title='bbox 1291 451 1349 475; x_wconf 91' lang='lat' dir='ltr'>res</span> <span class='ocrx_word' id='word_1_35' title='bbox 1367 439 1579 474; x_wconf 88' lang='lat' dir='ltr'>huiusmodi</span> 
     </span>
     <span class='ocr_line' id='line_1_5' title="bbox 255 498 1580 548; baseline -0.005 -11"><span class='ocrx_word' id='word_1_36' title='bbox 255 501 515 548; x_wconf 87' lang='lat' dir='ltr'>quoquomodo</span> <span class='ocrx_word' id='word_1_37' title='bbox 531 507 616 536; x_wconf 87' lang='lat' dir='ltr'>actu</span> <span class='ocrx_word' id='word_1_38' title='bbox 634 500 869 536; x_wconf 83' lang='lat' dir='ltr'>comestionis</span> <span class='ocrx_word' id='word_1_39' title='bbox 887 500 1098 544; x_wconf 79' lang='lat' dir='ltr'>digerantur</span> <span class='ocrx_word' id='word_1_40' title='bbox 1115 499 1152 533; x_wconf 91' lang='lat' dir='ltr'>in</span> <span class='ocrx_word' id='word_1_41' title='bbox 1166 510 1238 542; x_wconf 90' lang='lat' dir='ltr'>ore,</span> <span class='ocrx_word' id='word_1_42' title='bbox 1251 509 1325 532; x_wconf 90' lang='lat' dir='ltr'>non</span> <span class='ocrx_word' id='word_1_43' title='bbox 1343 504 1493 543; x_wconf 91' lang='lat' dir='ltr'>propter</span> <span class='ocrx_word' id='word_1_44' title='bbox 1510 498 1580 531; x_wconf 91' lang='lat' dir='ltr'>hoc</span> 
     </span>
    </p>

    <p class='ocr_par' dir='ltr' id='par_1_3' title="bbox 161 555 1582 1820">
     <span class='ocr_line' id='line_1_6' title="bbox 224 555 1578 604; baseline -0.004 -10"><span class='ocrx_word' id='word_1_45' title='bbox 224 559 380 604; x_wconf 88' lang='lat' dir='ltr'>5statim</span> <span class='ocrx_word' id='word_1_46' title='bbox 407 558 637 594; x_wconf 90' lang='lat' dir='ltr'>consumitur</span> <span class='ocrx_word' id='word_1_47' title='bbox 663 559 826 603; x_wconf 90' lang='lat' dir='ltr'>ipsarum</span> <span class='ocrx_word' id='word_1_48' title='bbox 852 568 974 592; x_wconf 87' lang='lat' dir='ltr'>rerum</span> <span class='ocrx_word' id='word_1_49' title='bbox 1008 556 1231 598; x_wconf 81' lang='lat' dir='ltr'>substancia,</span> <span class='ocrx_word' id='word_1_50' title='bbox 1260 562 1315 590; x_wconf 89' lang='lat' dir='ltr'>set</span> <span class='ocrx_word' id='word_1_51' title='bbox 1344 555 1462 590; x_wconf 87' lang='lat' dir='ltr'>forme</span> <span class='ocrx_word' id='word_1_52' title='bbox 1492 555 1578 589; x_wconf 84' lang='lat' dir='ltr'>sub-</span> 
     </span>
     <span class='ocr_line' id='line_1_7' title="bbox 256 613 1578 652; baseline -0.004 -1"><span class='ocrx_word' id='word_1_53' title='bbox 256 617 452 652; x_wconf 86' lang='lat' dir='ltr'>stanciales</span> <span class='ocrx_word' id='word_1_54' title='bbox 466 617 594 652; x_wconf 90' lang='lat' dir='ltr'>talium</span> <span class='ocrx_word' id='word_1_55' title='bbox 611 628 733 652; x_wconf 92' lang='lat' dir='ltr'>rerum</span> <span class='ocrx_word' id='word_1_56' title='bbox 747 623 783 651; x_wconf 93' lang='lat' dir='ltr'>et</span> <span class='ocrx_word' id='word_1_57' title='bbox 799 617 917 651; x_wconf 87' lang='lat' dir='ltr'>forme</span> <span class='ocrx_word' id='word_1_58' title='bbox 935 626 1061 650; x_wconf 87' lang='lat' dir='ltr'>earum</span> <span class='ocrx_word' id='word_1_59' title='bbox 1074 614 1320 649; x_wconf 89' lang='lat' dir='ltr'>accidentales</span> <span class='ocrx_word' id='word_1_60' title='bbox 1335 613 1370 647; x_wconf 92' lang='lat' dir='ltr'>in</span> <span class='ocrx_word' id='word_1_61' title='bbox 1386 613 1578 648; x_wconf 80' lang='lat' dir='ltr'>stomacho</span> 
     </span>
     <span class='ocr_line' id='line_1_8' title="bbox 256 670 1578 719; baseline -0.005 -9"><span class='ocrx_word' id='word_1_62' title='bbox 256 682 448 710; x_wconf 85' lang='lat' dir='ltr'>remanent</span> <span class='ocrx_word' id='word_1_63' title='bbox 466 675 555 710; x_wconf 88' lang='lat' dir='ltr'>satis</span> <span class='ocrx_word' id='word_1_64' title='bbox 574 675 647 719; x_wconf 91' lang='lat' dir='ltr'>diu,</span> <span class='ocrx_word' id='word_1_65' title='bbox 665 675 748 709; x_wconf 91' lang='lat' dir='ltr'>licet</span> <span class='ocrx_word' id='word_1_66' title='bbox 771 685 846 708; x_wconf 92' lang='lat' dir='ltr'>non</span> <span class='ocrx_word' id='word_1_67' title='bbox 868 674 970 708; x_wconf 87' lang='lat' dir='ltr'>salva</span> <span class='ocrx_word' id='word_1_68' title='bbox 993 671 1208 707; x_wconf 88' lang='lat' dir='ltr'>substancia</span> <span class='ocrx_word' id='word_1_69' title='bbox 1232 682 1360 706; x_wconf 89' lang='lat' dir='ltr'>earum</span> <span class='ocrx_word' id='word_1_70' title='bbox 1378 670 1414 705; x_wconf 90' lang='lat' dir='ltr'>in</span> <span class='ocrx_word' id='word_1_71' title='bbox 1433 676 1522 714; x_wconf 88' lang='lat' dir='ltr'>toto,</span> <span class='ocrx_word' id='word_1_72' title='bbox 1542 676 1578 705; x_wconf 89' lang='lat' dir='ltr'>et</span> 
     </span>
     <span class='ocr_line' id='line_1_9' title="bbox 255 728 1578 777; baseline -0.004 -9"><span class='ocrx_word' id='word_1_73' title='bbox 255 733 308 768; x_wconf 87' lang='lat' dir='ltr'>eis</span> <span class='ocrx_word' id='word_1_74' title='bbox 327 733 464 768; x_wconf 88' lang='lat' dir='ltr'>utimur</span> <span class='ocrx_word' id='word_1_75' title='bbox 482 733 705 777; x_wconf 88' lang='lat' dir='ltr'>digerendo;</span> <span class='ocrx_word' id='word_1_76' title='bbox 734 732 840 766; x_wconf 90' lang='lat' dir='ltr'>sicuti</span> <span class='ocrx_word' id='word_1_77' title='bbox 866 730 1080 766; x_wconf 90' lang='lat' dir='ltr'>accidencia</span> <span class='ocrx_word' id='word_1_78' title='bbox 1098 728 1321 764; x_wconf 83' lang='lat' dir='ltr'>sacramenti</span> <span class='ocrx_word' id='word_1_79' title='bbox 1340 729 1465 763; x_wconf 86' lang='lat' dir='ltr'>altaris</span> <span class='ocrx_word' id='word_1_80' title='bbox 1484 729 1578 763; x_wconf 91' lang='lat' dir='ltr'>lace-</span> 
     </span>
     <span class='ocr_line' id='line_1_10' title="bbox 254 787 1579 835; baseline -0.005 -9"><span class='ocrx_word' id='word_1_81' title='bbox 254 797 335 825; x_wconf 87' lang='lat' dir='ltr'>rata</span> <span class='ocrx_word' id='word_1_82' title='bbox 367 802 442 825; x_wconf 90' lang='lat' dir='ltr'>non</span> <span class='ocrx_word' id='word_1_83' title='bbox 476 790 618 835; x_wconf 86' lang='lat' dir='ltr'>integra</span> <span class='ocrx_word' id='word_1_84' title='bbox 651 791 700 825; x_wconf 90' lang='lat' dir='ltr'>ad</span> <span class='ocrx_word' id='word_1_85' title='bbox 732 788 1124 824; x_wconf 80' lang='lat' dir='ltr'>nostramutilitatem</span> <span class='ocrx_word' id='word_1_86' title='bbox 1158 787 1194 821; x_wconf 92' lang='lat' dir='ltr'>in</span> <span class='ocrx_word' id='word_1_87' title='bbox 1229 793 1356 821; x_wconf 88' lang='lat' dir='ltr'>nostro</span> <span class='ocrx_word' id='word_1_88' title='bbox 1386 787 1579 821; x_wconf 87' lang='lat' dir='ltr'>stomacho</span> 
     </span>
     <span class='ocr_line' id='line_1_11' title="bbox 204 843 1577 893; baseline -0.004 -10"><span class='ocrx_word' id='word_1_89' title='bbox 204 866 244 888; x_wconf 90' lang='lat'>10</span> <span class='ocrx_word' id='word_1_90' title='bbox 256 848 407 883; x_wconf 87' lang='lat' dir='ltr'>notabili</span> <span class='ocrx_word' id='word_1_91' title='bbox 441 855 606 893; x_wconf 91' lang='lat' dir='ltr'>tempore</span> <span class='ocrx_word' id='word_1_92' title='bbox 648 847 869 890; x_wconf 85' lang='lat' dir='ltr'>detinentur,</span> <span class='ocrx_word' id='word_1_93' title='bbox 903 858 947 881; x_wconf 90' lang='lat' dir='ltr'>ex</span> <span class='ocrx_word' id='word_1_94' title='bbox 980 845 1113 891; x_wconf 88' lang='lat' dir='ltr'>quibus</span> <span class='ocrx_word' id='word_1_95' title='bbox 1154 855 1425 889; x_wconf 86' lang='lat' dir='ltr'>nonnunquam</span> <span class='ocrx_word' id='word_1_96' title='bbox 1466 843 1577 889; x_wconf 87' lang='lat' dir='ltr'>aliqui</span> 
     </span>
     <span class='ocr_line' id='line_1_12' title="bbox 256 903 1579 951; baseline -0.004 -10"><span class='ocrx_word' id='word_1_97' title='bbox 256 906 474 941; x_wconf 89' lang='lat' dir='ltr'>nutriuntur.</span> <span class='ocrx_word' id='word_1_98' title='bbox 524 906 564 942; x_wconf 90' lang='lat' dir='ltr'>Si</span> <span class='ocrx_word' id='word_1_99' title='bbox 590 905 700 951; x_wconf 89' lang='lat' dir='ltr'>igitur</span> <span class='ocrx_word' id='word_1_100' title='bbox 715 906 803 941; x_wconf 88' lang='lat' dir='ltr'>talia</span> <span class='ocrx_word' id='word_1_101' title='bbox 827 905 1052 940; x_wconf 91' lang='lat' dir='ltr'>nutrimenta</span> <span class='ocrx_word' id='word_1_102' title='bbox 1077 903 1160 949; x_wconf 90' lang='lat' dir='ltr'>quis</span> <span class='ocrx_word' id='word_1_103' title='bbox 1185 909 1374 947; x_wconf 89' lang='lat' dir='ltr'>urgeretur</span> <span class='ocrx_word' id='word_1_104' title='bbox 1397 913 1579 946; x_wconf 80' lang='lat' dir='ltr'>evomere,</span> 
     </span>
     <span class='ocr_line' id='line_1_13' title="bbox 256 960 1578 1010; baseline -0.005 -10"><span class='ocrx_word' id='word_1_105' title='bbox 256 965 381 1010; x_wconf 91' lang='lat' dir='ltr'>utique</span> <span class='ocrx_word' id='word_1_106' title='bbox 398 965 447 999; x_wconf 90' lang='lat' dir='ltr'>ad</span> <span class='ocrx_word' id='word_1_107' title='bbox 464 964 710 1000; x_wconf 87' lang='lat' dir='ltr'>nutricionem</span> <span class='ocrx_word' id='word_1_108' title='bbox 731 964 897 1007; x_wconf 91' lang='lat' dir='ltr'>aliorum,</span> <span class='ocrx_word' id='word_1_109' title='bbox 915 962 1074 997; x_wconf 87' lang='lat' dir='ltr'>maxime</span> <span class='ocrx_word' id='word_1_110' title='bbox 1100 962 1130 997; x_wconf 90' lang='lat' dir='ltr'>si</span> <span class='ocrx_word' id='word_1_111' title='bbox 1156 967 1439 1007; x_wconf 86' lang='lat' dir='ltr'>prepararentur</span> <span class='ocrx_word' id='word_1_112' title='bbox 1462 960 1578 995; x_wconf 91' lang='lat' dir='ltr'>homi-</span> 
     </span>
     <span class='ocr_line' id='line_1_14' title="bbox 161 1018 1579 1067; baseline -0.003 -10"><span class='ocrx_word' id='word_1_113' title='bbox 161 1027 244 1057; x_wconf 86' lang='lat' dir='ltr'>33A</span> <span class='ocrx_word' id='word_1_114' title='bbox 257 1023 363 1058; x_wconf 91' lang='lat' dir='ltr'>nibus</span> <span class='ocrx_word' id='word_1_115' title='bbox 381 1023 642 1067; x_wconf 85' lang='lat' dir='ltr'>egrotantibus,</span> <span class='ocrx_word' id='word_1_116' title='bbox 655 1022 691 1057; x_wconf 94' lang='lat' dir='ltr'>in</span> <span class='ocrx_word' id='word_1_117' title='bbox 705 1034 793 1057; x_wconf 88' lang='lat' dir='ltr'>casu</span> <span class='ocrx_word' id='word_1_118' title='bbox 807 1021 965 1067; x_wconf 87' lang='lat' dir='ltr'>amplius</span> <span class='ocrx_word' id='word_1_119' title='bbox 986 1020 1002 1040; x_wconf 73' lang='lat'>&#39;¹‘</span> <span class='ocrx_word' id='word_1_120' title='bbox 1019 1020 1236 1066; x_wconf 88' lang='lat' dir='ltr'>proficerent</span> <span class='ocrx_word' id='word_1_121' title='bbox 1251 1031 1363 1064; x_wconf 89' lang='lat' dir='ltr'>quam</span> <span class='ocrx_word' id='word_1_122' title='bbox 1381 1018 1411 1054; x_wconf 91' lang='lat' dir='ltr'>si</span> <span class='ocrx_word' id='word_1_123' title='bbox 1430 1019 1579 1053; x_wconf 90' lang='lat' dir='ltr'>immas—</span> 
     </span>
     <span class='ocr_line' id='line_1_15' title="bbox 255 1076 1578 1126; baseline -0.003 -11"><span class='ocrx_word' id='word_1_124' title='bbox 255 1081 368 1115; x_wconf 87' lang='lat' dir='ltr'>ticata</span> <span class='ocrx_word' id='word_1_125' title='bbox 392 1087 502 1116; x_wconf 88' lang='lat' dir='ltr'>antea</span> <span class='ocrx_word' id='word_1_126' title='bbox 527 1087 675 1126; x_wconf 88' lang='lat' dir='ltr'>sumpta</span> <span class='ocrx_word' id='word_1_127' title='bbox 698 1080 878 1124; x_wconf 82' lang='lat' dir='ltr'>fuissent3</span> <span class='ocrx_word' id='word_1_128' title='bbox 911 1078 1018 1114; x_wconf 90' lang='lat' dir='ltr'>sicuti</span> <span class='ocrx_word' id='word_1_129' title='bbox 1045 1078 1082 1113; x_wconf 92' lang='lat' dir='ltr'>in</span> <span class='ocrx_word' id='word_1_130' title='bbox 1106 1078 1229 1124; x_wconf 89' lang='lat' dir='ltr'>pueris</span> <span class='ocrx_word' id='word_1_131' title='bbox 1256 1077 1346 1113; x_wconf 86' lang='lat' dir='ltr'>satis</span> <span class='ocrx_word' id='word_1_132' title='bbox 1371 1076 1495 1122; x_wconf 88' lang='lat' dir='ltr'>liquet,</span> <span class='ocrx_word' id='word_1_133' title='bbox 1517 1076 1578 1122; x_wconf 92' lang='lat' dir='ltr'>qui</span> 
     </span>
     <span class='ocr_line' id='line_1_16' title="bbox 201 1135 1579 1184; baseline -0.004 -10"><span class='ocrx_word' id='word_1_134' title='bbox 201 1152 240 1184; x_wconf 88' lang='lat'>15</span> <span class='ocrx_word' id='word_1_135' title='bbox 256 1139 361 1184; x_wconf 90' lang='lat' dir='ltr'>plura</span> <span class='ocrx_word' id='word_1_136' title='bbox 383 1150 450 1174; x_wconf 84' lang='lat' dir='ltr'>sua</span> <span class='ocrx_word' id='word_1_137' title='bbox 474 1139 699 1174; x_wconf 84' lang='lat' dir='ltr'>nutrimenta</span> <span class='ocrx_word' id='word_1_138' title='bbox 716 1151 739 1174; x_wconf 91' lang='lat' dir='ltr'>a</span> <span class='ocrx_word' id='word_1_139' title='bbox 755 1138 957 1174; x_wconf 87' lang='lat' dir='ltr'>nutricibus</span> <span class='ocrx_word' id='word_1_140' title='bbox 976 1137 1051 1173; x_wconf 89' lang='lat' dir='ltr'>suis</span> <span class='ocrx_word' id='word_1_141' title='bbox 1077 1135 1340 1183; x_wconf 88' lang='lat' dir='ltr'>premasticata</span> <span class='ocrx_word' id='word_1_142' title='bbox 1366 1135 1579 1180; x_wconf 88' lang='lat' dir='ltr'>suscipiunt.</span> 
     </span>
     <span class='ocr_line' id='line_1_17' title="bbox 257 1191 1579 1239; baseline -0.003 -10"><span class='ocrx_word' id='word_1_143' title='bbox 257 1196 363 1238; x_wconf 89' lang='lat' dir='ltr'>Item,</span> <span class='ocrx_word' id='word_1_144' title='bbox 390 1194 508 1239; x_wconf 89' lang='lat' dir='ltr'>panis,</span> <span class='ocrx_word' id='word_1_145' title='bbox 535 1195 672 1239; x_wconf 89' lang='lat' dir='ltr'>vinum,</span> <span class='ocrx_word' id='word_1_146' title='bbox 702 1201 738 1229; x_wconf 92' lang='lat' dir='ltr'>et</span> <span class='ocrx_word' id='word_1_147' title='bbox 772 1205 853 1237; x_wconf 89' lang='lat' dir='ltr'>ova,</span> <span class='ocrx_word' id='word_1_148' title='bbox 884 1205 1025 1237; x_wconf 88' lang='lat' dir='ltr'>carnes,</span> <span class='ocrx_word' id='word_1_149' title='bbox 1055 1200 1091 1228; x_wconf 88' lang='lat' dir='ltr'>et</span> <span class='ocrx_word' id='word_1_150' title='bbox 1126 1192 1259 1237; x_wconf 83' lang='lat' dir='ltr'>pisces,</span> <span class='ocrx_word' id='word_1_151' title='bbox 1290 1191 1460 1237; x_wconf 87' lang='lat' dir='ltr'>quamvis</span> <span class='ocrx_word' id='word_1_152' title='bbox 1493 1202 1579 1225; x_wconf 92' lang='lat' dir='ltr'>con-</span> 
     </span>
     <span class='ocr_line' id='line_1_18' title="bbox 255 1248 1580 1302; baseline -0.003 -15"><span class='ocrx_word' id='word_1_153' title='bbox 255 1259 448 1287; x_wconf 89' lang='lat' dir='ltr'>sumantur</span> <span class='ocrx_word' id='word_1_154' title='bbox 474 1264 540 1302; x_wconf 85' lang='lat' dir='ltr'>per</span> <span class='ocrx_word' id='word_1_155' title='bbox 563 1264 672 1288; x_wconf 89' lang='lat' dir='ltr'>usum</span> <span class='ocrx_word' id='word_1_156' title='bbox 697 1258 866 1287; x_wconf 87' lang='lat' dir='ltr'>nostrum</span> <span class='ocrx_word' id='word_1_157' title='bbox 895 1252 973 1286; x_wconf 92' lang='lat' dir='ltr'>sola</span> <span class='ocrx_word' id='word_1_158' title='bbox 1000 1250 1204 1295; x_wconf 89' lang='lat' dir='ltr'>digestione</span> <span class='ocrx_word' id='word_1_159' title='bbox 1234 1249 1272 1283; x_wconf 91' lang='lat' dir='ltr'>in</span> <span class='ocrx_word' id='word_1_160' title='bbox 1297 1250 1502 1293; x_wconf 88' lang='lat' dir='ltr'>stomacho,</span> <span class='ocrx_word' id='word_1_161' title='bbox 1529 1248 1580 1283; x_wconf 89' lang='lat' dir='ltr'>ita</span> 
     </span>
     <span class='ocr_line' id='line_1_19' title="bbox 255 1307 1579 1356; baseline -0.003 -11"><span class='ocrx_word' id='word_1_162' title='bbox 255 1311 355 1355; x_wconf 91' lang='lat' dir='ltr'>quod</span> <span class='ocrx_word' id='word_1_163' title='bbox 381 1310 417 1345; x_wconf 91' lang='lat' dir='ltr'>in</span> <span class='ocrx_word' id='word_1_164' title='bbox 445 1310 514 1346; x_wconf 87' lang='lat' dir='ltr'>hiis</span> <span class='ocrx_word' id='word_1_165' title='bbox 540 1310 732 1356; x_wconf 89' lang='lat' dir='ltr'>speciebus</span> <span class='ocrx_word' id='word_1_166' title='bbox 759 1309 835 1345; x_wconf 85' lang='lat' dir='ltr'>suis</span> <span class='ocrx_word' id='word_1_167' title='bbox 859 1321 934 1345; x_wconf 91' lang='lat' dir='ltr'>non</span> <span class='ocrx_word' id='word_1_168' title='bbox 959 1315 1161 1351; x_wconf 87' lang='lat' dir='ltr'>remanent,</span> <span class='ocrx_word' id='word_1_169' title='bbox 1182 1314 1307 1343; x_wconf 89' lang='lat' dir='ltr'>tamen</span> <span class='ocrx_word' id='word_1_170' title='bbox 1332 1319 1407 1342; x_wconf 89' lang='lat' dir='ltr'>non</span> <span class='ocrx_word' id='word_1_171' title='bbox 1434 1307 1486 1342; x_wconf 90' lang='lat' dir='ltr'>ita</span> <span class='ocrx_word' id='word_1_172' title='bbox 1511 1318 1579 1342; x_wconf 88' lang='lat' dir='ltr'>usu</span> 
     </span>
     <span class='ocr_line' id='line_1_20' title="bbox 255 1365 1579 1414; baseline -0.003 -11"><span class='ocrx_word' id='word_1_173' title='bbox 255 1375 522 1404; x_wconf 90' lang='lat' dir='ltr'>consumuntur</span> <span class='ocrx_word' id='word_1_174' title='bbox 554 1369 642 1414; x_wconf 90' lang='lat' dir='ltr'>quin</span> <span class='ocrx_word' id='word_1_175' title='bbox 683 1375 747 1403; x_wconf 91' lang='lat' dir='ltr'>aut</span> <span class='ocrx_word' id='word_1_176' title='bbox 780 1374 859 1403; x_wconf 88' lang='lat' dir='ltr'>tota</span> <span class='ocrx_word' id='word_1_177' title='bbox 891 1378 1018 1403; x_wconf 87' lang='lat' dir='ltr'>eorum</span> <span class='ocrx_word' id='word_1_178' title='bbox 1050 1366 1207 1401; x_wconf 89' lang='lat' dir='ltr'>materia</span> <span class='ocrx_word' id='word_1_179' title='bbox 1241 1372 1304 1400; x_wconf 88' lang='lat' dir='ltr'>aut</span> <span class='ocrx_word' id='word_1_180' title='bbox 1336 1365 1456 1400; x_wconf 89' lang='lat' dir='ltr'>maior</span> <span class='ocrx_word' id='word_1_181' title='bbox 1493 1376 1579 1410; x_wconf 89' lang='lat' dir='ltr'>pars</span> 
     </span>
     <span class='ocr_line' id='line_1_21' title="bbox 204 1424 1579 1472; baseline -0.001 -13"><span class='ocrx_word' id='word_1_182' title='bbox 204 1437 243 1460; x_wconf 84' lang='lat'>20</span> <span class='ocrx_word' id='word_1_183' title='bbox 257 1426 417 1472; x_wconf 92' lang='lat' dir='ltr'>ipsarum</span> <span class='ocrx_word' id='word_1_184' title='bbox 439 1427 592 1463; x_wconf 88' lang='lat' dir='ltr'>materie</span> <span class='ocrx_word' id='word_1_185' title='bbox 610 1439 694 1462; x_wconf 92' lang='lat' dir='ltr'>cum</span> <span class='ocrx_word' id='word_1_186' title='bbox 715 1427 842 1461; x_wconf 87' lang='lat' dir='ltr'>formis</span> <span class='ocrx_word' id='word_1_187' title='bbox 866 1425 1174 1461; x_wconf 88' lang='lat' dir='ltr'>substancialibus</span> <span class='ocrx_word' id='word_1_188' title='bbox 1193 1424 1306 1469; x_wconf 89' lang='lat' dir='ltr'>ipsius</span> <span class='ocrx_word' id='word_1_189' title='bbox 1324 1430 1524 1466; x_wconf 89' lang='lat' dir='ltr'>remaneat,</span> <span class='ocrx_word' id='word_1_190' title='bbox 1543 1429 1579 1458; x_wconf 94' lang='lat' dir='ltr'>et</span> 
     </span>
     <span class='ocr_line' id='line_1_22' title="bbox 255 1482 1580 1531; baseline -0.003 -11"><span class='ocrx_word' id='word_1_191' title='bbox 255 1497 278 1520; x_wconf 91' lang='lat' dir='ltr'>a</span> <span class='ocrx_word' id='word_1_192' title='bbox 307 1485 536 1521; x_wconf 89' lang='lat' dir='ltr'>sumentibus</span> <span class='ocrx_word' id='word_1_193' title='bbox 569 1497 635 1531; x_wconf 90' lang='lat' dir='ltr'>per</span> <span class='ocrx_word' id='word_1_194' title='bbox 662 1485 889 1529; x_wconf 87' lang='lat' dir='ltr'>egestionem</span> <span class='ocrx_word' id='word_1_195' title='bbox 919 1483 1119 1519; x_wconf 87' lang='lat' dir='ltr'>emittitur:</span> <span class='ocrx_word' id='word_1_196' title='bbox 1157 1482 1261 1518; x_wconf 90' lang='lat' dir='ltr'>cuius</span> <span class='ocrx_word' id='word_1_197' title='bbox 1294 1482 1446 1517; x_wconf 87' lang='lat' dir='ltr'>materie</span> <span class='ocrx_word' id='word_1_198' title='bbox 1478 1488 1580 1527; x_wconf 91' lang='lat' dir='ltr'>post-</span> 
     </span>
     <span class='ocr_line' id='line_1_23' title="bbox 256 1540 1582 1589; baseline -0.003 -11"><span class='ocrx_word' id='word_1_199' title='bbox 256 1543 409 1578; x_wconf 90' lang='lat' dir='ltr'>modum</span> <span class='ocrx_word' id='word_1_200' title='bbox 426 1543 557 1589; x_wconf 88' lang='lat' dir='ltr'>poterit</span> <span class='ocrx_word' id='word_1_201' title='bbox 575 1555 656 1578; x_wconf 88' lang='lat' dir='ltr'>esse</span> <span class='ocrx_word' id='word_1_202' title='bbox 673 1555 772 1586; x_wconf 87' lang='lat' dir='ltr'>usus,</span> <span class='ocrx_word' id='word_1_203' title='bbox 791 1554 874 1578; x_wconf 90' lang='lat' dir='ltr'>cum</span> <span class='ocrx_word' id='word_1_204' title='bbox 892 1542 941 1577; x_wconf 88' lang='lat' dir='ltr'>ad</span> <span class='ocrx_word' id='word_1_205' title='bbox 958 1541 1296 1587; x_wconf 89' lang='lat' dir='ltr'>impinguacionem</span> <span class='ocrx_word' id='word_1_206' title='bbox 1313 1546 1408 1576; x_wconf 91' lang='lat' dir='ltr'>terre</span> <span class='ocrx_word' id='word_1_207' title='bbox 1427 1540 1582 1575; x_wconf 88' lang='lat' dir='ltr'>materia</span> 
     </span>
     <span class='ocr_line' id='line_1_24' title="bbox 257 1599 1580 1646; baseline -0.003 -10"><span class='ocrx_word' id='word_1_208' title='bbox 257 1601 337 1646; x_wconf 89' lang='lat' dir='ltr'>ipsa</span> <span class='ocrx_word' id='word_1_209' title='bbox 362 1601 409 1636; x_wconf 92' lang='lat' dir='ltr'>sit</span> <span class='ocrx_word' id='word_1_210' title='bbox 436 1601 557 1645; x_wconf 91' lang='lat' dir='ltr'>utilis;</span> <span class='ocrx_word' id='word_1_211' title='bbox 594 1601 702 1636; x_wconf 89' lang='lat' dir='ltr'>sicuti</span> <span class='ocrx_word' id='word_1_212' title='bbox 730 1600 828 1636; x_wconf 91' lang='lat' dir='ltr'>utilis</span> <span class='ocrx_word' id='word_1_213' title='bbox 853 1607 909 1636; x_wconf 92' lang='lat' dir='ltr'>est</span> <span class='ocrx_word' id='word_1_214' title='bbox 935 1601 984 1635; x_wconf 91' lang='lat' dir='ltr'>ad</span> <span class='ocrx_word' id='word_1_215' title='bbox 1012 1599 1223 1634; x_wconf 85' lang='lat' dir='ltr'>huiusmodi</span> <span class='ocrx_word' id='word_1_216' title='bbox 1250 1599 1447 1633; x_wconf 88' lang='lat' dir='ltr'>commoda</span> <span class='ocrx_word' id='word_1_217' title='bbox 1472 1599 1580 1633; x_wconf 89' lang='lat' dir='ltr'>fimus</span> 
     </span>
     <span class='ocr_line' id='line_1_25' title="bbox 255 1656 1580 1704; baseline -0.003 -10"><span class='ocrx_word' id='word_1_218' title='bbox 255 1670 432 1704; x_wconf 92' lang='lat' dir='ltr'>equorum</span> <span class='ocrx_word' id='word_1_219' title='bbox 458 1666 494 1694; x_wconf 89' lang='lat' dir='ltr'>et</span> <span class='ocrx_word' id='word_1_220' title='bbox 518 1660 665 1702; x_wconf 90' lang='lat' dir='ltr'>bovum,</span> <span class='ocrx_word' id='word_1_221' title='bbox 691 1665 728 1695; x_wconf 89' lang='lat' dir='ltr'>et</span> <span class='ocrx_word' id='word_1_222' title='bbox 756 1658 874 1694; x_wconf 89' lang='lat' dir='ltr'>eciam</span> <span class='ocrx_word' id='word_1_223' title='bbox 899 1658 1060 1693; x_wconf 88' lang='lat' dir='ltr'>hominis</span> <span class='ocrx_word' id='word_1_224' title='bbox 1086 1656 1192 1692; x_wconf 88' lang='lat' dir='ltr'>urina</span> <span class='ocrx_word' id='word_1_225' title='bbox 1217 1657 1267 1692; x_wconf 89' lang='lat' dir='ltr'>ad</span> <span class='ocrx_word' id='word_1_226' title='bbox 1291 1656 1405 1692; x_wconf 88' lang='lat' dir='ltr'>alicos</span> <span class='ocrx_word' id='word_1_227' title='bbox 1430 1657 1580 1691; x_wconf 90' lang='lat' dir='ltr'>morbos</span> 
     </span>
     <span class='ocr_line' id='line_1_26' title="bbox 205 1715 1582 1763; baseline -0.001 -13"><span class='ocrx_word' id='word_1_228' title='bbox 205 1727 242 1758; x_wconf 90' lang='lat'>25</span> <span class='ocrx_word' id='word_1_229' title='bbox 257 1717 438 1752; x_wconf 85' lang='lat' dir='ltr'>curandos</span> <span class='ocrx_word' id='word_1_230' title='bbox 472 1723 529 1752; x_wconf 89' lang='lat' dir='ltr'>est</span> <span class='ocrx_word' id='word_1_231' title='bbox 562 1716 672 1763; x_wconf 84' lang='lat' dir='ltr'>utilis,</span> <span class='ocrx_word' id='word_1_232' title='bbox 703 1723 738 1751; x_wconf 90' lang='lat' dir='ltr'>et</span> <span class='ocrx_word' id='word_1_233' title='bbox 772 1716 940 1751; x_wconf 88' lang='lat' dir='ltr'>similiter</span> <span class='ocrx_word' id='word_1_234' title='bbox 972 1715 1050 1751; x_wconf 90' lang='lat' dir='ltr'>eius</span> <span class='ocrx_word' id='word_1_235' title='bbox 1083 1715 1235 1760; x_wconf 90' lang='lat' dir='ltr'>egestio.</span> <span class='ocrx_word' id='word_1_236' title='bbox 1287 1716 1377 1749; x_wconf 91' lang='lat' dir='ltr'>Non</span> <span class='ocrx_word' id='word_1_237' title='bbox 1409 1715 1582 1749; x_wconf 88' lang='lat' dir='ltr'>obstante</span> 
     </span>
     <span class='ocr_line' id='line_1_27' title="bbox 257 1771 1582 1820; baseline -0.002 -12"><span class='ocrx_word' id='word_1_238' title='bbox 257 1774 366 1819; x_wconf 90' lang='lat' dir='ltr'>igitur</span> <span class='ocrx_word' id='word_1_239' title='bbox 388 1775 486 1820; x_wconf 92' lang='lat' dir='ltr'>quod</span> <span class='ocrx_word' id='word_1_240' title='bbox 509 1775 602 1810; x_wconf 89' lang='lat' dir='ltr'>tales</span> <span class='ocrx_word' id='word_1_241' title='bbox 627 1786 686 1810; x_wconf 92' lang='lat' dir='ltr'>res</span> <span class='ocrx_word' id='word_1_242' title='bbox 712 1773 1015 1818; x_wconf 88' lang='lat' dir='ltr'>consumptibiles</span> <span class='ocrx_word' id='word_1_243' title='bbox 1041 1785 1109 1808; x_wconf 90' lang='lat' dir='ltr'>usu</span> <span class='ocrx_word' id='word_1_244' title='bbox 1127 1773 1307 1817; x_wconf 82' lang='lat' dir='ltr'>dicantur,</span> <span class='ocrx_word' id='word_1_245' title='bbox 1328 1772 1476 1816; x_wconf 87' lang='lat' dir='ltr'>scilicet,</span> <span class='ocrx_word' id='word_1_246' title='bbox 1495 1771 1582 1817; x_wconf 89' lang='lat' dir='ltr'>quia</span> 
     </span>
    </p>
   </div>
   <div class='ocr_carea' id='block_1_3' title="bbox 33 1829 1580 1880">
    <p class='ocr_par' dir='ltr' id='par_1_4' title="bbox 33 1829 1580 1880">
     <span class='ocr_line' id='line_1_28' title="bbox 33 1829 1580 1880; baseline -0.003 -11"><span class='ocrx_word' id='word_1_247' title='bbox 33 1838 178 1880; x_wconf 76' lang='lat' dir='ltr'>prod.13.</span> <span class='ocrx_word' id='word_1_248' title='bbox 255 1832 383 1868; x_wconf 83' lang='lat' dir='ltr'>utendi</span> <span class='ocrx_word' id='word_1_249' title='bbox 408 1839 493 1867; x_wconf 89' lang='lat' dir='ltr'>actu</span> <span class='ocrx_word' id='word_1_250' title='bbox 519 1833 680 1877; x_wconf 88' lang='lat' dir='ltr'>speciem</span> <span class='ocrx_word' id='word_1_251' title='bbox 705 1844 811 1867; x_wconf 89' lang='lat' dir='ltr'>suam</span> <span class='ocrx_word' id='word_1_252' title='bbox 836 1832 1015 1877; x_wconf 86' lang='lat' dir='ltr'>perdunt3</span> <span class='ocrx_word' id='word_1_253' title='bbox 1043 1831 1192 1866; x_wconf 88' lang='lat' dir='ltr'>usibiles</span> <span class='ocrx_word' id='word_1_254' title='bbox 1217 1830 1479 1865; x_wconf 87' lang='lat' dir='ltr'>nichilominus</span> <span class='ocrx_word' id='word_1_255' title='bbox 1507 1829 1580 1864; x_wconf 93' lang='lat' dir='ltr'>dici</span> 
     </span>
    </p>
   </div>
   <div class='ocr_carea' id='block_1_4' title="bbox 204 1889 1585 2634">
    <p class='ocr_par' dir='ltr' id='par_1_5' title="bbox 204 1889 1585 2634">
     <span class='ocr_line' id='line_1_29' title="bbox 255 1889 1581 1936; baseline -0.002 -11"><span class='ocrx_word' id='word_1_256' title='bbox 255 1896 422 1936; x_wconf 89' lang='lat' dir='ltr'>possunt,</span> <span class='ocrx_word' id='word_1_257' title='bbox 435 1902 561 1925; x_wconf 87' lang='lat' dir='ltr'>earum</span> <span class='ocrx_word' id='word_1_258' title='bbox 579 1897 664 1935; x_wconf 92' lang='lat' dir='ltr'>post</span> <span class='ocrx_word' id='word_1_259' title='bbox 680 1902 787 1925; x_wconf 90' lang='lat' dir='ltr'>usum</span> <span class='ocrx_word' id='word_1_260' title='bbox 804 1890 869 1925; x_wconf 87' lang='lat' dir='ltr'>tali</span> <span class='ocrx_word' id='word_1_261' title='bbox 886 1890 1040 1925; x_wconf 90' lang='lat' dir='ltr'>materia</span> <span class='ocrx_word' id='word_1_262' title='bbox 1057 1895 1285 1924; x_wconf 88' lang='lat' dir='ltr'>remanente.</span> <span class='ocrx_word' id='word_1_263' title='bbox 1328 1889 1441 1924; x_wconf 92' lang='lat' dir='ltr'>Unde</span> <span class='ocrx_word' id='word_1_264' title='bbox 1458 1889 1581 1933; x_wconf 87' lang='lat' dir='ltr'>plures</span> 
     </span>
     <span class='ocr_line' id='line_1_30' title="bbox 256 1945 1582 1994; baseline -0.002 -11"><span class='ocrx_word' id='word_1_265' title='bbox 256 1949 356 1984; x_wconf 93' lang='lat' dir='ltr'>docti</span> <span class='ocrx_word' id='word_1_266' title='bbox 382 1949 553 1993; x_wconf 90' lang='lat' dir='ltr'>yconomi</span> <span class='ocrx_word' id='word_1_267' title='bbox 580 1955 750 1994; x_wconf 88' lang='lat' dir='ltr'>pasturas</span> <span class='ocrx_word' id='word_1_268' title='bbox 775 1948 899 1983; x_wconf 92' lang='lat' dir='ltr'>ovium</span> <span class='ocrx_word' id='word_1_269' title='bbox 924 1947 1054 1983; x_wconf 89' lang='lat' dir='ltr'>vicinis</span> <span class='ocrx_word' id='word_1_270' title='bbox 1084 1947 1158 1982; x_wconf 90' lang='lat' dir='ltr'>suis</span> <span class='ocrx_word' id='word_1_271' title='bbox 1186 1945 1403 1990; x_wconf 91' lang='lat' dir='ltr'>concedunt,</span> <span class='ocrx_word' id='word_1_272' title='bbox 1429 1952 1469 1981; x_wconf 91' lang='lat' dir='ltr'>ut</span> <span class='ocrx_word' id='word_1_273' title='bbox 1493 1957 1582 1981; x_wconf 89' lang='lat' dir='ltr'>oves</span> 
     </span>
     <span class='ocr_line' id='line_1_31' title="bbox 204 2004 1582 2052; baseline -0.004 -9"><span class='ocrx_word' id='word_1_274' title='bbox 204 2021 245 2052; x_wconf 81' lang='lat'>30</span> <span class='ocrx_word' id='word_1_275' title='bbox 258 2007 393 2041; x_wconf 89' lang='lat' dir='ltr'>cubant</span> <span class='ocrx_word' id='word_1_276' title='bbox 420 2006 457 2041; x_wconf 90' lang='lat' dir='ltr'>in</span> <span class='ocrx_word' id='word_1_277' title='bbox 485 2006 589 2042; x_wconf 89' lang='lat' dir='ltr'>terris</span> <span class='ocrx_word' id='word_1_278' title='bbox 617 2006 692 2042; x_wconf 88' lang='lat' dir='ltr'>suis</span> <span class='ocrx_word' id='word_1_279' title='bbox 722 2006 769 2041; x_wconf 90' lang='lat' dir='ltr'>de</span> <span class='ocrx_word' id='word_1_280' title='bbox 797 2005 969 2041; x_wconf 88' lang='lat' dir='ltr'>noctibus</span> <span class='ocrx_word' id='word_1_281' title='bbox 995 2012 1034 2041; x_wconf 95' lang='lat' dir='ltr'>ut</span> <span class='ocrx_word' id='word_1_282' title='bbox 1061 2005 1161 2050; x_wconf 88' lang='lat' dir='ltr'>ipsas</span> <span class='ocrx_word' id='word_1_283' title='bbox 1186 2011 1302 2040; x_wconf 88' lang='lat' dir='ltr'>terras</span> <span class='ocrx_word' id='word_1_284' title='bbox 1331 2004 1582 2049; x_wconf 86' lang='lat' dir='ltr'>egestionibus</span> 
     </span>
     <span class='ocr_line' id='line_1_32' title="bbox 258 2061 1581 2109; baseline -0.002 -10"><span class='ocrx_word' id='word_1_285' title='bbox 258 2064 333 2099; x_wconf 92' lang='lat' dir='ltr'>suis</span> <span class='ocrx_word' id='word_1_286' title='bbox 354 2063 608 2109; x_wconf 87' lang='lat' dir='ltr'>impinguant;</span> <span class='ocrx_word' id='word_1_287' title='bbox 634 2070 671 2099; x_wconf 87' lang='lat' dir='ltr'>et</span> <span class='ocrx_word' id='word_1_288' title='bbox 695 2064 755 2098; x_wconf 91' lang='lat' dir='ltr'>alii</span> <span class='ocrx_word' id='word_1_289' title='bbox 782 2065 927 2109; x_wconf 85' lang='lat' dir='ltr'>paleam</span> <span class='ocrx_word' id='word_1_290' title='bbox 949 2074 1216 2108; x_wconf 90' lang='lat' dir='ltr'>nonnunquam</span> <span class='ocrx_word' id='word_1_291' title='bbox 1238 2074 1282 2097; x_wconf 93' lang='lat' dir='ltr'>ac</span> <span class='ocrx_word' id='word_1_292' title='bbox 1307 2063 1433 2097; x_wconf 88' lang='lat' dir='ltr'>fenum</span> <span class='ocrx_word' id='word_1_293' title='bbox 1450 2061 1581 2096; x_wconf 90' lang='lat' dir='ltr'>vicinis</span> 
     </span>
     <span class='ocr_line' id='line_1_33' title="bbox 259 2120 1580 2167; baseline -0.002 -10"><span class='ocrx_word' id='word_1_294' title='bbox 259 2122 336 2157; x_wconf 89' lang='lat' dir='ltr'>suis</span> <span class='ocrx_word' id='word_1_295' title='bbox 365 2121 614 2167; x_wconf 88' lang='lat' dir='ltr'>indigentibus</span> <span class='ocrx_word' id='word_1_296' title='bbox 644 2133 711 2167; x_wconf 89' lang='lat' dir='ltr'>pro</span> <span class='ocrx_word' id='word_1_297' title='bbox 741 2122 817 2157; x_wconf 90' lang='lat' dir='ltr'>suis</span> <span class='ocrx_word' id='word_1_298' title='bbox 850 2121 1022 2156; x_wconf 89' lang='lat' dir='ltr'>iumentis</span> <span class='ocrx_word' id='word_1_299' title='bbox 1049 2121 1268 2164; x_wconf 87' lang='lat' dir='ltr'>concedunt,</span> <span class='ocrx_word' id='word_1_300' title='bbox 1296 2121 1346 2155; x_wconf 85' lang='lat' dir='ltr'>ita</span> <span class='ocrx_word' id='word_1_301' title='bbox 1379 2127 1418 2155; x_wconf 92' lang='lat' dir='ltr'>ut</span> <span class='ocrx_word' id='word_1_302' title='bbox 1453 2120 1580 2155; x_wconf 89' lang='lat' dir='ltr'>fimum</span> 
     </span>
     <span class='ocr_line' id='line_1_34' title="bbox 258 2179 1581 2225; baseline -0.002 -10"><span class='ocrx_word' id='word_1_303' title='bbox 258 2191 385 2215; x_wconf 89' lang='lat' dir='ltr'>eorum</span> <span class='ocrx_word' id='word_1_304' title='bbox 410 2179 611 2225; x_wconf 90' lang='lat' dir='ltr'>recipiant:</span> <span class='ocrx_word' id='word_1_305' title='bbox 645 2179 697 2214; x_wconf 90' lang='lat' dir='ltr'>ita</span> <span class='ocrx_word' id='word_1_306' title='bbox 723 2179 822 2225; x_wconf 93' lang='lat' dir='ltr'>quod</span> <span class='ocrx_word' id='word_1_307' title='bbox 848 2179 988 2214; x_wconf 88' lang='lat' dir='ltr'>domini</span> <span class='ocrx_word' id='word_1_308' title='bbox 1014 2190 1136 2214; x_wconf 91' lang='lat' dir='ltr'>rerum</span> <span class='ocrx_word' id='word_1_309' title='bbox 1161 2179 1283 2213; x_wconf 89' lang='lat' dir='ltr'>taliter</span> <span class='ocrx_word' id='word_1_310' title='bbox 1309 2189 1581 2221; x_wconf 90' lang='lat' dir='ltr'>concessarum,</span> 
     </span>
     <span class='ocr_line' id='line_1_35' title="bbox 258 2236 1581 2282; baseline -0.002 -10"><span class='ocrx_word' id='word_1_311' title='bbox 258 2244 401 2273; x_wconf 89' lang='lat' dir='ltr'>retento</span> <span class='ocrx_word' id='word_1_312' title='bbox 419 2237 456 2272; x_wconf 92' lang='lat' dir='ltr'>in</span> <span class='ocrx_word' id='word_1_313' title='bbox 473 2238 527 2273; x_wconf 89' lang='lat' dir='ltr'>eis</span> <span class='ocrx_word' id='word_1_314' title='bbox 544 2237 708 2272; x_wconf 91' lang='lat' dir='ltr'>dominio</span> <span class='ocrx_word' id='word_1_315' title='bbox 726 2237 847 2282; x_wconf 89' lang='lat' dir='ltr'>quoad</span> <span class='ocrx_word' id='word_1_316' title='bbox 864 2248 992 2272; x_wconf 87' lang='lat' dir='ltr'>earum</span> <span class='ocrx_word' id='word_1_317' title='bbox 1015 2236 1218 2281; x_wconf 90' lang='lat' dir='ltr'>materiam,</span> <span class='ocrx_word' id='word_1_318' title='bbox 1236 2243 1320 2282; x_wconf 88' lang='lat' dir='ltr'>post</span> <span class='ocrx_word' id='word_1_319' title='bbox 1338 2236 1581 2281; x_wconf 88' lang='lat' dir='ltr'>digestionem</span> 
     </span>
     <span class='ocr_line' id='line_1_36' title="bbox 204 2294 1583 2341; baseline -0.002 -10"><span class='ocrx_word' id='word_1_320' title='bbox 204 2307 244 2339; x_wconf 82' lang='lat'>35</span> <span class='ocrx_word' id='word_1_321' title='bbox 260 2302 296 2331; x_wconf 88' lang='lat' dir='ltr'>et</span> <span class='ocrx_word' id='word_1_322' title='bbox 320 2295 549 2340; x_wconf 85' lang='lat' dir='ltr'>egestionem</span> <span class='ocrx_word' id='word_1_323' title='bbox 573 2302 728 2341; x_wconf 88' lang='lat' dir='ltr'>possunt</span> <span class='ocrx_word' id='word_1_324' title='bbox 754 2296 927 2340; x_wconf 89' lang='lat' dir='ltr'>consequi</span> <span class='ocrx_word' id='word_1_325' title='bbox 953 2307 1129 2339; x_wconf 89' lang='lat' dir='ltr'>magnum</span> <span class='ocrx_word' id='word_1_326' title='bbox 1155 2295 1401 2338; x_wconf 88' lang='lat' dir='ltr'>commodum,</span> <span class='ocrx_word' id='word_1_327' title='bbox 1420 2305 1494 2329; x_wconf 90' lang='lat' dir='ltr'>non</span> <span class='ocrx_word' id='word_1_328' title='bbox 1517 2294 1583 2328; x_wconf 92' lang='lat' dir='ltr'>ob-</span> 
     </span>
     <span class='ocr_line' id='line_1_37' title="bbox 260 2351 1584 2399; baseline -0.002 -10"><span class='ocrx_word' id='word_1_329' title='bbox 260 2360 381 2389; x_wconf 89' lang='lat' dir='ltr'>stante</span> <span class='ocrx_word' id='word_1_330' title='bbox 399 2354 497 2399; x_wconf 91' lang='lat' dir='ltr'>quod</span> <span class='ocrx_word' id='word_1_331' title='bbox 516 2355 628 2388; x_wconf 90' lang='lat' dir='ltr'>modo</span> <span class='ocrx_word' id='word_1_332' title='bbox 645 2353 839 2399; x_wconf 80' lang='lat' dir='ltr'>premisso,</span> <span class='ocrx_word' id='word_1_333' title='bbox 858 2353 1008 2395; x_wconf 90' lang='lat' dir='ltr'>scilicet,</span> <span class='ocrx_word' id='word_1_334' title='bbox 1027 2353 1150 2398; x_wconf 89' lang='lat' dir='ltr'>quoad</span> <span class='ocrx_word' id='word_1_335' title='bbox 1170 2353 1326 2388; x_wconf 85' lang='lat' dir='ltr'>formam</span> <span class='ocrx_word' id='word_1_336' title='bbox 1344 2364 1449 2387; x_wconf 90' lang='lat' dir='ltr'>suam</span> <span class='ocrx_word' id='word_1_337' title='bbox 1467 2351 1584 2397; x_wconf 89' lang='lat' dir='ltr'>speci-</span> 
     </span>
     <span class='ocr_line' id='line_1_38' title="bbox 260 2409 1584 2455; baseline -0.002 -9"><span class='ocrx_word' id='word_1_338' title='bbox 260 2412 369 2446; x_wconf 90' lang='lat' dir='ltr'>ficam</span> <span class='ocrx_word' id='word_1_339' title='bbox 402 2418 686 2455; x_wconf 85' lang='lat' dir='ltr'>consumantur3</span> <span class='ocrx_word' id='word_1_340' title='bbox 722 2411 804 2447; x_wconf 90' lang='lat' dir='ltr'>licet</span> <span class='ocrx_word' id='word_1_341' title='bbox 838 2412 884 2447; x_wconf 92' lang='lat' dir='ltr'>de</span> <span class='ocrx_word' id='word_1_342' title='bbox 917 2411 988 2446; x_wconf 91' lang='lat' dir='ltr'>hoc</span> <span class='ocrx_word' id='word_1_343' title='bbox 1021 2411 1058 2445; x_wconf 92' lang='lat' dir='ltr'>in</span> <span class='ocrx_word' id='word_1_344' title='bbox 1087 2412 1198 2446; x_wconf 91' lang='lat' dir='ltr'>rebus</span> <span class='ocrx_word' id='word_1_345' title='bbox 1232 2409 1476 2445; x_wconf 87' lang='lat' dir='ltr'>communiter</span> <span class='ocrx_word' id='word_1_346' title='bbox 1508 2421 1584 2444; x_wconf 90' lang='lat' dir='ltr'>non</span> 
     </span>
     <span class='ocr_line' id='line_1_39' title="bbox 260 2468 1585 2513; baseline -0.002 -9"><span class='ocrx_word' id='word_1_347' title='bbox 260 2475 428 2504; x_wconf 88' lang='lat' dir='ltr'>curatur:</span> <span class='ocrx_word' id='word_1_348' title='bbox 456 2469 554 2504; x_wconf 88' lang='lat' dir='ltr'>unde</span> <span class='ocrx_word' id='word_1_349' title='bbox 571 2469 739 2504; x_wconf 87' lang='lat' dir='ltr'>fortassis</span> <span class='ocrx_word' id='word_1_350' title='bbox 758 2469 880 2504; x_wconf 89' lang='lat' dir='ltr'>evenit</span> <span class='ocrx_word' id='word_1_351' title='bbox 899 2469 999 2513; x_wconf 90' lang='lat' dir='ltr'>quod</span> <span class='ocrx_word' id='word_1_352' title='bbox 1016 2480 1104 2504; x_wconf 91' lang='lat' dir='ltr'>usus</span> <span class='ocrx_word' id='word_1_353' title='bbox 1128 2469 1165 2503; x_wconf 91' lang='lat' dir='ltr'>in</span> <span class='ocrx_word' id='word_1_354' title='bbox 1189 2468 1361 2503; x_wconf 88' lang='lat' dir='ltr'>humanis</span> <span class='ocrx_word' id='word_1_355' title='bbox 1379 2468 1520 2512; x_wconf 87' lang='lat' dir='ltr'>legibus</span> <span class='ocrx_word' id='word_1_356' title='bbox 1539 2468 1585 2502; x_wconf 92' lang='lat' dir='ltr'>de</span> 
     </span>
     <span class='ocr_line' id='line_1_40' title="bbox 260 2526 1583 2571; baseline -0.002 -9"><span class='ocrx_word' id='word_1_357' title='bbox 260 2528 370 2562; x_wconf 90' lang='lat' dir='ltr'>rebus</span> <span class='ocrx_word' id='word_1_358' title='bbox 387 2527 519 2562; x_wconf 91' lang='lat' dir='ltr'>talibus</span> <span class='ocrx_word' id='word_1_359' title='bbox 537 2538 612 2562; x_wconf 91' lang='lat' dir='ltr'>non</span> <span class='ocrx_word' id='word_1_360' title='bbox 630 2527 783 2571; x_wconf 87' lang='lat' dir='ltr'>dicatur,</span> <span class='ocrx_word' id='word_1_361' title='bbox 799 2538 868 2562; x_wconf 92' lang='lat' dir='ltr'>nec</span> <span class='ocrx_word' id='word_1_362' title='bbox 885 2533 941 2562; x_wconf 88' lang='lat' dir='ltr'>est</span> <span class='ocrx_word' id='word_1_363' title='bbox 962 2526 1012 2561; x_wconf 90' lang='lat' dir='ltr'>ita</span> <span class='ocrx_word' id='word_1_364' title='bbox 1034 2526 1180 2571; x_wconf 89' lang='lat' dir='ltr'>proprie</span> <span class='ocrx_word' id='word_1_365' title='bbox 1197 2538 1285 2561; x_wconf 87' lang='lat' dir='ltr'>usus</span> <span class='ocrx_word' id='word_1_366' title='bbox 1303 2526 1423 2561; x_wconf 89' lang='lat' dir='ltr'>dictus</span> <span class='ocrx_word' id='word_1_367' title='bbox 1443 2526 1480 2560; x_wconf 91' lang='lat' dir='ltr'>in</span> <span class='ocrx_word' id='word_1_368' title='bbox 1498 2537 1583 2560; x_wconf 93' lang='lat' dir='ltr'>con-</span> 
     </span>
     <span class='ocr_line' id='line_1_41' title="bbox 206 2584 1585 2634; baseline -0.001 -14"><span class='ocrx_word' id='word_1_369' title='bbox 206 2602 249 2634; x_wconf 92' lang='lat'>40</span> <span class='ocrx_word' id='word_1_370' title='bbox 262 2585 486 2620; x_wconf 89' lang='lat' dir='ltr'>tractacione</span> <span class='ocrx_word' id='word_1_371' title='bbox 511 2585 641 2620; x_wconf 87' lang='lat' dir='ltr'>talium</span> <span class='ocrx_word' id='word_1_372' title='bbox 666 2597 788 2620; x_wconf 90' lang='lat' dir='ltr'>rerum</span> <span class='ocrx_word' id='word_1_373' title='bbox 814 2584 920 2620; x_wconf 86' lang='lat' dir='ltr'>sicuti</span> <span class='ocrx_word' id='word_1_374' title='bbox 939 2591 995 2619; x_wconf 90' lang='lat' dir='ltr'>est</span> <span class='ocrx_word' id='word_1_375' title='bbox 1019 2584 1057 2619; x_wconf 91' lang='lat' dir='ltr'>in</span> <span class='ocrx_word' id='word_1_376' title='bbox 1082 2585 1192 2619; x_wconf 86' lang='lat' dir='ltr'>rebus</span> <span class='ocrx_word' id='word_1_377' title='bbox 1216 2585 1262 2619; x_wconf 90' lang='lat' dir='ltr'>de</span> <span class='ocrx_word' id='word_1_378' title='bbox 1288 2584 1421 2630; x_wconf 89' lang='lat' dir='ltr'>quibus</span> <span class='ocrx_word' id='word_1_379' title='bbox 1445 2584 1585 2618; x_wconf 86' lang='lat' dir='ltr'>fructus</span> 
     </span>
    </p>
   </div>
   <div class='ocr_carea' id='block_1_5' title="bbox 43 2642 1266 2688">
    <p class='ocr_par' dir='ltr' id='par_1_6' title="bbox 43 2642 1266 2688">
     <span class='ocr_line' id='line_1_42' title="bbox 43 2642 1266 2688; baseline -0.002 -9"><span class='ocrx_word' id='word_1_380' title='bbox 43 2663 157 2683; x_wconf 77' lang='lat' dir='ltr'>eorum</span> <span class='ocrx_word' id='word_1_381' title='bbox 262 2643 463 2688; x_wconf 89' lang='lat' dir='ltr'>corporalis</span> <span class='ocrx_word' id='word_1_382' title='bbox 480 2649 602 2688; x_wconf 91' lang='lat' dir='ltr'>potest</span> <span class='ocrx_word' id='word_1_383' title='bbox 618 2643 758 2686; x_wconf 86' lang='lat' dir='ltr'>haberi,</span> <span class='ocrx_word' id='word_1_384' title='bbox 776 2654 903 2678; x_wconf 85' lang='lat' dir='ltr'>earum</span> <span class='ocrx_word' id='word_1_385' title='bbox 922 2643 1024 2678; x_wconf 88' lang='lat' dir='ltr'>salva</span> <span class='ocrx_word' id='word_1_386' title='bbox 1041 2642 1266 2677; x_wconf 89' lang='lat' dir='ltr'>substancia.</span> 
     </span>
    </p>
   </div>
   <div class='ocr_carea' id='block_1_6' title="bbox 45 2696 140 2728">
    <p class='ocr_par' dir='ltr' id='par_1_7' title="bbox 45 2696 140 2728">
     <span class='ocr_line' id='line_1_43' title="bbox 45 2696 140 2728; baseline -0.021 0"><span class='ocrx_word' id='word_1_387' title='bbox 45 2696 140 2728; x_wconf 90' lang='lat' dir='ltr'>codd.</span> 
     </span>
    </p>
   </div>
   <div class='ocr_carea' id='block_1_7' title="bbox 310 2754 1692 2801">
    <p class='ocr_par' dir='ltr' id='par_1_8' title="bbox 310 2754 1692 2801">
     <span class='ocr_line' id='line_1_44' title="bbox 310 2754 1692 2801; baseline -0.001 -10"><span class='ocrx_word' id='word_1_388' title='bbox 310 2758 539 2792; x_wconf 85' lang='lat' dir='ltr'>IOHANNES.</span> <span class='ocrx_word' id='word_1_389' title='bbox 554 2758 716 2792; x_wconf 20' lang='lat' dir='ltr'>*Placent</span> <span class='ocrx_word' id='word_1_390' title='bbox 735 2757 804 2791; x_wconf 91' lang='lat' dir='ltr'>hec</span> <span class='ocrx_word' id='word_1_391' title='bbox 824 2755 934 2790; x_wconf 85' lang='lat' dir='ltr'>michi</span> <span class='ocrx_word' id='word_1_392' title='bbox 952 2767 959 2790; x_wconf 92' lang='lat'><strong>:</strong></span> <span class='ocrx_word' id='word_1_393' title='bbox 987 2767 1030 2790; x_wconf 85' lang='lat' dir='ltr'>ex</span> <span class='ocrx_word' id='word_1_394' title='bbox 1048 2754 1182 2801; x_wconf 91' lang='lat' dir='ltr'>quibus</span> <span class='ocrx_word' id='word_1_395' title='bbox 1199 2756 1352 2791; x_wconf 87' lang='lat' dir='ltr'>adverto</span> <span class='ocrx_word' id='word_1_396' title='bbox 1377 2754 1476 2800; x_wconf 91' lang='lat' dir='ltr'>quod</span> <span class='ocrx_word' id='word_1_397' title='bbox 1496 2766 1584 2790; x_wconf 88' lang='lat' dir='ltr'>usus</span> <span class='ocrx_word' id='word_1_398' title='bbox 1597 2757 1692 2789; x_wconf 88' lang='lat' dir='ltr'>XXI.</span> 
     </span>
    </p>
   </div>
   <div class='ocr_carea' id='block_1_8' title="bbox 261 2812 1585 2860">
    <p class='ocr_par' dir='ltr' id='par_1_9' title="bbox 261 2812 1585 2860">
     <span class='ocr_line' id='line_1_45' title="bbox 261 2812 1585 2860; baseline -0.001 -9"><span class='ocrx_word' id='word_1_399' title='bbox 261 2827 335 2850; x_wconf 91' lang='lat' dir='ltr'>non</span> <span class='ocrx_word' id='word_1_400' title='bbox 354 2822 410 2851; x_wconf 86' lang='lat' dir='ltr'>est</span> <span class='ocrx_word' id='word_1_401' title='bbox 428 2815 497 2850; x_wconf 88' lang='lat' dir='ltr'>nisi</span> <span class='ocrx_word' id='word_1_402' title='bbox 516 2815 750 2851; x_wconf 88' lang='lat' dir='ltr'>racionabilis</span> <span class='ocrx_word' id='word_1_403' title='bbox 769 2813 935 2860; x_wconf 87' lang='lat' dir='ltr'>sumpcio</span> <span class='ocrx_word' id='word_1_404' title='bbox 953 2814 1015 2858; x_wconf 87' lang='lat' dir='ltr'>rei,</span> <span class='ocrx_word' id='word_1_405' title='bbox 1028 2825 1101 2849; x_wconf 89' lang='lat' dir='ltr'>non</span> <span class='ocrx_word' id='word_1_406' title='bbox 1120 2813 1493 2860; x_wconf 16' lang='lat' dir='ltr'>contrayposicionem</span> <span class='ocrx_word' id='word_1_407' title='bbox 1507 2812 1585 2850; x_wconf 83' lang='lat' dir='ltr'>eius</span> 
     </span>
    </p>
   </div>
   <div class='ocr_carea' id='block_1_9' title="bbox 1772 221 1853 259">
    <p class='ocr_par' dir='ltr' id='par_1_10' title="bbox 1772 221 1853 259">
     <span class='ocr_line' id='line_1_46' title="bbox 1772 221 1853 259; baseline 0.012 -11"><span class='ocrx_word' id='word_1_408' title='bbox 1772 221 1853 259; x_wconf 90' lang='lat'>411</span> 
     </span>
    </p>
   </div>
  </div>
 </body>
</html>
