2008 3305
161 180 243 223 232

161 944 185 967 4.
202 934 296 961 Man's
308 934 399 967 merit,

848 176 914 208 DE
947 176 1165 209 DOMINIO
1197 176 1372 209 DIVINo
1578 154 1686 224 [off.
1708 174 1765 206 1v;

442 293 595 330 dicione
616 304 682 330 sue
711 292 1003 341 magnificencie
1033 291 1250 329 mercedem
1281 291 1488 329 retribuere
1519 285 1768 339 ampliorem;
1787 290 1883 333 [800

441 364 510 401 sed
541 375 714 401 summus
742 362 936 400 Dominus
966 363 1134 400 maxime
1165 362 1523 407 communicativus‚
1546 359 1772 410 accipiendo

441 434 642 472 servicium
671 433 719 471 ad
739 433 826 479 hoc,
849 433 995 481 obligat
1015 432 1212 470 hominem
1243 433 1312 470 sibi
1341 432 1479 470 servire
1508 437 1551 469 ut
1579 430 1772 469 retribuci-

441 517 558 543 onem
587 504 726 542 exinde
757 504 936 553 recipiat3
967 515 1061 552 ergo
1091 503 1205 541 debet
1225 502 1570 552 proporeionaliter
1595 501 1644 539 ad
1664 512 1774 539 suam

441 575 778 624 magnificenciam
821 574 987 623 amplius
1024 574 1239 623 premiare:
1288 573 1394 623 quod
1432 584 1513 610 non
1557 571 1698 610 faceret
1742 571 1806 612 si5

441 647 550 684 militi
579 657 650 683 suo
679 645 827 682 nullum
860 645 1050 695 premium
1091 645 1270 682 tribueret
1303 650 1391 693 post
1419 643 1616 689 laborem;
1661 642 1775 691 igitur

441 717 518 766 legi
555 728 623 754 sue
656 722 844 765 repugnat
883 715 989 764 quod
1027 715 1137 753 labor
1175 713 1395 752 huiusmodi
1437 713 1484 750 sit
1517 725 1597 750 non
1635 712 1774 761 dignus

441 788 590 837 premio
628 787 878 832 condecente,
914 793 951 824 et
989 786 1117 824 omnis
1155 785 1239 823 talis
1276 785 1386 822 labor
1420 783 1651 834 supponi-tur
1689 794 1775 820 esse

442 857 671 895 meritorius.

495 928 556 965 Ex
577 928 648 965 isto
668 926 813 964 videtur
840 925 957 964 michi
978 925 1082 976 quod
1111 925 1366 964 annichilacio
1386 937 1465 963 non
1495 925 1542 962 sit
1570 922 1773 974 possibilis,
1792 936 1831 959 10

441 998 547 1049 quod
577 998 809 1035 resurreccio
839 1004 1079 1034 mortuorum
1110 997 1156 1034 sit
1185 996 1414 1042 necessaria,
1436 1002 1472 1033 et
1493 995 1600 1046 quod
1628 1006 1776 1032 merces

441 1070 500 1108 vel
529 1081 630 1119 pena
659 1069 773 1107 nobis
803 1068 950 1105 infinita
980 1067 1026 1105 de
1056 1068 1136 1104 iure
1166 1067 1325 1105 debetur
1353 1067 1538 1116 legittime
1568 1065 1778 1103 decertanti-

442 1140 502 1178 vel
532 1139 878 1177 indebite-ocianti.
936 1137 1056 1184 Quod
1087 1144 1216 1176 autem
1237 1150 1308 1187 pro
1328 1137 1458 1174 labore
1487 1136 1593 1174 Deus
1613 1136 1776 1186 premiat

442 1211 723 1248 ministrantem
744 1215 902 1247 testatur
924 1209 1125 1259 Scriptura,
1144 1208 1241 1246 Gen.
1257 1209 1345 1246 xxii.
1368 1210 1425 1254 16,
1444 1207 1684 1258 Quz'aficz'stz‘
1700 1214 1779 1243 rem·

442 1283 549 1328 hanc,
572 1281 817 1330 multzplz’cabo
837 1293 952 1317 semen
972 1284 1086 1326 tuum,
1108 1285 1178 1317 etc.
1236 1279 1352 1326 Ecce,
1373 1279 1517 1317 factum
1537 1277 1692 1315 Abrahe
1720 1283 1777 1315 est
1793 1285 1830 1320 15

443 1364 570 1397 causa,
596 1363 714 1401 quare
743 1350 852 1388 Deus
874 1350 1043 1388 retribuit
1066 1350 1118 1388 sic
1139 1350 1369 1388 mercedem.
1426 1349 1477 1387 Et
1506 1348 1609 1386 idem
1629 1354 1732 1397 patet
1753 1360 1774 1396 3

444 1423 542 1472 Reg.
563 1423 613 1460 iii.
639 1435 653 1459 1
666 1435 697 1468 1,
728 1434 786 1468 12,
803 1422 869 1459 ubi
889 1421 1040 1459 Veritas
1061 1421 1113 1459 sic
1134 1421 1338 1470 alloquitur
1359 1420 1607 1458 Salamonern
1624 1431 1631 1456 ε
1666 1417 1776 1464 Quia,

442 1494 576 1543 inquit,
603 1494 803 1542 postulasti
829 1493 1049 1542 sapienciam
1083 1492 1136 1529 ad
1163 1491 1437 1529 discernendum
1476 1491 1664 1536 iudicium,
1694 1502 1776 1535 ecce,

425 1565 518 1616 feci
540 1564 734 1601 secundum
763 1576 943 1600 sermones
972 1567 1061 1601 tuos.
1131 1562 1182 1600 Et
1211 1562 1314 1600 idem
1347 1568 1453 1612 patet
1482 1561 1619 1598 Ierem.
1649 1560 1708 1597 vii.
1738 1566 1776 1597 et

442 1636 532 1673 alibi
553 1635 721 1673 erebrius
742 1635 781 1672 in
805 1634 1009 1684 Scriptura.
1066 1634 1182 1672 Dicat
1201 1645 1294 1683 ergo
1315 1633 1380 1682 qui
1400 1632 1524 1678 audet,
1539 1632 1629 1681 quia
1649 1643 1777 1668 revera
1791 1647 1834 1669 20

443 1720 518 1756 ego
548 1705 566 1726 *
598 1718 677 1744 non
713 1706 850 1751 audeo,
881 1705 985 1755 quod
1017 1705 1192 1743 Christus
1224 1717 1292 1754 per
1326 1710 1446 1741 totam
1475 1702 1697 1752 passionem
1731 1712 1822 1740 acD

164 1785 325 1818 depending
338 1794 373 1812 on
384 1786 431 1812 the
445 1784 619 1816 sanctam
648 1776 989 1815 conversacionem
1019 1788 1091 1813 nec
1113 1775 1184 1813 sibi
1205 1787 1276 1813 nec
1305 1775 1417 1812 nobis
1446 1779 1656 1820 meruerat;
1689 1784 1777 1810 cum

164 1819 244 1846 merit
257 1819 289 1846 of
299 1819 401 1853 Christ,

444 1849 493 1886 ad
514 1848 608 1885 Phil.
629 1848 665 1885 ii.
687 1850 722 1893 8,
746 1861 781 1896 9,
804 1847 977 1884 scribitur
997 1846 1103 1895 quod
1131 1846 1347 1883 humiliavit
1371 1849 1480 1882 semet
1505 1845 1635 1893 ipsum,
1643 1844 1779 1894 factus

443 1921 605 1958 obediens
625 1931 736 1967 usque
755 1919 809 1955 ad
824 1921 981 1963 mortem,
998 1929 1078 1954 non
1098 1916 1319 1966 quamlibet,
1338 1916 1405 1953 sed
1426 1915 1722 1953 abiectissimam
1742 1920 1780 1951 et

444 1990 699 2035 durissimam,
745 1995 891 2026 mortem
925 1989 1058 2025 crucis.
1133 1987 1300 2037 Propter
1333 1987 1438 2036 quod,
1470 1986 1592 2035 inquit
1625 1991 1779 2023 sanetus
1794 1998 1832 2031 25

443 2060 653 2110 apostolus,
673 2059 778 2097 Deus
806 2060 994 2097 exaltavit
1020 2059 1125 2096 illum
1144 2062 1178 2095 et
1202 2059 1355 2095 donavit
1373 2058 1435 2094 z'llz'
1459 2070 1583 2094 nomen
1607 2057 1705 2106 quod
1728 2061 1781 2093 est

443 2139 554 2180 super
573 2144 674 2168 omne
694 2143 828 2168 nomen.
886 2129 999 2176 Ecce,
1014 2135 1172 2179 propter
1192 2128 1377 2166 obediens
1391 2128 1593 2165 servicium
1613 2139 1690 2176 quo
1710 2126 1779 2163 iste

445 2202 692 2251 dignissimus
735 2201 807 2238 Dei
840 2200 1006 2238 famulus
1050 2212 1172 2249 usque
1213 2199 1262 2236 ad
1297 2205 1464 2236 mortem
1505 2198 1655 2236 servivit
1686 2208 1779 2235 con-

444 2274 547 2311 tinue
591 2272 678 2310 Deo
720 2284 803 2317 suo,
837 2272 1032 2320 signanter
1075 2270 1212 2308 dicitur
1246 2269 1352 2319 quod
1386 2269 1493 2306 Deus
1520 2269 1670 2306 donavit
1707 2268 1782 2305 sz‘bz·

444 2357 596 2388 nomm,-
619 2344 649 2380 si
670 2354 763 2391 ergo
784 2342 903 2388 Deus,
921 2353 1013 2391 ergo
1033 2346 1070 2378 et
1090 2347 1171 2379 tota
1192 2340 1374 2385 Trinitas,
1389 2346 1426 2378 et
1450 2351 1519 2389 per
1538 2350 1777 2388 consequens
1792 2353 1833 2384 30

443 2416 572 2464 ipsum
602 2413 787 2460 Verbum,
821 2412 978 2450 donavit
1009 2424 1056 2449 ex
1086 2423 1192 2448 mera
1221 2410 1350 2459 gracia
1379 2422 1524 2447 nomen
1556 2420 1779 2458 supremum

443 2491 643 2534 assumpto
673 2483 832 2530 homini,
864 2482 970 2532 quod
998 2488 1068 2528 est,
1099 2487 1141 2519 ut
1169 2481 1305 2519 eadem
1335 2492 1501 2530 persona
1530 2480 1577 2518 sit
1606 2479 1713 2518 Deus
1741 2485 1779 2516 et

444 2555 575 2601 homo,
616 2554 784 2591 medium
824 2553 911 2590 Deo
949 2551 1203 2590 reconcilians
1241 2557 1365 2589 totum
1413 2562 1535 2599 genus
1577 2549 1778 2587 hominum

445 2624 728 2662 salvandorum.
786 2623 880 2662 Non
900 2624 1003 2661 enim
1033 2634 1120 2660 reor
1141 2627 1341 2672 peccatum
1362 2621 1418 2658 vel
1448 2621 1653 2658 minimum
1672 2632 1778 2658 com-

445 2696 605 2733 missum
627 2700 759 2732 contra
779 2694 994 2731 Dominum
1015 2705 1081 2742 per
1102 2691 1258 2742 aliquod
1272 2691 1448 2730 meritum
1469 2703 1583 2741 posse
1605 2691 1685 2729 tolli
1707 2691 1774 2728 nisi
1791 2704 1831 2738 35

532 2783 554 2809 8.
576 2780 739 2807 condecente
751 2779 790 2807 Al
802 2780 822 2805 B
835 2779 873 2806 C:
895 2779 1059 2805 concedente
1072 2778 1108 2804 ΑἵΙ
1122 2786 1178 2809 mg.
1321 2778 1362 2803 26.
1383 2778 1392 2807 ΙΙ
1404 2777 1525 2803 donavit
1540 2777 1562 2804 Β
1576 2776 1592 2802 f.
1610 2777 1658 2810 248
1673 2785 1697 2803 Β.
