2095 3278
241 174 324 227 458

245 299 292 324 the
306 307 417 325 essence
430 298 462 324 of

245 333 292 357 the
306 332 485 361 transaction,

245 374 296 390 nor
308 366 344 391 do
355 375 396 390 we
408 366 491 390 know

245 399 307 423 that
321 399 368 424 the
380 398 503 430 practice

245 431 268 457 is
281 431 428 458 universal.

249 1463 305 1489 But
319 1463 343 1489 if
352 1463 399 1489 the
411 1462 466 1489 law

247 1498 320 1523 exist
333 1497 388 1523 and
402 1502 449 1529 yet

249 1531 407 1563 possession
420 1530 443 1556 is
456 1534 505 1556 not

248 1565 361 1589 handed
374 1573 449 1594 over,
465 1563 486 1589 it

249 1597 272 1623 is
285 1606 357 1623 none
371 1597 418 1622 the
432 1597 485 1623 less

249 1640 346 1663 wrong
360 1636 389 1656 to
402 1639 452 1662 say

248 1665 311 1690 that
324 1665 371 1689 the
384 1664 463 1696 giver

249 1706 316 1729 may
329 1698 419 1722 retain
433 1697 480 1723 the

249 1731 331 1763 thing
344 1731 428 1763 given
441 1738 448 1762 ;

249 1775 292 1800 sor
305 1775 373 1800 such
385 1784 420 1800 an
433 1780 479 1801 act

249 1809 343 1834 would
357 1809 391 1834 be
405 1809 453 1834 im-

249 1841 347 1873 pious:
368 1842 415 1867 the
429 1842 482 1867 law

250 1875 353 1907 simply
366 1875 485 1907 imposes

250 1917 287 1934 no
300 1908 437 1940 penalties

250 1950 326 1973 upon
339 1942 369 1973 it,

249 1986 308 2011 and
322 1995 338 2012 a
349 1986 450 2019 higher

251 2019 304 2044 law
317 2026 390 2045 must
403 2020 436 2046 be

251 2052 381 2080 invoked.

916 184 1120 216 RICARDI
1158 184 1456 216 ARMACHANI
1882 174 1981 227 [Lm.
2008 186 2063 214 ιν.

523 298 632 333 tassis
657 304 741 334 sunt
759 299 863 343 plura
882 298 1035 343 imperia
1060 299 1096 333 in
1123 298 1284 343 presenti
1308 297 1345 332 in
1368 297 1501 343 quibus
1525 309 1598 332 non
1617 304 1672 332 est
1690 298 1746 333 lex
1763 297 1846 333 talis
1863 301 1957 343 [430

522 356 646 401 aliqua
671 357 841 401 positiva,
859 357 943 391 licet
969 356 1015 391 sit
1042 356 1079 390 in
1097 358 1270 391 Romano
1293 356 1447 400 imperio
1465 367 1471 390 :
1499 367 1567 390 nec
1584 355 1742 400 ambigis
1760 355 1847 401 quin

523 415 817 460 quandocunque
843 415 986 450 fuerant
1005 421 1067 449 aut
1087 421 1170 449 sunt
1196 414 1233 448 in
1256 414 1416 459 presenti
1435 413 1600 448 dominia
1624 413 1792 458 positiva,
1811 420 1847 449 et

522 473 778 517 possessiones
808 473 933 508 civiles
968 472 1044 507 fieri
1079 478 1249 517 poterant
1283 483 1327 506 ac
1360 478 1515 516 possunt
1546 472 1783 516 donaciones,
1811 479 1847 507 et

523 531 633 566 ceteri
659 538 764 565 actus
790 531 937 574 civiles;
965 530 1140 575 quoniam
1166 537 1254 564 tunc
1282 530 1299 548 *
1316 529 1429 564 nichil
1456 529 1644 574 prohibuit
1667 541 1738 564 nec
1762 532 1894 575 pro-D

522 589 624 624 hibet
650 588 687 623 in
713 589 801 624 locis
828 589 963 623 talibus
990 588 1026 622 in
1051 587 1213 633 presenti
1240 586 1328 632 quin
1355 587 1510 632 quisque
1532 587 1649 622 civilis
1676 588 1848 623 dominus

522 653 667 691 poterat
685 647 774 682 dare
792 646 948 681 civiliter
970 658 1037 681 sua
1059 646 1168 688 bona,
1187 652 1408 690 permutare,
1426 656 1470 680 ac
1488 645 1658 689 vendere,
1675 645 1795 680 eciam
1818 646 1849 680 si

523 705 760 750 consequenti
778 711 944 749 tempore
962 704 1000 738 id
1019 703 1095 738 fieri
1114 702 1349 748 nequivisset.

571 764 657 798 IOH.
689 763 751 798 Sic
768 774 850 798 esse
869 762 1067 805 confiteor3
1094 768 1147 796 set
1166 761 1349 806 loquimur
1372 760 1418 796 de
1442 761 1602 805 presenti
1622 767 1786 806 tempore
1812 759 1849 795 in

523 832 595 865 quo
612 822 668 856 lex
686 820 930 855 donacionem
949 819 1048 854 iubet
1068 819 1119 853 sic
1139 819 1227 853 fieri.
1866 830 1905 851 10

570 880 658 913 RIC.
685 879 884 923 Apostolus
912 877 1048 912 Paulus
1074 876 1173 920 dicit,
1194 878 1301 911 Rom.
1320 876 1369 910 iii.
1392 885 1444 920 19,
1464 877 1614 911 Scimus
1638 876 1741 921 quod
1761 887 1848 921 que-

522 948 666 981 cunque
690 937 752 971 lex
770 937 948 981 loquitur,
967 936 1042 970 lu'z‘s
1058 936 1127 979 qui
1141 936 1207 969 sub
1224 935 1302 980 lege
1317 939 1409 969 sunt
1423 936 1615 979 loquitur:
1644 935 1742 970 unde
1766 946 1850 969 cum

524 995 597 1029 sint
615 995 731 1029 multa
748 1006 861 1039 regna
879 1001 990 1038 atque
1015 993 1169 1038 imperia
1193 992 1229 1026 in
1253 993 1342 1027 orbe
1366 998 1546 1027 terrarum
1570 1003 1640 1037 que
1663 1003 1739 1026 non
1766 993 1849 1027 sub·
1861 991 1931 1021 sint
1947 1000 2011 1022 0111-
2026 998 2057 1022 B-

524 1059 607 1087 sunt
635 1054 805 1086 Romano
832 1051 997 1096 imperio,
1016 1051 1185 1085 homines
1210 1050 1354 1084 illorum
1375 1061 1572 1094 regnorum
1590 1061 1666 1084 non
1685 1056 1852 1085 artantur

523 1110 594 1144 hac
620 1111 710 1153 lege,
730 1116 764 1144 et
790 1110 885 1144 forte
906 1110 952 1144 de
976 1120 1020 1144 ea
1043 1119 1234 1153 nunquam
1255 1107 1354 1153 loqui
1376 1107 1595 1150 audierant3
1624 1107 1733 1151 igitur
1752 1107 1851 1152 apud
1868 1118 1905 1149 15

524 1180 588 1202 eos
617 1169 689 1202 hoc
717 1174 883 1212 ternpore
914 1166 990 1202 fieri
1018 1173 1173 1211 possunt
1203 1165 1440 1209 donaciones,
1476 1166 1783 1210 permutaciones,
1815 1172 1851 1200 et

523 1225 763 1261 vendiciones
786 1226 912 1261 civiles
930 1237 996 1270 per
1013 1226 1129 1260 solam
1153 1224 1530 1259 communicacionem
1549 1223 1666 1258 civilis
1685 1223 1851 1267 dominii,

523 1285 608 1319 licet
627 1285 711 1319 talis
729 1284 885 1319 donacio
905 1295 978 1318 non
998 1284 1044 1318 sit
1062 1290 1139 1317 tam
1156 1283 1318 1328 perfecta
1337 1294 1400 1317 seu
1415 1284 1533 1327 plena,
1545 1289 1607 1317 aut
1627 1282 1758 1317 saltem
1775 1293 1852 1316 non

525 1343 577 1378 ita
619 1355 747 1378 secura
787 1342 999 1386 mundanis,
1043 1341 1148 1376 sicud
1193 1341 1343 1386 quando
1388 1352 1472 1375 cum
1513 1340 1853 1375 communicacione

525 1401 680 1436 dominii
699 1401 818 1435 eciam
838 1399 1128 1435 communicatur
1144 1399 1332 1444 possessio
1350 1405 1411 1433 aut
1429 1398 1581 1433 omnino
1598 1398 1825 1433 transfertur.
1869 1406 1909 1427 20

575 1460 665 1495 IOH.
694 1460 737 1493 In
756 1458 847 1493 locis
864 1458 926 1493 ubi
945 1459 1002 1492 lex
1019 1457 1103 1492 talis
1118 1456 1297 1499 statuitur,
1311 1456 1341 1491 si
1356 1457 1419 1491 fiat
1433 1455 1600 1500 donacio,
1612 1456 1853 1501 permutacio,

526 1517 605 1552 sive
629 1517 800 1552 vendicio
826 1516 1081 1551 transferendo
1107 1515 1323 1558 dominium,
1343 1514 1580 1559 possessione
1606 1526 1679 1549 non
1705 1514 1852 1559 tradita,

524 1587 598 1610 non
616 1575 738 1610 minus
756 1580 877 1620 potest
897 1575 1056 1608 donator
1081 1585 1157 1608 rem
1184 1573 1234 1608 ita
1260 1573 1439 1608 donatam
1466 1572 1560 1607 iuste
1586 1584 1630 1607 ac
1655 1573 1769 1607 libere
1794 1584 1853 1607 re-

526 1634 652 1677 tinere,
671 1645 756 1668 cum
773 1634 830 1667 lex
848 1632 930 1667 talis
948 1643 1033 1667 eum
1051 1638 1210 1667 excuset.

573 1693 661 1727 RIC.
689 1693 777 1726 Non
803 1697 953 1726 excusat
983 1702 1067 1725 eum
1096 1691 1153 1725 lex
1182 1690 1276 1733 talis,
1305 1688 1479 1734 quoniam
1507 1700 1576 1723 nec
1602 1688 1756 1734 precipit
1785 1699 1854 1724 nec
1870 1695 1908 1726 25

527 1750 686 1785 consulit
711 1761 779 1785 nec
805 1749 976 1784 concedit
1002 1749 1111 1794 quod,
1136 1748 1237 1782 facta
1262 1747 1325 1782 tali
1352 1747 1571 1790 donacione,
1595 1747 1751 1782 donator
1775 1758 1854 1781 rem

528 1808 598 1843 sibi
617 1807 783 1850 retineat,
803 1819 886 1842 cum
905 1807 951 1841 sit
969 1807 1124 1851 impium
1141 1817 1219 1841 rem
1237 1805 1415 1840 donatam
1439 1804 1561 1839 taliter
1585 1804 1771 1848 detinere;
1799 1811 1854 1839 set
1867 1806 1976 1848 impia
1993 1814 2024 1837 Β.

528 1867 584 1901 lex
609 1866 692 1901 talis
716 1877 796 1899 rern
822 1864 986 1900 detinere
1009 1864 1187 1909 permittit
1212 1863 1362 1908 impune
1383 1862 1574 1907 (intelligo,
1594 1863 1718 1907 quoad
1736 1864 1854 1907 legem

528 1923 750 1967 huiusmodi,
777 1923 928 1966 scilicet,
955 1921 1057 1967 regni
1087 1922 1221 1966 illius):
1263 1928 1318 1956 set
1351 1921 1413 1955 illa
1443 1920 1611 1965 impietas
1641 1933 1706 1965 per
1735 1922 1854 1965 legem

529 1982 754 2027 superiorem
794 1988 849 2016 est
882 1981 1143 2015 nichilominus
1177 1980 1422 2015 reformanda.
1474 1979 1566 2023 Quis
1600 1978 1701 2013 enim
1734 1985 1855 2024 potest
1869 1990 1910 2020 30

528 2039 716 2084 ambigere
743 2040 831 2084 quin
862 2038 1032 2073 dominus
1061 2038 1111 2073 rei
1138 2038 1251 2072 habet
1277 2037 1314 2071 in
1339 2049 1377 2072 re
1404 2049 1469 2072 sua
1494 2038 1641 2071 titulum
1666 2037 1855 2072 meliorem

528 2109 639 2143 quam
670 2098 807 2132 habeat
835 2097 871 2131 in
900 2109 944 2132 ea
972 2096 1090 2142 quivis
1118 2108 1191 2130 non
1222 2096 1405 2138 dominus,
1432 2102 1494 2130 aut
1523 2095 1623 2141 quod
1650 2095 1855 2140 impediens

529 2156 719 2190 dominum
745 2168 767 2190 a
792 2154 1024 2200 possessione
1047 2154 1099 2189 rei
1126 2154 1227 2188 cuius
1245 2161 1299 2189 est
1319 2154 1502 2197 dominus,
1521 2154 1619 2188 nulla
1639 2153 1766 2198 previa
1789 2164 1856 2187 sua

527 2215 646 2259 culpa,
666 2214 766 2248 nullo
785 2212 909 2258 previo
928 2224 994 2247 suo
1013 2211 1239 2257 preiudiciali
1260 2212 1359 2246 facto
1383 2218 1446 2246 aut
1467 2212 1577 2254 dicto,
1597 2211 1706 2246 infert
1729 2211 1777 2245 illi
1802 2211 1854 2245 in-

528 2271 670 2315 iuriam,
689 2283 773 2306 cum
800 2271 966 2305 dominio
992 2270 1182 2315 possessio
1209 2271 1411 2305 debeatur?
1455 2271 1567 2305 Unde
1593 2276 1738 2304 constat
1756 2269 1854 2314 quod
1869 2281 1907 2312 35

527 2330 686 2364 donator
704 2330 827 2374 quoad
845 2328 1096 2363 retencionem
1115 2329 1323 2363 nullatenus
1341 2334 1546 2363 excusatur.

577 2389 666 2422 IOH.
695 2388 737 2421 In
763 2387 834 2421 hoc
859 2386 925 2421 tibi
950 2386 1092 2429 resisto,
1119 2385 1294 2431 quoniam
1320 2385 1463 2420 videtur
1494 2386 1663 2428 donator,
1690 2396 1765 2420 non
1792 2385 1855 2419 ob-

529 2452 650 2481 stante
680 2445 742 2480 tali
771 2444 977 2479 donacione
1004 2444 1126 2478 minus
1157 2445 1351 2488 completa,
1384 2443 1589 2478 dominium
1618 2443 1785 2486 retinere,
1811 2455 1855 2477 ex

528 2516 601 2549 quo
618 2505 675 2538 lex
692 2515 767 2537 non
786 2504 944 2537 affirmat
965 2514 1049 2537 eum
1074 2513 1199 2536 carere
1224 2501 1412 2545 dominio;
1440 2508 1475 2536 et
1499 2501 1527 2536 si
1553 2513 1637 2536 cum
1662 2501 1854 2535 donatario

528 2562 727 2596 contendat
744 2561 792 2595 ad
811 2560 987 2594 iudicium
1006 2566 1190 2602 evocatu5‚
1210 2559 1238 2594 si
1264 2566 1376 2594 testes
1399 2560 1588 2604 deponant
1612 2559 1712 2604 quod
1736 2559 1852 2593 dona-
1866 2568 1909 2601 40

528 2619 641 2654 tarius
660 2618 934 2664 possessionem
951 2629 1024 2652 non
1043 2617 1182 2660 habuit,
1202 2618 1358 2652 donator
1382 2630 1404 2651 a
1431 2618 1525 2651 iusto
1549 2616 1669 2651 iudice
1688 2616 1786 2651 iuxta
1803 2617 1854 2651 le-

527 2690 611 2723 gem
641 2689 663 2711 a
692 2676 877 2722 peticione
905 2675 1087 2710 donatarii
1115 2676 1224 2710 debet
1251 2675 1415 2710 absolvi:
1455 2675 1553 2710 unde
1583 2675 1726 2710 videtur
1755 2674 1853 2719 quod

529 2742 693 2771 remanet
712 2735 885 2770 dominus
903 2733 984 2769 talis
1004 2734 1054 2769 rei
1074 2733 1140 2768 sibi
1160 2733 1279 2768 taliter
1297 2732 1467 2768 iudicate.

578 2796 664 2829 RiC.
693 2795 937 2838 Nequaquam
952 2805 995 2828 ex
1008 2793 1079 2827 hoc
1093 2793 1190 2837 quod
1210 2792 1265 2827 lex
1280 2791 1361 2826 talis
1377 2803 1449 2826 non
1464 2791 1621 2826 affirmat
1638 2791 1852 2825 donatorem
