2095 3278
243 167 327 218 428

248 1491 292 1521 Of
300 1490 444 1527 pledging.

906 178 1111 213 RICARDI
1143 177 1446 213 ARMACHANI
1879 165 1979 227 [Lm.
2001 178 2062 212 111.

525 281 686 327 videtur)
706 288 848 328 poterat
866 284 1037 326 exerceri,
1057 284 1247 329 supposito
1265 284 1374 328 (sicut
1391 283 1500 319 nobis
1518 289 1574 318 est
1593 281 1713 317 visum
1731 280 1850 327 magis
1865 282 1964 324 [36D

526 340 733 385 probabile)
752 341 852 386 quod
877 341 914 376 in
940 341 1111 376 omnibus
1137 341 1276 386 paritas
1301 340 1390 376 iuris
1415 340 1543 376 utendi
1569 340 1678 375 rebus
1698 340 1851 386 quibus-

524 408 670 443 cunque
688 408 834 444 semper
856 398 1007 440 fuisset3
1033 408 1102 433 nec
1126 398 1231 433 aliter
1255 399 1331 433 fieri
1357 405 1478 443 potest
1496 398 1653 433 donacio
1670 403 1733 432 aut
1751 407 1850 432 com-

524 456 697 491 modacio
716 456 811 491 inter
827 456 1029 491 imitatores
1048 455 1306 490 innocencium
1323 463 1441 491 status
1459 455 1612 501 primevi
1631 455 1692 500 qui
1709 455 1851 489 nullum
1865 454 1974 485 ullum
1991 461 2022 485 B.

525 514 584 549 ius
614 514 804 559 proprium
830 515 956 548 volunt
987 514 1024 548 in
1057 513 1241 558 aliquibus
1270 514 1486 548 extrinsecis
1519 513 1708 548 usualibus
1741 512 1851 547 rebus
1865 516 1948 543 extr.
1960 519 2068 544 omn.
2094 543 2095 549 ,

526 572 665 607 habere
689 582 804 617 quam
829 571 951 606 modis
976 571 1178 616 premissis,
1206 572 1332 616 quales
1357 572 1502 606 fuerunt
1528 571 1701 606 dominus
1726 575 1852 604 noster
1864 565 1945 602 mo—z's
1961 578 1993 603 B.

528 630 732 673 Iesus,eius
747 629 903 674 apostoli
916 636 1026 673 atque
1040 628 1209 673 discipuli
1226 628 1339 673 (iuxta
1357 628 1496 663 dictum
1515 628 1633 663 sancti
1650 626 1850 663 Clementis
1863 641 1971 672 supra,
1988 641 2045 672 pp.
2092 639 2095 656 ’κ

526 688 761 733 pretactum),
791 694 827 722 et
860 688 987 732 quales
1020 692 1104 721 sunt
1138 697 1369 721 successores
1403 696 1531 721 eorum
1564 686 1697 731 quibus
1729 686 1850 730 placet
1864 683 1928 714 400
1944 684 2010 715 Seq-

523 746 712 791 'prefatam
745 744 962 780 innocencie
995 750 1113 779 status
1147 744 1313 788 regulam
1354 745 1561 779 observare.
1620 745 1678 778 Ex
1718 744 1851 788 quibus

525 803 700 838 omnibus
720 803 809 838 satis
824 804 937 837 claret
951 803 1050 847 quod
1070 803 1108 836 in
1122 809 1219 837 statu
1237 802 1454 837 innocencie
1472 808 1576 836 actus
1594 801 1851 844 mutuacionis‚
1867 810 1907 832 10

527 861 602 904 ubi,
633 867 672 896 ut
706 860 778 895 dici
808 861 958 903 assolet,
987 871 1110 894 meum
1139 860 1178 895 fit
1204 866 1319 902 tuum,
1346 860 1470 905 quoad
1497 859 1703 894 dominium
1731 859 1851 893 nullus
1864 855 1909 887 sit
1925 860 1958 887 B·

527 919 674 965 penitus
703 918 896 961 extitisset,
926 929 995 952 nec
1023 917 1155 962 aliquis
1185 924 1291 953 actus
1321 917 1472 952 omnino
1500 917 1561 962 qui
1591 917 1852 962 proprietatem

525 976 616 1012 iuris
633 977 670 1011 in
689 976 810 1021 aliquo
828 975 1031 1020 exegisset3
1059 975 1234 1020 quoniam
1252 986 1381 1010 omnes
1400 982 1504 1010 actus
1522 974 1745 1018 huiusmodi,
1760 973 1853 1009 sicut

526 1045 650 1069 rerum
673 1034 814 1069 eviccio
840 1033 1032 1076 iudicialis,
1051 1043 1173 1067 rerum
1198 1033 1385 1077 repeticio,
1404 1032 1490 1077 quia
1516 1033 1562 1067 ab
1588 1030 1852 1077 appropriandi

525 1092 729 1137 cupiditate
754 1091 933 1137 procedit,
956 1090 1103 1125 casibus
1129 1091 1257 1135 paucis
1283 1090 1446 1135 exceptis
1474 1090 1528 1134 (ut
1555 1090 1592 1124 in
1617 1089 1724 1124 huius
1749 1095 1852 1123 sexto
1868 1098 1905 1130 15
2091 1083 2095 1143 ξ

526 1149 696 1195 patebit),
730 1149 887 1184 fuissent
920 1149 967 1183 ab
1001 1148 1260 1183 innocentibus
1300 1148 1447 1193 penitus
1480 1147 1599 1182 alieni.
1660 1146 1852 1181 Mutuacio

524 1218 626 1250 vero,
644 1214 750 1252 prout
768 1207 882 1241 nichil
899 1206 1057 1251 amplius
1076 1206 1250 1250 importat
1270 1207 1306 1240 in
1325 1217 1435 1240 sensu
1453 1216 1564 1250 quarn
1583 1203 1851 1247 commodacio,
1865 1215 2066 1252 quam.·qWB.

527 1265 579 1300 ita
605 1266 700 1300 sicut
726 1264 982 1299 commodacio
1008 1263 1223 1298 innocenter
1239 1263 1446 1298 viventibus
1466 1263 1715 1307 competisset,
1733 1261 1853 1296 eciam

525 1323 606 1368 pari
632 1323 745 1357 rnodo
771 1322 972 1367 deposicio,
998 1333 1080 1367 que,
1107 1321 1201 1356 sicut
1226 1322 1367 1356 nullum
1394 1320 1459 1365 ius,
1489 1321 1506 1340 '¹‘
1523 1320 1576 1355 sic
1601 1320 1740 1354 nullam
1768 1330 1948 1363 pos-37A

526 1380 734 1416 sessionem
765 1379 989 1425 depositario
1019 1391 1085 1424 pro
1116 1390 1156 1414 se
1185 1379 1338 1421 confert,
1368 1378 1462 1413 inter
1491 1378 1706 1413 innocentes
1735 1376 1852 1422 potuit
1867 1387 1908 1411 20

525 1438 698 1474 exerceri.
749 1439 808 1473 De
826 1437 1087 1483 pignoracione
1105 1437 1165 1471 dic
1184 1437 1272 1482 quid
1289 1436 1355 1471 tibi
1374 1436 1528 1470 videtur.

575 1498 665 1531 IOH.
693 1496 810 1530 Michi
828 1495 974 1530 videtur
991 1495 1090 1540 quod
1108 1494 1320 1540 pignoracio
1340 1494 1439 1539 apud
1461 1493 1676 1528 innocentes
1693 1492 1852 1528 exerceri

524 1565 598 1589 non
624 1553 754 1599 potuit,
774 1553 861 1598 quia
885 1553 1006 1588 nullus
1026 1553 1080 1597 (ut
1097 1552 1210 1586 michi
1228 1551 1386 1597 videtur)
1406 1557 1528 1596 potest
1552 1557 1615 1586 aut
1638 1550 1756 1596 potuit
1773 1561 1853 1584 rem

524 1612 634 1657 pleno
654 1612 731 1646 iure
749 1622 855 1647 suam
874 1611 1011 1645 habere
1030 1621 1096 1655 pro
1114 1610 1277 1655 pignore.

571 1671 660 1704 RIC.
694 1671 737 1703 In
766 1670 839 1704 fine
868 1668 977 1713 primi
1009 1667 1117 1702 huius
1145 1667 1370 1702 contrarium
1399 1667 1517 1702 habes
1551 1666 1776 1712 patefactum
1805 1665 1851 1700 de
1864 1670 2026 1711 cf.supra,

524 1729 620 1772 Deo,
645 1727 826 1770 videlicet,
853 1726 953 1771 quod
980 1727 1084 1761 Deus
1111 1732 1232 1770 potest
1257 1736 1340 1760 esse
1364 1724 1637 1770 pignoratarius
1662 1723 1713 1758 rei
1740 1724 1850 1768 pleno
1863 1724 1918 1755 ΡΡ·
1933 1722 1995 1755 529

524 1785 601 1820 iure
636 1784 706 1819 sibi
741 1783 915 1827 subiecte,
946 1783 1040 1818 sicut
1073 1782 1387 1818 commodatarius
1420 1788 1457 1817 et
1491 1780 1736 1826 depositarius
1769 1792 1851 1816 esse
1863 1766 1951 1798 seqq‘

524 1848 672 1888 potest3
706 1848 742 1876 et
771 1853 815 1877 ex
842 1852 886 1876 eo
914 1841 1034 1885 capite
1062 1841 1162 1885 apud
1191 1840 1405 1875 innocentes
1436 1840 1474 1874 id
1500 1851 1611 1884 posse
1641 1838 1717 1873 fieri
1744 1837 1852 1873 nobis

525 1902 655 1944 elucet,
675 1900 774 1944 quod
791 1899 892 1933 nulla
909 1910 966 1933 res
984 1899 1095 1943 pleno
1114 1898 1191 1932 iure
1212 1897 1427 1942 simpliciter
1447 1896 1500 1941 (ut
1519 1896 1687 1941 superius
1711 1895 1848 1941 ponis),

525 1958 609 1993 licet
638 1959 747 2002 pleno
781 1956 857 1991 iure
892 1957 1068 1999 humano,
1102 1955 1253 1990 alieuius
1287 1955 1449 1990 hominis
1484 1966 1566 1990 esse
1599 1960 1730 1999 potest,
1764 1965 1849 1988 cum
1863 1967 1904 1999 30

523 2016 676 2061 quilibet
701 2016 813 2049 homo
839 2014 1120 2059 comparacione
1147 2013 1216 2048 Dei
1244 2020 1280 2048 et
1305 2013 1383 2048 eius
1409 2012 1563 2047 dominii
1589 2011 1758 2047 usuarius
1786 2023 1852 2046 seu

528 2073 844 2108 commodatarius
875 2072 996 2107 verius
1026 2083 1138 2116 quam
1167 2071 1339 2106 dominus
1370 2071 1415 2105 sit
1443 2070 1634 2113 dicendus,
1665 2070 1702 2103 in
1731 2069 1852 2115 primo
2092 2115 2094 2118 v

528 2131 688 2176 capitulo
707 2130 860 2166 secundi
878 2130 985 2165 huius
1004 2130 1120 2164 habes
1139 2136 1340 2164 ostensum.
1391 2129 1430 2164 Si
1448 2140 1534 2163 vero
1553 2127 1734 2172 intelligas
1754 2127 1853 2173 quod
1865 2131 2068 2168 σαρκί-ΟΜ·
2092 2119 2095 2145 5

526 2190 647 2224 nullus
665 2195 786 2234 potest
805 2200 883 2223 rem
901 2188 970 2223 sibi
989 2189 1096 2233 pleno
1120 2188 1196 2222 iure
1213 2188 1378 2221 humano
1401 2186 1604 2221 subiectam
1625 2186 1762 2221 habere
1788 2197 1854 2231 pro
1867 2178 1932 2244 {³2²}
1961 2212 2015 2243 int
2094 2182 2095 2185 ’

527 2247 691 2292 pignore,
710 2258 785 2281 non
811 2252 910 2281 recte
936 2246 1007 2280 hoc
1033 2245 1159 2287 sentis,
1178 2244 1355 2290 quoniam
1379 2256 1423 2278 ex
1443 2255 1515 2289 quo
1539 2243 1618 2288 quis
1641 2255 1719 2277 rem
1744 2244 1853 2288 pleno
1867 2224 1983 2288 ozxn.'B.
2016 2236 2024 2244 ⁸

527 2304 603 2339 iure
621 2303 836 2348 simpliciter
858 2303 927 2337 sibi
945 2302 1151 2337 subiectam
1175 2308 1296 2347 potest
1321 2302 1459 2336 habere
1483 2312 1549 2345 pro
1575 2300 1739 2345 pignore,
1759 2300 1852 2336 sicut

528 2363 644 2405 Deus,
664 2361 714 2396 ita
731 2368 769 2395 ut
788 2360 839 2395 rei
857 2362 968 2405 pleno
987 2360 1064 2394 iure
1082 2360 1297 2404 simpliciter
1314 2359 1383 2394 sibi
1401 2358 1565 2393 subiecte
1583 2358 1852 2403 pignoratarius

526 2431 609 2454 esse
633 2419 748 2464 possit
768 2419 820 2463 (ut
844 2418 927 2453 finis
953 2418 1061 2462 primi
1088 2417 1195 2452 huius
1215 2416 1415 2460 ostendit);
1443 2416 1558 2450 multo
1585 2416 1703 2460 magis
1729 2422 1852 2460 potest

527 2478 640 2511 homo
666 2477 712 2511 de
738 2488 777 2511 re
803 2476 945 2510 minore
971 2476 1047 2510 iure
1074 2475 1142 2509 sibi
1170 2475 1335 2509 subiecta
1360 2473 1629 2519 pignoratarius
1656 2472 1745 2517 fieri,
1768 2485 1851 2508 eam

526 2534 738 2579 recipiendo
771 2545 837 2578 pro
867 2533 1030 2578 pignore,
1063 2532 1156 2566 sicut
1191 2538 1314 2576 potest
1348 2543 1431 2566 eam
1465 2543 1509 2566 ex
1542 2530 1851 2565 accomodacione
1863 2543 1907 2575 40

526 2593 698 2636 recipere,
726 2592 809 2625 licet
835 2597 964 2625 neutra
988 2590 1124 2635 passio,
1149 2590 1299 2633 scilicet,
1325 2600 1393 2624 nec
1420 2588 1677 2623 commodacio
1703 2587 1852 2632 passiva

527 2661 595 2684 nec
621 2649 834 2694 pignoracio
858 2648 1007 2693 passiva
1030 2659 1098 2682 nec
1122 2647 1263 2681 locacio
1287 2646 1435 2692 passiva
1459 2646 1536 2680 sive
1555 2646 1758 2680 conduccio
1782 2656 1851 2679 nec

528 2707 708 2751 reposicio
734 2706 883 2751 passiva
908 2717 975 2741 nec
1002 2705 1053 2740 eis
1078 2705 1301 2747 consimiles,
1321 2704 1415 2738 sicut
1438 2715 1504 2738 nec
1522 2703 1667 2748 empcio
1686 2703 1739 2747 (ut
1757 2702 1850 2737 dixi-

527 2764 636 2810 mus),
656 2765 702 2800 sit
721 2776 806 2799 vere
825 2770 886 2798 aut
912 2763 1058 2808 proprie
1083 2768 1187 2797 actus
1210 2762 1375 2807 dominii,
1395 2768 1449 2796 set
1468 2761 1724 2796 commodacio
1743 2759 1846 2795 accio
