2095 3278
35 219 120 247 CAP.
137 206 253 259 V111.]
585 214 650 245 DE
685 213 925 246 PAUPERIE
959 212 1270 244 SALVATORIS.
1774 211 1858 254 447

142 323 238 365 41A]
258 318 416 354 existunt
434 318 531 363 quod
549 329 676 352 eorum
696 328 850 352 concors
869 316 1083 352 testificacio
1108 322 1206 351 esset
1231 316 1435 351 secundum
1463 316 1578 350 racio-

257 388 342 412 nem
361 376 467 421 primi
487 375 617 410 iudicis
636 375 845 410 testimonio
864 375 1080 420 preferenda
1096 386 1104 409 :
1133 375 1170 408 in
1189 386 1261 420 quo
1280 386 1368 408 casu
1388 374 1579 408 conscien-

258 435 355 469 ciam
389 445 495 468 suam
529 433 650 467 minus
683 433 905 478 prudentem
943 433 990 467 de
1029 432 1181 467 consilio
1222 432 1431 477 sapientum
1467 432 1580 466 debet

258 493 415 536 abicere,
441 501 477 527 et
503 498 635 527 extunc
661 498 782 536 potest
809 490 887 525 sine
911 498 1066 535 peccato
1092 491 1295 525 secundum
1322 491 1478 535 probata
1496 502 1581 534 pro-

223 566 240 596 5
259 552 352 585 ferre
371 550 610 592 sentenciam,
629 549 716 594 quia
734 549 813 594 ipse
832 561 875 583 eo
900 560 988 583 casu
1014 549 1123 583 debet
1148 549 1309 593 reputari
1330 548 1581 583 invincibilem

209 619 239 647 Β
260 608 530 643 conscienciam
546 608 562 627 *
578 608 613 642 in
626 608 723 643 facto
735 608 872 642 habere
886 618 893 650 ;
914 613 949 642 et
964 606 992 641 si
1007 607 1106 641 nullo
1124 607 1238 641 modo
1252 613 1373 651 potest
1389 606 1580 640 conscien-

258 666 354 701 ciam
380 667 479 701 illam
506 666 660 710 abicere,
681 664 857 709 superiori
877 676 943 699 suo
969 665 1079 699 debet
1106 663 1301 708 negocium
1327 664 1472 698 tradere
1498 663 1581 697 fmi-

258 725 404 759 endum.
445 725 484 760 Si
502 736 588 759 vero
607 724 816 769 prudenter,
836 721 1108 757 conscienciam
1124 722 1192 757 sibi
1205 722 1416 765 adduceret,
1431 721 1581 764 scilicet,

259 794 303 817 ex
328 795 371 817 eo
397 783 496 828 quod
522 783 581 817 ille
608 782 747 827 primus
774 787 874 815 tante
901 780 985 815 fidei
1009 781 1056 814 ab
1083 780 1255 815 omnibus
1273 780 1465 815 estimatur
1483 780 1582 824 quod

204 856 243 877 10
260 841 338 875 eius
371 840 589 876 testificacio
623 851 668 875 eo
702 850 791 873 casu
832 838 1086 873 testificacioni
1128 838 1278 873 testium
1317 838 1582 883 productorum

258 900 517 944 preponderat,
546 898 684 943 pariter
717 898 826 932 debet
860 908 1011 931 causam
1042 897 1090 930 ad
1120 896 1346 941 superiorem
1375 897 1583 938 deducere;

257 965 293 993 et
322 957 351 992 si
379 964 466 992 tunc
492 957 584 992 forte
612 957 734 990 nullus
764 954 912 999 reperiri
947 955 1063 999 possit
1099 954 1161 999 qui
1189 954 1275 988 fidei
1310 954 1418 999 primi
1451 953 1583 988 iudicis

257 1015 517 1061 acquiesceret,
549 1014 600 1049 ita
630 1021 668 1049 ut
697 1026 770 1048 non
801 1013 872 1047 nisi
903 1020 1032 1048 contra
1065 1012 1339 1047 conscienciam
1373 1012 1489 1057 possit
1524 1024 1582 1047 se-

261 1075 421 1109 cundum
455 1073 611 1118 probata
643 1072 804 1117 proferre
834 1071 1074 1114 sentenciam,
1104 1083 1218 1106 unum
1245 1071 1291 1106 de
1320 1070 1435 1106 tribus
1461 1071 1581 1105 facere

204 1149 241 1180 15
262 1131 444 1177 oportebit
471 1141 731 1175 suppremum:
758 1131 834 1164 Aut
859 1128 1011 1164 omnino
1039 1129 1159 1172 (sicud
1185 1141 1297 1174 supra
1321 1128 1582 1174 expressimus,

261 1191 298 1224 in
332 1200 420 1224 casu
454 1187 626 1231 sciencie)
662 1188 773 1222 debet
806 1194 984 1232 perpetuo
1018 1187 1252 1222 dissimulare
1285 1186 1483 1229 iudicium;
1519 1192 1583 1219 aut

259 1249 419 1292 aliquem
452 1246 663 1280 inferiorem
696 1246 916 1290 compellere
949 1257 1015 1290 per
1048 1257 1229 1290 congruas
1262 1257 1328 1280 sue
1362 1244 1432 1289 legi
1468 1256 1583 1289 penas

259 1315 496 1351 quascunque
523 1304 728 1338 secundum
756 1303 834 1337 iura
859 1303 1020 1347 proferre
1046 1303 1300 1347 sentenciam3
1327 1310 1389 1337 aut
1416 1303 1526 1337 debet
1545 1301 1584 1336 id

260 1375 367 1408 agere
397 1374 462 1407 per
492 1374 531 1396 se
561 1361 695 1406 ipsum,
726 1361 844 1395 eciam
871 1361 901 1395 si
928 1362 1048 1395 nullus
1067 1361 1154 1396 velit
1180 1361 1360 1406 compelli,
1388 1368 1442 1395 set
1466 1371 1583 1405 penas

203 1437 243 1458 20
262 1431 500 1466 quascunque
528 1419 656 1464 pocius
688 1419 880 1454 sustinere.
932 1421 991 1454 De
1018 1419 1149 1464 quibus
1178 1419 1295 1454 tribus
1324 1419 1392 1454 viis
1420 1419 1585 1453 secunda

261 1487 357 1514 stare
375 1490 448 1512 non
466 1484 599 1522 potest,
619 1484 768 1522 propter
784 1476 953 1511 raciones
978 1477 1191 1522 premissas,
1218 1477 1352 1522 quibus
1379 1477 1585 1512 ostenditur

260 1537 359 1583 quod
376 1537 495 1570 nullus
515 1536 631 1570 iustus
649 1547 718 1570 nec
736 1535 860 1580 aliqua
877 1535 934 1570 lex
952 1535 1047 1570 iusta
1070 1536 1119 1570 ad
1140 1536 1326 1579 agendum
1352 1542 1480 1570 contra
1498 1546 1585 1569 con-

259 1595 457 1630 scienciam
477 1605 582 1629 suam
606 1600 727 1638 potest
756 1604 981 1638 quemquam
1004 1594 1234 1638 compellere,
1253 1594 1341 1639 quin
1365 1593 1493 1639 pocius
1510 1604 1586 1627 non

260 1653 467 1698 parendum
492 1659 547 1686 est
573 1651 705 1696 cuique
732 1651 784 1686 sic
811 1651 977 1693 iubenti;
1003 1663 1047 1686 ex
1073 1652 1216 1686 eisdem
1233 1652 1347 1686 michi
1365 1651 1510 1686 videtur
1526 1651 1587 1685 via

203 1725 241 1756 25
261 1711 373 1746 tercia
391 1718 486 1745 stare
505 1722 578 1744 non
597 1721 717 1755 posse,
737 1709 913 1754 quoniam
938 1709 991 1744 sic
1016 1710 1075 1745 ille
1102 1722 1320 1755 suppremus
1347 1717 1474 1744 contra
1500 1721 1586 1743 con-

260 1770 460 1805 scienciam
486 1769 662 1813 proferret
681 1768 918 1802 sentenciam.
970 1768 1082 1803 Unde
1106 1780 1180 1802 non
1199 1768 1307 1803 video
1331 1768 1418 1813 quin
1440 1774 1586 1802 tenetur

259 1828 309 1862 ad
336 1834 484 1871 tempus
520 1825 751 1860 dissimulare
786 1826 964 1860 iudicium
991 1833 1027 1861 et
1062 1826 1297 1861 oracionibus
1327 1826 1587 1861 communibus

260 1886 456 1930 implorare
486 1896 596 1929 super
627 1885 699 1918 hoc
732 1884 901 1918 divinum
937 1886 1137 1927 oraculum,
1173 1885 1279 1919 sicud
1313 1885 1359 1919 de
1394 1884 1588 1928 colligente

260 1944 359 1988 ligna
377 1943 413 1977 in
433 1943 589 1977 sabbato
613 1942 680 1977 fuit
705 1950 830 1977 actum
852 1943 951 1977 iuxta
976 1943 1170 1978 historiam
1198 1944 1311 1977 Num.
1329 1955 1386 1977 XV.
1406 1943 1534 1986 32—36,
1553 1948 1588 1977 et

203 2019 243 2050 30
263 2002 366 2036 sicud
385 2001 516 2045 legitur
534 2014 616 2036 esse
634 2008 764 2036 actum
779 2001 815 2036 in
835 2001 949 2036 sacris
963 2001 1093 2036 litteris
1108 2001 1144 2035 in
1163 2001 1311 2035 casibus
1331 2001 1420 2036 satis
1439 2001 1563 2035 multis
1582 2013 1588 2036 :

261 2067 296 2094 et
322 2059 352 2093 si
377 2071 451 2094 non
477 2059 611 2104 poterit
629 2059 846 2093 miraculum
871 2059 1073 2104 impetrari,
1100 2060 1210 2094 debet
1237 2059 1468 2094 dissimulare
1495 2059 1589 2093 iudi-

262 2115 359 2149 cium
386 2116 503 2149 donec
529 2122 632 2149 actor
659 2115 719 2150 ille
745 2114 906 2149 iudicem
931 2114 1065 2159 poterit
1092 2115 1275 2159 reperire3
1310 2114 1409 2160 quod
1436 2114 1466 2149 si
1492 2126 1588 2149 nun-

261 2184 373 2218 quam
396 2173 535 2217 fecerit,
567 2180 706 2208 secrete
736 2179 791 2207 est
818 2173 887 2208 sibi
914 2173 1113 2208 dicendum
1137 2185 1159 2207 a
1185 2173 1306 2208 iudice
1332 2173 1432 2218 quod
1457 2173 1589 2207 falsam

264 2243 415 2266 causam
441 2231 694 2276 prosequitur:
723 2238 758 2266 et
783 2232 829 2266 ob
855 2232 927 2265 hoc
952 2232 1074 2266 nullus
1100 2232 1177 2266 vult
1203 2243 1246 2266 eo
1274 2243 1362 2267 casu
1390 2231 1459 2265 sibi
1486 2243 1589 2265 assu-

207 2299 245 2330 35
266 2301 365 2324 mere
391 2290 552 2324 officium
576 2289 762 2324 iudicandi
789 2295 826 2325 et
846 2290 1054 2324 tolleranda
1075 2296 1130 2325 est
1153 2289 1231 2324 eius
1250 2289 1437 2325 detraccio
1455 2290 1589 2335 qualis-

264 2359 419 2393 cunque.

311 2407 400 2441 IOH.
429 2407 503 2440 Cur
532 2405 671 2450 primus
699 2405 809 2440 iudex
840 2411 901 2440 aut
932 2405 1024 2440 alius
1055 2417 1099 2440 eo
1134 2406 1309 2451 superior,
1344 2417 1418 2441 non
1445 2406 1588 2442 habens

263 2464 462 2499 scienciam
478 2464 617 2498 fraudis
635 2470 689 2498 set
712 2463 993 2499 estimacionem
1018 2464 1136 2499 solam
1158 2476 1202 2498 ex
1227 2464 1492 2499 informacione
1516 2465 1587 2510 pri-

264 2523 350 2565 oris,
368 2533 443 2556 non
461 2528 582 2566 potest
602 2533 752 2556 causam
778 2522 839 2556 uni
866 2522 1051 2566 ignoranti
1075 2522 1244 2556 fraudem
1270 2522 1348 2557 sine
1374 2523 1589 2558 deteccione

205 2591 248 2622 40
265 2579 403 2614 fraudis
419 2580 467 2613 illi
485 2579 657 2614 facienda
675 2579 916 2623 committere,
936 2580 986 2615 ita
1005 2586 1044 2614 ut
1063 2579 1122 2615 ille
1140 2592 1232 2615 sana
1244 2579 1478 2615 consciencia
1494 2581 1588 2616 ferat

265 2637 504 2681 sentenciam,
524 2638 622 2672 iuxta
641 2639 823 2682 probata?

310 2697 396 2730 RIC.
426 2695 534 2740 Quia,
553 2695 651 2730 iuxta
677 2695 845 2730 raciones
870 2695 1068 2740 predictas,
1095 2707 1138 2731 eo
1167 2697 1279 2731 modo
1309 2696 1500 2732 veritatem
1530 2703 1587 2732 ta-

264 2754 382 2788 cendo
401 2753 514 2799 impio
540 2753 577 2787 in
601 2754 698 2788 facto
725 2765 791 2788 suo
811 2753 935 2798 iniquo
953 2755 1120 2799 preberet
1147 2754 1332 2799 auxilium,
1352 2755 1587 2791 informacio-

266 2823 351 2846 nem
371 2823 479 2856 super
497 2823 562 2846 suo
582 2813 717 2847 scelere
737 2812 1012 2857 supprimendo.
