2008 3305
256 236 466 295 CAP.X1v.]
733 248 877 279 LIBER
910 247 1107 278 PRIMUS.

134 361 237 404 40A]
252 357 451 407 potissime
496 368 585 394 cum
628 356 753 393 modis
793 355 906 392 nimis
944 355 1140 392 inutilibus
1179 360 1337 403 possent
1374 354 1579 403 sophistice

251 427 409 464 variari:
445 433 496 471 ut,
520 427 608 463 licet
634 427 736 463 idem
761 426 807 462 sit
830 432 1033 474 peccatum
1063 437 1146 462 esse
1174 432 1209 462 et
1236 437 1320 462 esse
1346 426 1495 474 peccati
1521 424 1579 461 vel

250 504 466 546 peccatum,
506 496 669 534 concedi
706 502 837 533 tamen
876 496 989 533 debet
1027 495 1131 545 quod
1172 502 1373 544 peccatum
1413 508 1458 532 ac
1495 507 1578 532 esse

250 567 398 617 peccati
425 568 550 616 placet
574 567 671 612 Deo,
693 574 729 603 et
755 578 844 604 cum
870 566 943 603 hoc
971 567 1101 615 negari
1130 566 1236 614 quod
1263 574 1469 615 peccatum
1497 578 1578 603 esse

218 652 235 683 5
250 637 378 687 placet
398 638 477 682 sibi,
500 649 588 674 cum
608 649 689 674 non
710 636 834 686 placet
854 636 941 674 Deo
962 648 1045 673 esse
1066 636 1188 673 taliter
1204 636 1309 686 quod
1328 636 1412 686 quis
1432 642 1576 685 peccet.

248 707 297 744 Et
313 708 517 745 occasione
535 707 864 757 sophisticacionis
880 707 1101 744 huiusmodi
1122 707 1297 744 evitande
1315 707 1445 744 dicunt
1462 707 1578 755 aliqui

247 779 353 827 quod
378 779 464 815 velle
491 784 547 815 est
574 779 803 827 equivocum
831 777 880 815 ad
900 779 1122 826 permittere,
1147 779 1340 824 consulere,
1360 785 1575 826 proponere,

203 860 233 889 B
247 849 304 886 vel
316 849 467 897 placere
482 862 501 892 ;
533 856 569 886 et
588 849 744 887 racione
762 847 780 867 '⁴‘
801 849 897 885 illius
919 849 1008 886 dicit
1028 847 1238 897 Gregorius
1255 848 1359 897 quod
1375 854 1577 897 peccatum

246 919 373 956 Adam
408 927 464 957 est
502 921 760 957 necessarium
793 926 908 969 atque
944 920 1046 965 felix,
1082 931 1128 956 eo
1162 919 1269 967 quod
1303 919 1501 956 utilitatem
1540 925 1576 956 et

193 1001 234 1023 10
246 990 463 1028 felicitatem
483 992 694 1028 maximam
714 991 1004 1028 occasionaliter
1023 991 1111 1028 fecit
1132 990 1284 1028 sanctis.

1779 249 1855 279 121

300 1061 414 1099 Unde
445 1062 617 1111 querenti
647 1074 763 1111 quare
794 1061 901 1099 Deus
931 1074 1012 1098 non
1035 1061 1231 1110 prohibuit
1258 1066 1462 1110 peccatum
1486 1072 1573 1098 cum
1590 1077 1613 1101 4.
1633 1067 1682 1094 Sin
1696 1067 1719 1093 i>-
1732 1068 1844 1100 permit-

1588 1102 1636 1127 ted
1650 1102 1769 1128 because
1783 1102 1804 1128 it

244 1132 378 1181 potuit,
396 1133 651 1181 respondetur
671 1133 776 1182 quod
798 1145 983 1182 magnum
1005 1133 1150 1170 bonum
1176 1139 1231 1169 est
1253 1132 1424 1169 humano
1445 1132 1573 1181 generi
1588 1136 1690 1161 results
1701 1136 1728 1161 in
1741 1141 1821 1168 great

245 1209 281 1239 et
311 1203 381 1239 toti
411 1203 559 1241 mundo
591 1201 648 1252 (ut
681 1208 788 1252 patet
827 1201 1035 1253 posterius)
1065 1202 1171 1252 quod
1209 1210 1422 1240 creaturam
1453 1203 1574 1241 racio-

244 1273 371 1310 nalem
391 1274 606 1322 permiserit
626 1275 677 1311 sic
699 1287 880 1323 peccare:
913 1286 985 1311 nec
1013 1273 1141 1311 decuit
1167 1273 1380 1310 bonitatem
1402 1273 1572 1310 divinam

192 1357 228 1389 15
243 1351 368 1382 vetare
390 1357 549 1382 omnem
574 1352 787 1382 creaturam
817 1345 1051 1382 racionalem
1076 1345 1229 1393 penitus
1255 1351 1296 1381 ut
1321 1357 1401 1382 non
1429 1351 1571 1394 peccet.

243 1415 318 1452 Pro
360 1417 467 1452 cuius
502 1415 767 1454 declaracione
798 1416 1067 1465 ymaginemur
1096 1416 1202 1464 pium
1236 1421 1396 1464 patrem,
1427 1415 1572 1464 magis-

242 1493 353 1531 trum,
384 1492 421 1523 et
449 1485 651 1522 dominum
686 1486 812 1523 dicere
847 1493 974 1523 creato
1011 1486 1163 1523 subdito
1193 1486 1413 1535 predilecto‚
1446 1486 1572 1524 ‘Ecce

244 1557 468 1605 ‘premunio
499 1564 534 1594 te
568 1557 615 1594 de
644 1558 826 1594 omnibus
856 1557 966 1594 malis
994 1557 1069 1594 sive
1096 1557 1274 1606 periculis
1308 1558 1571 1606 precavendis,

243 1628 505 1677 ‘consuloque
537 1628 642 1677 quod
677 1628 747 1665 sub
782 1640 882 1677 pena
917 1628 1077 1677 dampni
1116 1628 1238 1665 notati
1276 1627 1394 1665 nichil
1432 1627 1571 1665 horum

187 1701 505 1748 20‘perpeteres;
536 1712 624 1737 cum
651 1699 739 1737 dedi
773 1700 840 1736 tibi
870 1700 1048 1736 virtutem
1077 1705 1113 1736 et
1143 1699 1359 1748 graciosam
1390 1700 1570 1737 assisten-

241 1769 376 1815 ‘ciam,
399 1770 537 1819 quibus
564 1783 644 1808 non
676 1776 882 1819 potuerunt
911 1770 1154 1807 adversantes
1186 1770 1387 1808 extrinseci
1418 1776 1454 1808 te
1484 1782 1570 1819 gra-

240 1843 350 1877 ‘vare
389 1841 461 1877 nisi
499 1847 539 1878 tu
586 1842 667 1890 ipse
715 1842 840 1890 primo
879 1841 1044 1878 volueris
1081 1841 1293 1878 vecorditer
1338 1841 1569 1878 consentire.

238 1911 540 1949 ‘Verumtamen
572 1925 619 1949 ex
651 1913 880 1950 condicione
910 1918 974 1950 tue
1009 1912 1191 1950 libertatis
1221 1919 1301 1949 tam
1331 1912 1502 1949 nobilem
1532 1919 1569 1950 et

240 1983 516 2020 ‘excellentem
563 1989 597 2020 te
648 1984 786 2021 ordino
824 1983 929 2033 quod
966 1983 1111 2021 habeas
1149 1983 1188 2020 in
1223 1983 1342 2021 libera
1379 1990 1568 2033 potestate

187 2053 448 2103 25‘quidquid
478 2054 653 2099 volueris,
689 2055 746 2091 vel
777 2056 926 2092 bonum
957 2055 1013 2092 vel
1047 2054 1205 2101 malum,
1236 2067 1431 2104 peragere,
1464 2068 1567 2093 asse-

240 2126 402 2161 ‘curans
441 2125 547 2174 quod
590 2125 743 2162 racione
783 2125 1017 2163 excellencie
1056 2126 1141 2170 mei,
1181 2126 1325 2174 gradus
1364 2138 1567 2176 quorsum-

239 2196 415 2243 ‘cunque
437 2196 679 2242 converteriS,
703 2196 939 2242 coassistam,
961 2209 1192 2234 conservans
1219 2204 1255 2234 et
1283 2209 1500 2247 cooperans
1529 2198 1567 2234 in

239 2266 435 2315 ‘quolibet
469 2267 645 2316 positivo,
670 2279 751 2304 non
780 2267 981 2316 impellens
1003 2267 1060 2304 vel
1090 2267 1304 2305 violentans
1333 2268 1382 2305 ad
1412 2269 1566 2317 aliquid,

238 2340 248 2355 ‘
262 2337 359 2374 sicut
378 2350 450 2375 nec
470 2338 696 2386 permittens
717 2338 861 2388 aliquid
882 2339 953 2375 nisi
973 2338 1070 2376 forte
1092 2339 1127 2375 in
1148 2351 1291 2388 penam
1311 2340 1471 2388 peccati,
1489 2351 1567 2389 quo

197 2408 504 2445 C‘succubueris
532 2408 698 2446 indebite
727 2422 774 2446 ex
804 2415 841 2446 te
875 2408 981 2458 ipso.’
1041 2409 1194 2456 Taliter,
1229 2409 1246 2428 *
1282 2410 1453 2460 inquam,
1488 2410 1567 2460 agit

236 2478 343 2516 Deus
371 2491 459 2516 cum
484 2479 653 2526 homine,
679 2486 721 2517 ut
745 2486 849 2529 patet
873 2493 919 2517 ex
941 2492 1125 2529 processu
1152 2480 1314 2529 generis.
1372 2480 1423 2518 Et
1452 2481 1565 2519 istam

236 2550 470 2586 sentenciam
500 2550 646 2587 videtur
675 2550 772 2587 mihi·
803 2551 955 2599 sapiens
989 2551 1293 2597 Ecclesiasticus,
1324 2564 1386 2588 xv.
1423 2564 1565 2599 11—19,

236 2620 444 2657 adnotare:
474 2620 565 2657 lVon
591 2621 702 2667 dicas,
724 2621 858 2670 inquit,
880 2620 1073 2670 Sapientia
1097 2628 1166 2670 per
1191 2621 1313 2658 Deum
1340 2623 1470 2666 abest,·
1501 2635 1567 2671 que

269 2731 294 2754 5.
315 2724 323 2752 ll
338 2723 442 2748 taliter
454 2723 476 2748 B
488 2723 507 2749 f.
524 2733 572 2755 230
583 2731 609 2749 B.
747 2725 772 2749 6.
791 2724 945 2750 evitanda.-
963 2725 1045 2751 codd.
1056 2725 1199 2752 evz‘landz'.
1344 2734 1385 2750 21.
1405 2724 1508 2757 quibus
1522 2725 1564 2750 B:

235 2764 256 2781 a
268 2756 370 2788 quihus
382 2757 407 2781 A
417 2756 450 2782 C.
582 2765 713 2789 gravare
726 2757 751 2783 A
762 2758 785 2784 C
797 2765 802 2783 Ζ
818 2759 943 2790 gravz're
957 2758 988 2785 B.
1160 2769 1201 2792 29.
1221 2759 1352 2791 aliquid:
1373 2759 1454 2784 codd.
1467 2759 1564 2784 aliud.

236 2798 277 2821 31.
292 2791 422 2822 generis:
438 2799 474 2822 ge
487 2790 512 2815 A
522 2790 554 2822 C,
566 2791 631 2823 ge’u
645 2790 678 2817 B.
795 2801 837 2824 33.
857 2792 924 2818 Post
939 2793 1036 2825 inquit
1048 2793 1074 2818 A
1085 2792 1108 2819 C
1120 2793 1204 2825 quod,
1220 2792 1247 2819 in
1262 2793 1284 2818 B
1298 2793 1422 2819 deletum

607 2860 635 2890 8.
661 2858 705 2891 So
722 2859 772 2891 De
791 2860 850 2891 civ.
869 2861 968 2891 Dom.
986 2860 1006 2891 i.
1028 2868 1066 2892 10
1083 2871 1115 2902 p.
1133 2859 1185 2891 68.

1587 1169 1660 1201 good
1670 1174 1699 1195 to
1710 1169 1855 1196 mankind.
