2008 3305
140 183 221 234 276

355 401 404 421 22.

357 564 405 594 23.

360 817 408 847 24.

359 920 409 950 25.

361 1013 410 1044 26.

366 1427 415 1457 28.

367 1643 416 1675 29.

369 1857 419 1887 30.

371 2009 421 2040 31.

373 2214 423 2244 32.

375 2422 424 2453 33-

377 2571 426 2601 34·

458 190 661 223 RICARDI
693 189 995 221 ARMACHANI
1027 188 1089 219 DE
1124 187 1367 220 PAUPERIE
1400 185 1712 219 SALVATORIS.

420 295 529 325 Deum
555 292 814 325 communicasse
840 297 954 323 nostro
979 292 1087 333 primo
1114 292 1240 332 parenti
1268 291 1450 321 dominium
1473 296 1541 322 tam
1568 291 1746 330 specierum
1762 292 1832 335 [10

419 356 517 387 quam
534 344 789 382 individuorum,
807 349 852 374 set
869 343 1058 374 secundario
1075 344 1264 383 specierum,
1282 342 1350 373 eius
1367 342 1529 373 racionem
1546 342 1721 382 assignans.

463 397 665 427 Vicesimum
696 395 875 426 secundum
908 394 1093 435 capitulum
1124 394 1236 429 obicit,
1263 405 1301 424 ex
1332 394 1394 424 hoc
1424 393 1512 434 quod
1540 393 1649 424 Adam
1679 396 1747 423 erat

419 458 526 478 servus
543 448 617 482 Dei,
636 447 724 487 quod
741 457 806 477 non
822 450 949 487 poterat
967 446 1131 486 acquirere
1147 446 1209 476 sibi
1233 445 1294 486 ipsi
1311 445 1491 475 dominium
1505 455 1511 482 ;
1536 450 1567 476 et
1584 444 1746 482 dissolvit,

421 500 592 530 ostendens
608 499 647 528 de
664 498 812 528 dominio
828 508 885 539 per
902 497 1236 528 communicacionem
1253 497 1413 537 acquisito
1430 496 1636 527 contrarium.
1761 495 1778 526 5

465 551 667 581 Vicesimum
693 550 827 581 tercium
853 549 1047 590 capitulum,
1074 548 1183 589 posita
1209 548 1275 579 alia
1301 548 1430 579 racione
1454 547 1749 579 inabdicabilitatis

420 602 523 632 divini
561 601 713 639 dominii,
752 602 870 642 probat
908 601 1125 631 donacionem
1164 600 1333 638 veriorem,
1365 600 1472 640 magis
1509 600 1688 640 propriam,
1719 603 1751 629 et

420 653 638 684 liberaliorem
649 652 717 683 fieri
733 653 802 683 sine
819 653 1031 683 abdicacione
1047 651 1196 687 dominii,
1212 651 1436 692 possessionis,
1450 655 1505 681 aut
1517 651 1594 681 iuris
1606 650 1752 688 alterius,

421 715 519 746 quam
542 705 591 735 ius
616 704 750 745 aliquod
773 704 968 742 abdicando,
993 703 1167 734 ostendens
1189 703 1381 743 scripturam
1401 713 1467 733 non
1493 712 1657 743 nunquam
1678 701 1752 732 laxe

426 756 617 787 donacionis
635 757 769 786 verbum
786 756 943 797 accipere.
1766 766 1806 787 10

468 808 669 839 Vicesimum
693 813 844 848 quartum
868 806 1047 848 capitulum
1070 810 1188 838 tractat
1211 806 1251 837 de
1275 810 1348 837 actu
1372 804 1664 844 commodacionis,
1680 815 1752 835 eam

425 861 497 890 Deo
515 860 684 890 convenire
701 859 882 890 ostendens.

468 911 668 956 Vicesimum
692 911 841 951 quintum
866 910 1059 951 capitulum,
1087 909 1126 940 de
1150 909 1277 940 actibus
1300 909 1504 946 defensionis,
1531 908 1754 949 repeticionis,

424 968 455 993 et
470 963 632 1000 luicionis,
652 962 795 992 ostendit
811 962 898 1003 quod
916 963 990 992 Deo
1007 966 1037 992 et
1053 961 1121 992 eius
1138 961 1250 991 divino
1268 961 1417 991 dominio
1433 961 1636 991 conveniunt.

469 1014 670 1045 Vicesimum
688 1018 813 1044 sextum
837 1013 1018 1054 capitulum
1036 1012 1136 1044 obicit
1159 1013 1247 1052 quod
1266 1013 1357 1043 Deus
1381 1013 1448 1043 sine
1472 1012 1685 1043 abdicacione
1706 1010 1754 1042 sui
1771 1018 1808 1050 15

424 1066 564 1096 dominii
588 1075 654 1095 non
678 1066 786 1105 potuit
803 1066 940 1095 vendere
962 1075 1022 1096 nec
1045 1075 1160 1099 emere,
1177 1064 1254 1105 quia
1277 1074 1342 1094 non
1366 1064 1474 1104 potuit
1498 1063 1643 1105 precium
1667 1063 1756 1104 quod

425 1128 518 1148 suum
544 1121 614 1148 erat
641 1117 806 1157 recipere;
830 1121 861 1147 et
886 1116 1048 1155 dissolvit,
1066 1116 1240 1147 ostendens
1262 1126 1302 1146 ex
1325 1116 1489 1156 scripturis
1510 1121 1542 1146 et
1564 1126 1604 1147 ex
1627 1117 1757 1145 racione

425 1169 514 1210 quod
544 1173 612 1199 tam
637 1169 727 1199 Deus
759 1179 857 1210 quam
884 1168 988 1199 homo
1011 1178 1079 1199 rem
1110 1167 1232 1198 suam*
1261 1177 1320 1208 pro
1352 1167 1463 1208 precio
1490 1167 1522 1197 in
1547 1177 1623 1199 casu
1648 1168 1800 1208 potestD

425 1220 573 1261 recipere.

470 1271 673 1302 Vicesimum
704 1271 880 1312 septimum
905 1271 1085 1312 capitulum
1112 1270 1215 1302 obicit
1240 1275 1351 1302 contra
1375 1270 1560 1312 precedens,
1585 1269 1758 1301 ostendens
1772 1277 1811 1299 20

427 1323 515 1364 quod
532 1324 624 1353 Deus
645 1323 714 1353 sine
737 1323 925 1354 mutacione
941 1324 989 1353 sui
1014 1327 1123 1363 potest
1147 1323 1207 1353 sibi
1231 1326 1262 1353 et
1280 1322 1383 1353 eciam
1409 1321 1557 1352 dominio
1581 1332 1638 1352 suo
1654 1332 1704 1353 res
1719 1322 1760 1353 de

428 1384 514 1405 novo
532 1375 705 1415 acquirere,
723 1375 827 1405 eciam
844 1375 913 1405 sine
930 1375 1149 1415 acquisicione
1165 1375 1242 1404 novi
1259 1373 1404 1404 dominii.

474 1427 675 1457 Vicesimum
704 1431 856 1457 octavum
882 1426 1063 1467 capitulum
1088 1426 1191 1457 obicit
1214 1430 1246 1456 et
1269 1425 1429 1462 dissolvit,
1453 1424 1626 1456 ostendens
1649 1425 1759 1456 Deum

431 1478 499 1509 fieri
517 1478 725 1508 donatarium
749 1483 780 1508 et
796 1482 979 1519 emptorem
1003 1478 1072 1508 sine
1095 1477 1313 1518 acquisicione
1336 1476 1413 1507 novi
1428 1476 1565 1507 dominii
1581 1477 1648 1507 sive
1671 1486 1760 1507 com-

430 1530 666 1566 municacione,
700 1529 930 1568 translacione‚
970 1540 1009 1561 ae
1047 1529 1151 1560 eciam
1189 1528 1375 1559 minucione
1412 1528 1551 1559 dominii
1581 1528 1758 1559 donatoris.
1775 1533 1813 1566 25

431 1581 630 1622 Exemplum
647 1582 687 1612 de
703 1586 817 1612 sancto
834 1581 943 1612 David
960 1581 1002 1612 ad
1018 1581 1240 1621 prolacionem
1257 1580 1438 1611 adducitur.

475 1635 678 1666 Vicesimum
701 1646 824 1666 nonum
842 1635 1023 1676 capitulum
1048 1635 1190 1666 ostendit
1207 1635 1316 1665 Deum
1332 1644 1397 1665 non
1422 1644 1518 1674 posse
1534 1633 1602 1666 fieri
1626 1634 1760 1665 donata-

430 1690 513 1720 rium
531 1695 587 1720 aut
602 1695 784 1731 emptorem
802 1701 858 1731 per
882 1689 1136 1731 acquisicionem
1153 1689 1368 1729 possessionis
1391 1689 1436 1719 rei
1453 1689 1642 1730 cuiusquam
1658 1698 1762 1729 neque

431 1742 510 1772 iuris
533 1742 675 1779 alterius,
703 1747 751 1773 set
772 1752 830 1783 per
852 1741 1109 1780 abdicacionem,
1139 1740 1416 1779 imminucionem‚
1438 1750 1494 1771 seu
1521 1740 1763 1771 restriccionem

432 1794 510 1823 iuris
525 1793 673 1824 alicuius.
1777 1804 1818 1835 30

476 1845 693 1875 Tricesimum
719 1845 904 1885 capitulum
931 1844 1075 1875 ostendit
1101 1844 1269 1884 quomodo
1296 1854 1355 1884 pro
1383 1843 1469 1874 bona
1495 1843 1662 1874 voluntate
1689 1844 1763 1874 Deo

433 1896 547 1926 oblata
571 1896 690 1927 emitur
706 1896 774 1927 vita
797 1901 906 1926 eterna
930 1897 998 1926 sine
1021 1895 1233 1926 abdicacione
1257 1895 1342 1926 bone
1358 1894 1546 1933 voluntatis,
1562 1895 1665 1926 immo
1690 1904 1764 1926 cum

434 1948 502 1978 eius
519 1948 708 1978 retencione
723 1947 797 1978 utili
813 1958 832 1977 a
847 1947 1015 1978 vendente.

478 1999 693 2030 Tricesimum
725 1999 868 2040 primurn
900 1999 1093 2039 capitulum,
1120 2002 1261 2029 tractans
1292 1997 1332 2029 de
1357 1998 1538 2038 cupiditate
1564 2002 1595 2029 et
1625 2002 1765 2039 quatuor

434 2051 643 2091 passionibus
669 2052 748 2089 eius,
775 2051 916 2081 ostendit
942 2050 1081 2091 qualiter
1108 2051 1140 2080 in
1173 2049 1344 2090 empcione
1368 2050 1435 2081 vite
1462 2054 1567 2081 eterne
1595 2060 1655 2091 pro
1680 2051 1765 2081 bona
1779 2052 1818 2085 35

435 2102 602 2132 voluntate
619 2101 743 2142 aliquid
756 2102 796 2132 de
812 2102 879 2132 iure
896 2101 1085 2142 cupiditatis
1102 2101 1252 2139 abicitur,
1268 2101 1344 2132 lieet
1357 2111 1421 2131 non
1435 2101 1510 2131 inde
1526 2101 1584 2131 fiat
1596 2100 1765 2135 vendicio;

436 2158 483 2185 set
501 2164 559 2194 per
575 2153 679 2184 solam
696 2153 935 2185 restriccionem
952 2153 1100 2190 dominii,
1117 2152 1227 2192 quoad
1244 2157 1365 2190 actum,
1383 2152 1418 2183 fit
1436 2152 1510 2183 Deo
1526 2152 1686 2184 vendicio,

481 2205 695 2235 Tricesimum
712 2206 887 2236 secundum
904 2205 1087 2245 capitulum
1105 2204 1248 2235 ostendit
1265 2204 1471 2244 empcionem
1495 2209 1526 2235 et
1541 2204 1767 2235 vendicionem

436 2256 505 2287 fieri
522 2257 644 2297 absque
660 2256 728 2287 ulla
745 2257 1016 2294 commutacione,
1035 2256 1124 2286 iuxta
1140 2255 1224 2285 illud
1243 2256 1354 2292 Ysaie,
1371 2256 1486 2286 Emite
1502 2256 1619 2297 absque
1634 2259 1767 2296 argento

437 2313 466 2339 et
490 2308 606 2349 absque
632 2309 702 2339 ulla
728 2309 979 2339 commutacione
1004 2308 1124 2338 vinum
1150 2311 1180 2337 et
1204 2307 1274 2344 lac,·
1296 2312 1328 2338 et
1351 2307 1522 2338 concludit
1544 2307 1632 2348 quod
1655 2316 1767 2337 omnes
1779 2313 1822 2345 40

438 2364 528 2389 actus
545 2360 683 2390 dominii
700 2359 858 2390 numerati
876 2359 1024 2400 superius
1042 2360 1115 2389 Deo
1132 2359 1327 2389 conveniunt
1343 2359 1473 2390 racione
1489 2359 1539 2389 sui
1556 2358 1705 2389 dominii.

483 2411 700 2442 Tricesimum
725 2412 861 2442 tercium
886 2410 1066 2450 capitulum
1091 2410 1232 2441 ostendit
1258 2410 1366 2441 Deum
1389 2410 1553 2441 verissime
1577 2420 1615 2440 ac
1640 2409 1767 2450 propri-

439 2463 547 2494 issime
579 2463 756 2503 possidere,
784 2467 815 2493 et
847 2473 959 2493 omnes
990 2467 1082 2493 actus
1107 2462 1171 2492 veri
1203 2472 1241 2493 ac
1272 2462 1403 2503 proprie
1432 2461 1512 2492 dicti
1540 2461 1678 2492 dominii
1705 2460 1767 2492 sibi

439 2514 602 2545 verissime
618 2525 655 2545 ac
672 2515 896 2555 propriissime
913 2514 1091 2545 convenire.

484 2566 702 2597 Tricesimum
733 2570 884 2606 quartum
915 2566 1098 2605 capitulum
1130 2570 1243 2596 contra
1272 2565 1499 2605 recepcionem
1524 2564 1625 2605 precii
1656 2564 1766 2595 aDeo
1780 2568 1821 2600 45

441 2618 542 2648 obicit
568 2617 827 2648 illiberalitatem
853 2622 884 2648 et
902 2617 1045 2655 vicium;
1069 2622 1100 2648 et
1127 2617 1213 2647 tollit
1238 2617 1414 2655 obiectum,
1439 2617 1613 2648 ostendens
1636 2615 1668 2646 in
1692 2625 1768 2647 casu

440 2669 567 2701 virtutis
585 2679 654 2700 esse
670 2670 820 2709 recipere.
