2008 3305
210 187 284 230 ¹32

878 183 943 214 DE
976 181 1194 214 DOMINIO
1226 180 1403 212 mvnvs)
1602 170 1708 222 [CAP.
1731 181 1798 208 xv.

199 305 331 337 allowing
344 305 452 331 neither
477 300 603 336 minus
638 299 840 348 suscipere.
916 297 965 335 Et
994 299 1065 335 ista
1094 305 1150 335 est
1177 297 1373 334 sentencia
1398 297 1598 335 Anshelmi
1628 299 1667 336 in
1704 298 1800 335 libro
1816 296 1914 338 [43D

200 341 231 366 of
241 340 364 365 increase
378 348 428 365 nor

200 372 378 399 diminution.

482 382 550 407 sua
575 370 623 407 de
644 370 785 407 Gracia
815 376 852 407 et
881 369 1000 407 libero
1022 368 1191 405 Arbitrio
1218 368 1384 417 capitulo
1413 368 1461 404 iii.
1519 368 1568 406 Et
1592 375 1705 418 patet,
1729 369 1805 406 sive

482 441 690 489 accipiatur
710 439 966 478 essencialiter
985 451 1055 488 pro
1075 439 1140 476 illo
1159 437 1176 457 *
1195 438 1337 487 spiritu,
1353 439 1427 476 sive
1450 440 1717 488 passionaliter
1736 451 1805 487 pro
1817 446 1904 475 44A

481 511 713 560 proprietate
744 522 819 559 que
850 509 1098 558 consequitur
1128 509 1176 545 ad
1205 508 1312 545 illum
1342 509 1515 557 spiritum
1551 510 1649 547 sicut
1678 510 1806 558 passio

481 582 529 618 ad
545 582 757 619 subiectum
772 594 781 627 3
813 581 879 618 sed
900 581 1015 618 tercio
1036 579 1218 628 accipitur
1238 592 1307 628 pro
1329 579 1562 617 sufficiencia
1578 593 1654 629 qua
1669 580 1807 617 virtuo-
1822 587 1839 619 5

484 664 549 689 sus
570 651 785 700 disponitur
806 651 855 688 ad
875 650 1137 688 incedendum
1158 649 1315 686 faciliter
1340 662 1405 698 per
1425 650 1525 686 viam
1545 650 1703 687 iusticie.
1758 650 1809 686 Et

486 722 538 759 sic
568 722 670 759 beati
700 722 857 759 virtuosi
881 722 939 758 vel
970 720 1188 757 naturaliter
1217 719 1380 756 facilitati
1406 720 1583 757 dicuntur
1612 732 1695 757 esse
1724 720 1810 769 plus

484 793 602 838 liberi,
623 792 819 841 dampnati
835 804 923 830 vero
943 792 1111 840 peccatis
1132 791 1260 827 irretiti
1273 791 1331 827 vel
1351 791 1457 827 aliter
1476 791 1694 828 naturaliter
1715 790 1809 827 diffi-

485 863 612 900 cultati
640 863 815 900 dicuntur
842 862 1020 911 opposite
1052 862 1180 898 minus
1210 861 1326 898 liberi.
1384 861 1435 898 Et
1461 862 1532 899 ista
1551 861 1697 899 videtur
1726 873 1810 898 esse

486 933 681 970 sentencia
717 932 934 982 Augustini,
969 931 1222 968 Enchiridion
1257 932 1327 968 viii.
1384 930 1435 969 Et
1474 932 1521 969 de
1566 932 1628 968 illa
1665 931 1810 968 videtur
1825 938 1866 960 10

486 1002 636 1040 Veritas
664 1002 780 1051 loqui,
813 1003 895 1040 Ioh.
917 1002 987 1038 viii.
1012 1003 1073 1050 36,
1096 1001 1145 1039 δι’
1160 1002 1272 1050 filius
1300 1002 1475 1038 liberavit
1500 1014 1573 1048 vos,
1605 1014 1687 1039 vere
1709 1002 1818 1039 liberi

487 1074 615 1109 eritis:
644 1079 680 1109 et
709 1072 916 1121 apostolus,
942 1085 960 1109 2
994 1072 1083 1109 Cor.
1110 1072 1158 1108 iii.
1191 1081 1249 1119 17,
1276 1072 1351 1109 Ubi
1377 1073 1534 1120 spiritus
1566 1071 1731 1117 Domini,
1763 1071 1818 1108 z'bz'

487 1143 662 1186 lz‘berlas,·
701 1155 820 1191 quarn
854 1142 1064 1179 libertatem
1108 1142 1267 1190 exponit
1301 1141 1349 1179 ad
1383 1141 1468 1179 Gal.
1499 1142 1544 1178 iv.
1584 1155 1644 1190 31,
1682 1142 1813 1179 dicens

489 1213 596 1262 quod
617 1213 679 1249 illa
705 1213 868 1249 libertate
891 1212 1067 1249 Christus
1086 1225 1151 1248 nos
1170 1212 1350 1249 liberavit.
1410 1211 1486 1249 Sed
1506 1212 1813 1261 quomodocum-

490 1296 563 1332 que
577 1284 767 1332 loquatur,
786 1295 902 1320 nemo
916 1283 1125 1331 dicitquod
1145 1282 1262 1320 homo
1275 1289 1332 1320 est
1348 1283 1503 1320 liberior
1519 1283 1609 1332 quia
1622 1289 1813 1331 peccator,
1831 1294 1867 1327 15

491 1367 579 1392 cum
602 1354 776 1391 Christus
801 1354 1062 1402 impeccabilis
1092 1353 1138 1390 sit
1166 1353 1391 1390 liberrimus.
1449 1352 1532 1391 Nec
1556 1353 1692 1390 dicitur
1711 1353 1816 1402 quod

492 1431 663 1462 creatura
692 1425 809 1462 libera
839 1425 930 1462 citra
960 1424 1154 1461 Christum
1188 1430 1319 1473 posset
1348 1423 1395 1460 de
1426 1423 1499 1460 Dei
1529 1424 1707 1472 potencia
1733 1436 1817 1462 esse

491 1502 569 1532 tam
590 1496 710 1532 libera
730 1494 836 1544 quod
862 1495 1022 1532 omnino
1043 1506 1204 1543 peccare
1225 1506 1303 1531 non
1330 1494 1479 1543 poterit,
1500 1494 1590 1543 quia
1611 1493 1716 1532 Deus
1736 1506 1817 1531 non

493 1573 591 1604 esset
620 1567 866 1614 omnipotens
889 1566 919 1602 si
950 1577 1028 1603 non
1058 1571 1189 1614 posset
1219 1571 1432 1602 creaturam
1456 1565 1570 1603 talem
1598 1565 1819 1614 permittere

493 1637 661 1674 incidere
682 1637 720 1673 in
741 1642 943 1685 peccatum
960 1648 970 1681 ,·
1001 1642 1036 1673 et
1056 1648 1124 1684 per
1137 1647 1378 1685 consequens
1395 1641 1494 1673 esset
1514 1636 1632 1673 libera
1651 1635 1760 1673 simul
1782 1642 1818 1673 et
1834 1652 1873 1674 20

493 1720 573 1745 non
607 1708 737 1744 libera.
794 1706 910 1743 Unde
944 1707 1109 1755 primam
1141 1706 1355 1743 libertatem
1395 1713 1565 1743 creature
1603 1706 1818 1751 racionalis‚

495 1779 590 1816 sicut
620 1777 727 1814 Deus
757 1790 836 1814 non
864 1783 990 1825 potest
1020 1778 1202 1821 minuere,
1226 1777 1277 1813 sic
1309 1777 1431 1813 eciam
1460 1789 1530 1813 nec
1561 1788 1711 1824 augere.
1769 1776 1820 1813 Et

496 1855 601 1899 patet
622 1848 727 1897 quod
749 1847 947 1896 dupliciter
975 1853 1099 1896 potest
1129 1847 1270 1896 aliquid
1300 1847 1539 1884 denominari
1568 1847 1740 1892 liberum,
1761 1846 1820 1884 vel

496 1919 629 1964 active,
652 1925 692 1955 ut
720 1918 845 1955 solum
875 1925 1010 1954 natura
1040 1917 1242 1954 racionalis
1277 1924 1331 1954 est
1365 1917 1492 1963 libera,
1514 1917 1571 1955 vel
1599 1918 1759 1966 passive,
1781 1923 1821 1954 ut

496 1989 667 2026 effectus.
727 1987 766 2024 Si
793 1988 897 2042 enirn
923 1994 1030 2025 actus
1051 1988 1254 2024 voluntatis
1281 1994 1415 2030 create,
1437 1988 1535 2025 sicut
1564 1995 1601 2025 et
1630 2000 1727 2037 opus
1756 2000 1874 2033 ex-25

497 2059 715 2104 trinsecum,
738 2058 873 2095 dicitur
908 2058 1082 2104 liberum,
1106 2058 1195 2107 quia
1225 2058 1394 2107 precedit
1413 2071 1435 2095 a
1465 2059 1582 2096 libera
1610 2065 1820 2108 potestate;

497 2135 643 2178 quanto
660 2128 783 2177 magis
800 2134 880 2165 tota
900 2128 1127 2165 universitas
1144 2135 1271 2165 creata
1288 2129 1357 2165 erit
1376 2128 1495 2165 libera
1507 2127 1524 2147 *
1536 2129 1663 2177 quoad
1683 2128 1821 2166 Deum.
1836 2137 1866 2165 B

498 2199 548 2236 Et
562 2212 629 2248 per
641 2210 883 2247 consequens
899 2210 1029 2236 verum
1049 2198 1210 2235 liberum
1224 2205 1260 2236 et
1279 2200 1538 2236 necessarium
1554 2204 1824 2237 convertuntur

501 2270 540 2306 in
560 2276 709 2306 tantum
729 2269 835 2318 quod
859 2275 1060 2317 peccatum
1082 2269 1204 2306 eciam
1225 2269 1410 2318 originale
1437 2269 1649 2307 secundum
1670 2270 1824 2319 Augus-

501 2340 636 2381 tinum,
659 2339 784 2388 primo
810 2339 1151 2376 Retractacionum
1181 2340 1270 2385 xiii„
1292 2351 1371 2377 non
1401 2339 1496 2376 foret
1525 2345 1725 2389 peccatum
1753 2340 1824 2376 nisi
1839 2357 1880 2388 30

501 2421 548 2447 eo
568 2410 652 2459 ipso
673 2416 773 2447 esset
792 2409 964 2456 liberum,
988 2422 1077 2446 cum
1096 2410 1242 2459 primus
1262 2422 1399 2458 parens
1419 2409 1534 2447 libere
1558 2410 1647 2448 facit
1667 2422 1825 2448 omnem

537 2531 560 2553 3.
573 2522 784 2554 passz'onalz'ter
798 2522 820 2547 B
832 2528 838 2547 ἰ
853 2522 1053 2553 personaliter
1064 2522 1089 2547 A
1099 2522 1128 2548 C*
1247 2532 1270 2555 7.
1290 2524 1298 2551 ll
1311 2522 1390 2548 beati
1402 2522 1423 2547 B
1438 2521 1456 2547 f.
1472 2531 1519 2554 232
1533 2531 1558 2549 Α.
1661 2532 1683 2555 9.
1705 2522 1827 2555 opposite

504 2555 526 2581 B
537 2556 560 2581 C
574 2566 578 2580 :
597 2559 724 2587 apostate
736 2556 770 2580 A.
906 2565 944 2580 10.
965 2556 1027 2589 viii.
1041 2556 1065 2580 A
1076 2555 1115 2581 C:
1139 2557 1181 2581 180
1196 2555 1227 2582 Β.

572 2666 598 2686 2.
624 2655 771 2686 Anselm.
789 2656 829 2686 de
846 2656 903 2686 lib.
922 2656 1045 2686 Arbitr.
1065 2656 1122 2694 iii.‚
1142 2656 1229 2696 Opp.
1252 2658 1323 2687 118.

553 2717 599 2737 10.
625 2709 765 2748 August.
781 2708 911 2739 Enchir.
924 2708 964 2738 de
982 2707 1072 2742 Fide,
1090 2707 1165 2748 Spe,
1178 2713 1208 2738 et
1223 2708 1296 2739 Car.
1312 2720 1384 2741 xxx.
1400 2711 1415 2746 ξ
1432 2718 1462 2750 9,
1477 2709 1563 2750 Opp.
1578 2708 1606 2740 6.
1623 2715 1680 2749 207
1693 2718 1760 2749 seq.

551 2768 599 2799 29.
626 2759 738 2790 Eiusd.
758 2759 901 2790 Retract.
920 2759 940 2789 i.
961 2768 998 2798 13
1019 2761 1033 2795 ξ,
1054 2768 1083 2798 5,
1101 2759 1188 2800 Opp.
1211 2768 1236 2790 1.
1258 2768 1296 2789 20
1316 2767 1347 2791 Β.
