2008 3305
59 159 276 212 CAP.X1X.]
625 168 688 199 DE
723 168 967 200 PAUPERIE
1000 168 1313 201 SALVATORIS.
1795 170 1876 213 307

184 275 260 316 SD]
275 270 388 305 minio
405 277 467 306 aut
480 272 562 307 Deo
580 272 787 315 conveniat,
801 284 845 307 ex
863 283 935 317 quo
951 273 1054 308 Deus
1071 273 1212 307 nullum
1230 271 1435 307 dominium
1453 283 1560 306 suum
1579 284 1601 306 a
1614 277 1655 303 Of
1671 277 1757 303 God’s
1770 276 1876 310 giving.

273 340 311 363 se
329 329 488 364 alienare
508 341 572 364 seu
590 330 786 364 transferre
805 337 925 374 potest
942 336 1005 365 aut
1024 330 1141 374 potuit
1159 343 1169 372 ;
1199 342 1283 364 cum
1302 330 1421 364 omnis
1441 330 1599 365 donacio

271 393 310 421 ut
328 387 417 421 mihi
435 387 579 422 videtur
595 387 774 422 alienacio
789 387 836 422 sit
855 388 1052 422 censenda.

319 445 544 479 RICARDUS.
573 445 741 489 Nunquit
769 451 887 479 totam
915 444 1154 489 impugnabis
1188 445 1411 490 scripturam
1435 445 1535 480 Novi
1563 452 1599 480 et

238 501 413 539 5Veteris
439 502 683 544 Testamenti,
708 513 778 547 que
808 502 938 537 astruit
963 503 1087 537 Deum
1113 503 1202 537 dare
1229 504 1401 537 omnibus
1429 504 1595 548 inspira-

269 560 405 593 cz'onem
423 564 459 593 et
474 561 605 602 vitam,
620 561 703 594 Act.
721 559 805 594 xvii.
825 568 866 604 25
886 572 893 603 ;
918 560 1018 605 quod
1032 561 1099 594 dat
1114 560 1284 594 omnibus
1300 561 1504 606 affluenter,
1522 562 1596 595 Iac.

51 619 134 660 Eph.
153 619 194 650 iv.
212 620 241 650 8.
269 615 292 650 i.
306 624 322 661 5
338 628 346 659 3
364 617 463 662 quod
476 618 579 651 dedit
590 618 688 652 dona
705 618 917 652 hominibus
933 624 969 653 et
988 618 1086 663 quod
1104 629 1209 652 omne
1219 618 1351 652 datum
1365 620 1547 663 optimum
1561 623 1598 653 et

50 673 118 703 dat·
133 677 179 704 est
194 678 255 714 opt·
269 686 375 709 omne
401 675 538 710 donum
563 676 770 721 peffectzcm
800 676 995 710 desursum
1022 680 1076 710 est
1101 676 1316 711 descendens
1344 689 1367 710 a
1392 677 1509 711 Patre
1537 678 1596 711 lu-

50 723 122 790 get]
146 758 156 790 i
183 768 221 800 29
268 734 426 777 minum,
446 735 520 768 Iac.
534 734 554 768 i.
574 742 636 777 173
664 740 699 768 et
717 734 816 779 quod
834 734 936 769 dedit
954 734 1037 769 Ade
1057 745 1199 769 omnem
1217 735 1366 769 herbam
1385 735 1596 779 affirentem

126 783 133 791 ⁶
159 783 166 790 ”
215 784 253 835 1⁵0
265 793 419 826 semen?
450 798 487 826 et
512 792 628 826 multa
653 798 737 827 sunt
771 791 851 826 istis
885 791 1020 827 similia
1046 803 1116 837 que
1142 792 1179 826 in
1205 792 1402 837 Scripturis
1428 792 1595 828 uberime

265 849 484 884 inseruntur.

314 907 403 941 IOH.
433 907 515 941 Iam
533 918 593 941 me
611 906 736 942 reddis
754 907 968 951 perplexum
992 907 1088 942 inter
1111 908 1343 952 Scripturam
1370 909 1453 943 Deo
1477 909 1592 943 dona-

265 963 409 999 cionem
431 964 688 1009 patentissime
711 965 970 1008 ascribentem,
990 972 1026 1000 et
1051 965 1148 1000 inter
1165 966 1355 1001 racionem
1373 966 1593 1010 premissam

264 1022 602 1067 impossibilitatem
627 1022 866 1058 alienacionis
893 1022 1008 1058 divini
1034 1023 1187 1059 dominii
1212 1029 1467 1059 astruentem:
1495 1024 1594 1059 unde

211 1092 248 1125 15
263 1085 300 1115 te
319 1091 433 1124 posco
452 1086 490 1115 ut
507 1080 556 1114 ab
575 1080 645 1115 isto
662 1080 810 1115 vinculo
828 1092 886 1115 me
906 1081 1106 1116 dissolvas.

311 1138 399 1173 RIC.
426 1139 520 1173 Cum
552 1137 664 1184 aliqui
698 1138 867 1173 viventes
902 1138 1056 1174 civiliter
1089 1139 1229 1174 habent
1265 1139 1312 1174 de
1344 1138 1492 1185 pascuis
1524 1140 1591 1174 ali-
1604 1150 1696 1188 when
1710 1160 1773 1190 mqn
1789 1151 1871 1178 hold-

46 1206 145 1232 mont.
158 1211 169 1232 .·
188 1202 250 1232 hu-
264 1195 408 1240 quibus,
426 1196 649 1239 fluminibus,
669 1186 833 1239 lacubus,
852 1196 1051 1240 montibus,
1065 1203 1128 1232 aut
1141 1196 1309 1232 mariscis
1324 1197 1591 1242 inconsumpti-
1604 1185 1774 1244 fflgnmssddnffi
1787 1194 1862 1244 2⁰¹¹*

45 1245 190 1318 mongus
206 1253 236 1275 B·
264 1253 396 1288 bilibus
423 1254 544 1298 quoad
571 1265 699 1288 eorum
724 1260 908 1296 contenta,
935 1265 1000 1298 per
1025 1266 1133 1289 usum
1159 1254 1324 1289 debitum
1350 1255 1429 1290 sive
1455 1255 1591 1290 iustum
1604 1251 1863 1312 fssllffivgirmssfflgffe

43 1298 236 1363 Ξῖἴαοέζ.
265 1322 460 1346 commune
486 1311 713 1354 dominium;
740 1311 791 1346 ita
816 1318 854 1346 ut
880 1311 1055 1356 piscibus,
1080 1312 1301 1356 volatilibus,
1323 1312 1418 1355 feris,
1447 1319 1483 1348 et
1510 1313 1592 1348 aliis
1726 1294 1744 1318 P
1778 1294 1796 1318 p
1841 1295 1869 1318 γ’

211 1385 250 1407 20
264 1369 470 1404 commodis
487 1380 608 1403 rerum
627 1369 769 1404 illarum
788 1381 854 1414 pro
873 1381 940 1404 suo
957 1376 1043 1404 voto
1060 1376 1096 1405 et
1118 1369 1349 1414 singulariter
1366 1371 1417 1406 uti
1435 1371 1591 1416 possint,

263 1426 369 1462 sicuti
394 1427 431 1461 in
458 1426 548 1462 locis
580 1427 745 1472 pluribus
775 1434 920 1462 constat
947 1439 1054 1471 esse;
1089 1434 1124 1463 et
1153 1428 1223 1473 ipsi
1253 1429 1302 1463 ad
1329 1439 1435 1463 suam
1462 1429 1590 1464 condi-

260 1484 408 1520 cionem
435 1484 472 1519 in
506 1485 568 1519 illo
601 1484 766 1520 dominio
798 1485 923 1528 alium,
953 1492 1034 1520 esto
1069 1486 1318 1528 Guillelmum,
1346 1486 1587 1522 admiserint:

259 1554 349 1577 num
374 1542 476 1577 dices
502 1543 601 1588 quod
627 1542 696 1588 ipsi
723 1542 759 1577 in
787 1543 980 1578 Guillelmo
1004 1544 1228 1579 transferunt
1247 1556 1353 1579 suum
1371 1544 1587 1589 dominium,
1601 1551 1669 1584 they
1682 1552 1718 1578 do
1731 1556 1779 1578 not
1805 1585 1811 1591 ⁶

260 1611 309 1635 an
336 1601 434 1645 quod
459 1612 596 1635 novum
618 1600 824 1636 dominium
851 1601 886 1636 in
910 1601 991 1646 ipso
1009 1601 1182 1645 efficiunt,
1201 1613 1248 1636 an
1267 1613 1375 1637 suum
1393 1602 1589 1638 commune
1601 1585 1859 1646 ἑζῖῃῗῑξὲἷῑοιᾏῗὲῖω

207 1671 244 1702 25
260 1658 338 1693 sine
355 1658 433 1694 eius
451 1659 692 1694 abdicacione
710 1665 773 1694 aut
790 1659 1037 1695 translacione
1054 1659 1091 1694 in
1109 1659 1189 1705 ipso
1207 1661 1436 1695 constituunt
1450 1661 1464 1695 ?
1601 1652 1673 1685 ship,

308 1718 398 1752 IOH.
425 1718 514 1751 Non
537 1728 689 1762 possum
707 1717 892 1752 affirmare
910 1717 1011 1762 quod
1029 1718 1256 1753 transferunt
1281 1718 1318 1753 in
1351 1719 1589 1754 Guillelmum

258 1781 376 1809 totum
402 1786 510 1810 suum
535 1774 749 1817 dominium,
768 1786 852 1809 cum
880 1775 917 1809 in
940 1787 1163 1821 unoquoque
1180 1782 1330 1811 maneat
1347 1776 1419 1811 hoc
1437 1784 1589 1822 peraeto

260 1832 488 1868 dominium:
517 1838 572 1867 set
591 1844 656 1867 cur
671 1844 746 1867 non
765 1832 888 1867 dicam
909 1834 1009 1878 quod
1033 1833 1167 1878 singuli
1192 1834 1229 1868 in
1253 1846 1338 1869 eum
1360 1834 1416 1869 sui
1434 1835 1588 1871 dominii

40 1908 94 1930 se,
113 1923 120 1930 ,
140 1924 146 1930 ,
159 1903 235 1940 pro·
259 1891 482 1926 transferunt
515 1890 741 1935 porcionem,
768 1890 919 1934 scilicet,
950 1891 1000 1926 ita
1032 1898 1068 1926 et
1102 1891 1139 1926 in
1172 1891 1235 1927 tali
1269 1892 1513 1937 proporcione
1548 1904 1588 1928 se

35 1942 189 1982 porcione
259 1949 461 1984 habentem
482 1949 531 1983 ad
554 1954 672 1983 totum
700 1947 917 1992 dominium,
944 1949 980 1983 in
1006 1950 1105 1994 quali
1131 1950 1374 1995 proporcione
1406 1950 1586 1987 numerali

43 1995 108 2016 Om'
127 1993 157 2016 Β·
258 2007 476 2042 Guillelmus
502 2018 542 2042 se
562 2006 674 2042 habet
698 2007 746 2041 ad
770 2007 923 2041 totalem
945 2019 1142 2043 numerum
1167 2008 1290 2053 ipsum
1312 2008 1587 2044 assumencium

256 2065 514 2099 dominorum?
541 2064 594 2099 sic
634 2064 735 2109 quod
773 2071 950 2109 quantum
985 2065 1184 2100 Guillelmo
1217 2066 1406 2109 accrescit,
1440 2073 1586 2102 tantum

255 2120 509 2164 communiter,
528 2120 731 2155 secundum
747 2120 898 2164 equales
914 2126 1039 2155 tamen
1057 2120 1262 2165 porciones,
1281 2120 1329 2156 illi
1348 2122 1538 2158 decrescit.

303 2179 392 2213 RIC.
418 2177 491 2212 Dic
516 2177 554 2211 in
580 2188 652 2222 quo
681 2176 826 2211 illorum
853 2178 1127 2213 assumencium
1156 2179 1362 2214 dominium
1394 2180 1467 2214 hoc
1496 2191 1585 2215 casu
1597 2193 1648 2223 nqr
1659 2184 1777 2224 dothy
1789 2185 1829 2212 di-

200 2244 241 2276 35
256 2234 455 2270 minuitur:
482 2247 555 2269 non
577 2235 675 2270 enim
699 2234 748 2269 ad
774 2234 919 2270 minora
942 2237 1140 2271 commoda
1166 2236 1266 2272 iuxta
1289 2237 1522 2282 suppositum
1545 2249 1586 2272 se
1598 2219 1734 2278 ffiffisshst
1748 2228 1834 2246 ¹⁰⁶³*

255 2293 430 2335 extendit,
449 2304 533 2327 cum
559 2304 658 2327 nunc
686 2291 780 2327 sicut
809 2292 909 2337 prius
937 2293 983 2327 de
1011 2293 1081 2328 illis
1113 2294 1298 2338 possessis
1328 2295 1585 2337 communiter,

256 2362 342 2385 cum
369 2349 707 2395 inconsumptibilia
737 2357 1003 2395 supponantur,
1032 2358 1188 2396 possunt
1218 2363 1348 2387 omnes
1381 2358 1418 2388 et
1450 2351 1583 2397 singuli

256 2421 324 2454 pro
341 2415 427 2443 voto
450 2408 716 2443 sufficienciam
737 2408 903 2453 optinere
920 2420 928 2450 ;
955 2408 1008 2443 sic
1034 2410 1132 2454 quod
1158 2410 1229 2444 hoc
1252 2409 1457 2444 dominium
1475 2410 1512 2444 in
1530 2410 1583 2446 eis
1596 2427 1647 2457 nlor
1659 2418 1742 2457 abate
1755 2428 1812 2453 any

256 2478 331 2501 non
356 2466 542 2502 extensive
568 2465 753 2509 minuitur,
771 2477 839 2500 nec
865 2465 920 2501 ius
946 2477 1011 2501 seu
1035 2467 1159 2503 titulus
1183 2467 1351 2502 sumendi
1372 2468 1582 2504 huiusmodi
1595 2452 1714 2514 {1¹5¹ng
1720 2454 1783 2515 {fle
1794 2455 1862 2488 they

199 2539 242 2569 40
255 2524 489 2559 affluenciam
512 2523 549 2557 in
572 2534 758 2568 quoquam
784 2534 910 2558 eorum
934 2524 1190 2569 prescinditur,
1208 2536 1294 2559 cum
1311 2536 1406 2570 equo
1424 2525 1500 2561 iure
1517 2537 1582 2562 seu

39 2588 109 2621 illis
128 2599 192 2621 om.
210 2596 240 2619 B.
253 2582 357 2618 titulo
374 2588 506 2627 postea
523 2587 562 2616 ut
580 2587 691 2616 antea
708 2582 816 2616 rebus
834 2581 904 2617 illis
923 2582 1094 2617 omnibus
1113 2583 1226 2618 libere
1245 2583 1296 2618 uti
1313 2590 1481 2628 possunt.

301 2642 392 2676 IOH.
420 2641 668 2685 Nequaquam
685 2646 741 2674 est
760 2639 810 2674 ita
826 2650 834 2683 ;
862 2640 1038 2685 quoniam
1057 2652 1142 2675 cum
1160 2652 1218 2676 res
1237 2640 1296 2675 ille
1314 2641 1387 2676 sint
1405 2641 1581 2686 qualitate

181 2709 242 2739 9A
253 2709 298 2733 ac
327 2698 531 2743 quantitate
558 2697 671 2741 finite,
688 2697 705 2716 '¹‘
727 2697 757 2732 si
775 2697 907 2742 singuli
933 2697 1072 2732 domini
1099 2699 1146 2734 de
1170 2699 1278 2733 rebus
1301 2699 1370 2734 illis
1394 2706 1581 2735 sumerent

255 2762 431 2801 quantum
448 2757 582 2792 vellent
606 2762 641 2792 et
668 2761 829 2801 possent,
855 2755 975 2790 minor
999 2756 1124 2801 porcio
1150 2763 1237 2793 tunc
1263 2756 1427 2802 singulos
1454 2768 1580 2794 eorum

904 2825 933 2853 X
960 2826 983 2856 2
