2008 3305
263 250 350 281 CAP.
367 235 444 295 vr]
724 246 868 280 LIBER
901 246 1127 280 TERTIUS.
1779 247 1862 289 249

143 367 243 409 861³]
259 369 432 412 tempore
452 362 491 399 in
512 374 589 412 quo
610 361 798 409 fundatur,
823 368 861 400 et
886 362 939 399 sic
968 374 1048 399 non
1077 361 1174 399 redit
1198 360 1334 399 eadem
1356 360 1395 398 in
1419 371 1582 398 numero

129 463 134 478 ἃ
162 439 245 472 87Α
257 445 329 470 nec
359 433 604 482 componitur
632 445 679 470 ex
709 433 788 470 suis
817 433 987 481 partibus
1016 432 1222 477 intensivis‚
1249 431 1317 469 sed
1339 429 1357 450 *
1380 432 1585 469 necessitat

256 502 370 540 libere
390 503 682 540 contradictorie
711 508 1006 551 promerentem,
1028 508 1065 539 et
1084 502 1215 547 homo,
1236 501 1325 539 licet
1345 513 1425 539 non
1446 507 1584 550 coagat

255 584 345 610 cum
384 573 470 611 Deo
511 572 747 610 infundendo
794 572 976 621 graciam,
1017 572 1144 620 coagit
1181 578 1310 609 tamen
1358 584 1448 609 cum
1495 571 1583 609 Deo

224 642 544 686 5ministerialiter
572 648 609 680 et
638 642 857 691 dispositive
886 642 1014 691 previe
1045 647 1086 679 ut
1119 641 1250 690 gracia
1284 641 1476 678 habeatur.
1533 640 1584 678 Et

254 719 439 761 quantum
470 712 519 750 ad
549 713 885 762 specificacionem
914 712 1049 750 dicitur
1073 711 1177 761 quod
1202 711 1452 761 specificatur,
1484 711 1582 749 sicut

253 789 290 819 et
306 782 571 830 individuatur,
595 795 617 821 a
638 783 714 820 suis
729 782 936 832 principiis.
997 782 1080 820 Nec
1096 789 1223 832 potest
1244 782 1317 819 alia
1336 782 1465 832 gracia
1477 793 1582 819 crea-

253 859 335 890 ture
356 853 568 902 equiparari
588 853 645 890 vel
665 853 945 891 racionabiliter
966 853 1181 902 comparari
1201 853 1329 902 gracie
1349 853 1513 891 unionis.

704 1074 1031 1113 CAPITULUM
1062 1073 1130 1111 VI.

202 1181 242 1203 10
309 1170 387 1208 SED
426 1171 571 1208 videtur
601 1171 729 1220 ‘quod
764 1183 844 1208 non
879 1170 926 1208 sit
959 1169 1153 1208 distinctio
1186 1169 1282 1206 inter
1316 1169 1493 1207 meritum
1533 1168 1580 1208 de
1595 1176 1790 1238 IObq‘effl'ffisgle

253 1244 261 1260 ‘
276 1253 450 1290 congruo
470 1248 507 1278 et
526 1242 705 1278 meritum
725 1241 773 1278 de
800 1240 1007 1290 condigno.
1065 1238 1169 1277 Nam
1198 1252 1245 1277 eo
1274 1239 1359 1289 ipso
1388 1252 1466 1289 quo
1495 1241 1581 1289 quis
1593 1254 1717 1278 congruo
1729 1246 1785 1271 and
1797 1245 1838 1271 de

1624 1288 1643 1303 n

251 1313 440 1348 ‘meretur
469 1311 609 1361 aliquid
639 1323 662 1348 a
690 1320 874 1356 creatura,
897 1317 1062 1348 meretur
1092 1310 1183 1348 illud
1211 1309 1314 1347 idem
1342 1323 1365 1348 a
1394 1308 1494 1356 Deo,
1515 1313 1579 1360 qui
1593 1280 1794 1349 {izeffzffizsffre

252 1385 331 1419 ‘est
352 1381 532 1419 dominus
552 1381 752 1419 cuiuslibet
768 1388 959 1427 creature;
990 1380 1058 1418 sed
1073 1392 1190 1418 omne
1210 1380 1388 1418 meritum
1409 1388 1578 1420 creature
1592 1345 1793 1378 tmguishable.

254 1453 452 1501 ‘respectu
472 1451 545 1489 Dei
564 1458 621 1489 est
641 1452 817 1489 meritum
838 1451 962 1489 solum
983 1451 1030 1488 de
1051 1463 1247 1500 congruo;
1276 1457 1314 1488 et
1342 1464 1412 1501 per
1441 1464 1580 1490 conse-

201 1525 410 1571 15‘quens,
444 1522 473 1559 si
508 1522 555 1559 sit
585 1522 807 1560 meritorum
840 1522 1045 1567 distinctio,
1081 1520 1230 1558 nullum
1263 1527 1320 1559 est
1350 1522 1502 1571 penitus
1532 1521 1580 1560 de

251 1595 261 1612 ‘
277 1593 484 1641 condigno.
542 1591 650 1629 Patet
688 1592 804 1642 plane
843 1592 1030 1630 deduccio
1051 1604 1058 1629 :
1103 1604 1196 1629 nam
1238 1604 1356 1630 omne
1399 1593 1578 1630 meritum

250 1665 259 1682 ‘
274 1663 405 1713 quoad
424 1662 553 1700 Deum
574 1669 631 1700 est
651 1662 778 1701 solum
798 1663 845 1700 de
865 1674 1064 1711 congruo;
1095 1674 1210 1700 omne
1230 1662 1405 1699 meritum
1426 1661 1580 1700 relative

249 1732 405 1770 ‘Deum
429 1733 592 1782 respicit,
621 1745 711 1771 cum
740 1739 891 1782 oportet
911 1734 1038 1782 ipsum
1072 1733 1328 1782 principaliter
1361 1733 1576 1782 premiare3

251 1806 259 1822 ‘
274 1815 367 1852 ergo
380 1815 496 1840 omne
512 1804 689 1841 meritum
705 1809 762 1841 est
778 1804 953 1841 meritum
967 1804 1014 1841 de
1033 1815 1220 1852 congruo.
1258 1803 1305 1840 In
1317 1803 1478 1841 relativis
1495 1804 1578 1853 qui-

198 1880 238 1902 20
252 1877 261 1892 ‘
275 1874 364 1911 dem
379 1880 482 1912 tenet
501 1874 788 1923 consequencia
808 1886 830 1911 a
850 1875 980 1924 quoad
1001 1874 1243 1923 simpliciter;
1263 1880 1305 1911 ut
1328 1886 1445 1911 omne
1466 1873 1579 1912 meri-

250 1948 259 1964 ‘
277 1951 358 1982 tum
379 1951 436 1982 est
456 1957 542 1982 vere
563 1945 610 1982 de
631 1956 816 1994 congruo,
837 1945 868 1982 si
888 1945 935 1982 sit
956 1945 1004 1982 de
1025 1957 1199 1994 congruo
1220 1945 1349 1993 quoad
1369 1943 1523 1984 Deum.'

303 2015 381 2053 Hic
404 2015 539 2052 dicitur
559 2015 665 2065 quod
684 2027 765 2052 non
784 2022 841 2053 est
866 2016 1059 2053 distinctio
1079 2016 1306 2053 meritorum
1326 2029 1374 2053 ex
1395 2016 1578 2066 opposito
1592 2023 1734 2050 Answer:

202 2099 233 2129 B
248 2098 316 2135 per
336 2085 426 2123 istas
447 2086 699 2130 differencias,
720 2098 923 2134 congruum
945 2092 982 2123 et
1001 2087 1230 2134 condzgnum,
1253 2097 1355 2132 cum,
1379 2083 1397 2105 '¹‘
1420 2099 1468 2125 eo
1491 2087 1577 2136 ipso
1589 2056 1677 2122 ἓξὲξ
1688 2058 1786 2117 ἷξὸεῗξζ

247 2167 326 2204 quo
356 2155 512 2205 aliquod
540 2157 716 2194 meritum
739 2163 796 2194 est
825 2156 1075 2206 condignum,
1097 2163 1154 2194 est
1173 2168 1403 2205 congruum,
1425 2163 1463 2195 et
1483 2156 1579 2195 forte
1591 2124 1854 2158 memdecongrm’

195 2238 235 2270 25
248 2239 269 2264 e
299 2238 499 2273 converso,
521 2226 587 2264 sed
607 2239 688 2264 non
708 2234 884 2276 respectu
905 2227 1079 2265 eiusdem
1102 2228 1335 2276 premiantis.
1394 2227 1578 2266 Meritum
1590 2237 1641 2264 but
1654 2242 1703 2264 not
1716 2237 1784 2264 with
1796 2247 1838 2263 re-

247 2297 349 2335 enim
371 2303 427 2334 est
446 2297 698 2334 ministerium
719 2304 889 2335 creature
918 2298 1122 2336 racionalis
1150 2298 1312 2347 dignum
1341 2301 1511 2348 premio3
1541 2307 1578 2338 et
1590 2272 1857 2338 {ffiggtt-othesame

247 2367 345 2404 sicut
365 2368 467 2405 idem
488 2367 606 2405 homo
625 2373 682 2405 est
701 2374 810 2417 pater
829 2374 867 2405 et
887 2367 996 2413 filius,
1018 2368 1199 2406 dominus
1219 2375 1256 2406 et
1283 2381 1424 2415 servus,
1447 2370 1578 2409 similis

246 2445 284 2475 et
304 2438 494 2476 dissimilis
514 2438 563 2476 ad
583 2438 743 2485 diversa,
765 2438 819 2476 sic
840 2438 942 2475 idem
962 2439 1213 2475 ministerium
1233 2446 1290 2476 est
1311 2439 1358 2476 de
1379 2440 1577 2489 condigno

246 2509 378 2557 quoad
411 2509 650 2557 prepositum
685 2509 766 2546 sine
801 2509 931 2558 gracia
962 2510 1225 2557 premiantem,
1256 2515 1293 2547 et
1323 2510 1371 2547 de
1401 2522 1577 2559 congruo

194 2591 236 2622 30
248 2579 378 2629 quoad
400 2579 598 2617 dominum
619 2579 666 2616 de
687 2591 793 2616 mera
812 2579 942 2628 gracia
962 2579 1239 2628 premiantem:
1269 2586 1307 2617 et
1327 2580 1380 2618 sic
1400 2581 1577 2619 raciones

249 2650 407 2697 congrui
436 2655 473 2686 et
502 2649 688 2698 condigni
718 2656 805 2686 sunt
835 2649 1016 2698 dispares,
1047 2650 1143 2687 sicut
1171 2650 1392 2699 paternitas,
1424 2650 1575 2697 filiacio,

284 2743 305 2759 1.
327 2734 371 2760 Ad
389 2734 473 2771 finem
491 2734 606 2767 capituli
625 2734 652 2760 in
672 2735 694 2760 B
721 2739 842 2766 notatur,
860 2734 1020 2768 Braybrug
1037 2737 1139 2767 psano,
1159 2734 1298 2766 videlicet,
1324 2737 1466 2769 scrzjfitum
1484 2737 1577 2768 Bray-

248 2767 364 2792 brokz'ae
374 2767 414 2799 (m
428 2768 562 2794 comitatu
577 2768 879 2800 Northarnptoniensi).
1051 2778 1090 2800 13.
1111 2770 1119 2797 ΙΙ
1132 2772 1267 2795 creature
1280 2772 1406 2801 respectu
1421 2770 1443 2795 B
1456 2770 1472 2795 f.
1490 2778 1539 2801 250
1550 2779 1574 2796 D.

249 2809 288 2832 25.
310 2809 439 2826 converso
452 2801 477 2826 A
486 2800 525 2827 C:
545 2802 692 2827 contrario
706 2802 737 2827 B.
960 2810 1000 2835 29.
1016 2803 1214 2834 premiantem
1226 2803 1252 2828 A
1264 2803 1369 2836 (littera
1382 2811 1411 2829 m
1424 2802 1451 2829 in
1464 2803 1518 2829 fine
1531 2812 1576 2829 ex-

249 2836 364 2866 puncta)
378 2834 400 2859 B
412 2840 418 2860 :
431 2835 598 2866 premiante
611 2834 643 2861 C.
