2008 3305
174 190 260 221 CAP.
284 176 332 234 1.]
649 187 793 218 LIBER
826 187 1024 219 PRIMUS.

94 309 158 350 10]
175 306 347 354 negative
390 318 469 343 non
512 311 636 342 essent
679 305 912 354 pertinentes
951 304 1149 354 proposito
1189 303 1259 340 nisi
1300 310 1500 353 peccatum

172 377 290 426 possit
309 388 388 413 non
408 376 531 414 solum
555 376 743 413 dominari
769 375 836 412 sed
862 382 899 412 et
925 388 1085 424 regnare
1113 386 1226 424 super
1245 382 1499 424 peccatorem.

173 447 307 497 Ipsum
334 448 437 485 enirn
463 447 599 484 subicit
624 447 820 485 hominem
847 447 1015 495 pessime
1041 446 1208 484 servituti
1229 453 1265 484 et
1286 446 1389 483 ducit
1409 458 1499 483 eum

172 525 355 566 tanquam
376 518 568 567 captivum
585 517 633 555 de
654 524 812 566 peccato
833 518 871 553 in
892 524 1091 566 peccatum
1113 524 1246 554 contra
1262 517 1498 554 voluntatem

141 603 158 634 5
175 589 457 626 deliberativam
479 587 536 638 (ut
554 588 719 637 loquitur
739 588 935 637 apostolus
962 588 1011 625 ad
1040 587 1152 625 Rom.
1172 586 1261 638 vii),
1285 594 1321 625 et
1342 587 1499 624 demum

172 659 275 697 ducit
307 671 397 696 eum
430 659 478 696 ad
508 671 700 697 carcerem
727 666 969 708 perpetuum.
1027 657 1239 708 Nunquam
1272 665 1401 695 tamen
1435 658 1499 695 dat

170 730 414 768 occasionem
443 730 589 768 homini
619 729 668 767 ad
696 729 916 767 faciendum
946 729 1015 768 sed
1047 730 1095 767 ad
1130 729 1362 779 paciendum
1394 729 1500 779 quod

169 801 293 839 debet.
332 801 427 839 Ideo
440 801 575 838 dicitur
588 801 802 846 tirrannice,
816 801 1037 850 improprie,
1046 807 1082 838 et
1097 801 1282 850 equivoce
1297 800 1496 838 dominari.

224 871 334 910 Mors
354 879 494 917 tamen,
509 884 583 921 que
599 872 746 908 videtur
766 871 959 916 naturalis,
981 884 1061 909 non
1081 872 1190 921 sapit,
1206 878 1247 908 ut
1267 871 1497 917 huiusmodi,
1510 885 1566 911 and
1580 884 1674 912 death.

118 958 157 980 10
169 955 311 992 penam
331 943 453 992 culpe,
472 942 556 980 licet
577 942 676 979 dicat
696 942 735 978 in
755 942 884 992 aliquo
901 942 1097 991 supposito
1114 942 1265 991 culpam
1284 942 1498 991 precedere.

169 1013 342 1051 Christus
357 1014 460 1051 enim
476 1025 609 1062 passus
624 1019 681 1050 est
695 1019 858 1050 mortem
876 1013 1053 1062 simplam
1069 1025 1148 1050 non
1164 1013 1260 1050 ultra
1281 1014 1497 1058 moriturus,

167 1092 208 1121 ut
228 1084 404 1134 figuraret
427 1084 548 1133 ipsam
577 1096 646 1133 pro
674 1090 804 1121 nostra
833 1083 973 1132 duplici
1003 1090 1126 1121 morte
1157 1084 1330 1122 sufficere
1360 1091 1397 1122 et
1426 1097 1499 1122 nos

167 1155 306 1193 debere
326 1155 365 1191 in
386 1161 548 1192 mortem
569 1154 695 1191 anime
716 1167 796 1192 non
816 1154 913 1192 ultra
933 1154 1112 1192 incidere.
1163 1154 1277 1192 Unde
1299 1156 1395 1192 sicut
1416 1156 1497 1205 ipse

168 1226 269 1263 lotus
288 1232 344 1263 est
364 1238 466 1275 aqua
484 1225 746 1262 tribulacionis
766 1225 823 1262 vel
844 1226 1034 1275 passionis
1055 1238 1176 1275 usque
1196 1226 1245 1263 ad
1265 1234 1440 1272 mortem,
1462 1233 1498 1263 et

117 1313 154 1345 15
168 1303 256 1346 post
284 1296 488 1334 resurrexit
516 1296 555 1332 in
584 1296 708 1345 gloria
735 1308 814 1333 non
840 1296 936 1334 ultra
962 1297 1189 1343 moriturus;
1219 1298 1271 1334 ita
1296 1299 1499 1346 quicunque

166 1368 344 1416 baptisati
358 1380 485 1403 sumus
504 1367 544 1403 in
568 1366 719 1404 Christo
739 1366 836 1412 Iesu,
857 1369 896 1403 in
917 1369 1052 1404 virtute
1081 1370 1210 1405 mortis
1236 1382 1297 1405 sue
1323 1368 1503 1417 baptisati

165 1451 303 1483 sumus,
326 1437 569 1474 resurrecturi
597 1438 645 1474 ad
675 1437 883 1474 novitatem
905 1438 978 1475 vite
999 1439 1203 1487 spiritualis
1231 1451 1311 1476 non
1340 1439 1497 1477 ulterius

165 1509 369 1558 peccaturi,
386 1514 427 1545 ut
447 1508 537 1545 dicit
556 1508 768 1557 apostolus,
785 1509 834 1545 ad
853 1509 966 1546 Rom.
981 1510 1025 1547 vi.
1045 1523 1078 1558 3,
1098 1522 1132 1556 4.
1181 1510 1231 1547 Et
1252 1510 1323 1548 hec
1344 1518 1400 1549 est
1420 1523 1497 1548 una

166 1580 214 1617 de
230 1579 353 1617 causis
370 1591 488 1628 quare
505 1579 720 1628 baptismus
742 1580 838 1616 sicut
854 1587 925 1617 nec
942 1592 1046 1618 mors
1068 1579 1210 1618 Christi
1227 1589 1283 1619 est
1303 1582 1494 1619 iterabilis.

115 1669 155 1692 20
169 1649 286 1688 Tales
311 1650 414 1687 enim
441 1649 561 1698 figure
590 1656 676 1686 sunt
702 1650 815 1687 nobis
840 1650 967 1687 adhuc
989 1651 1177 1688 viantibus
1196 1659 1233 1689 et
1253 1653 1498 1701 speculariter

166 1721 270 1759 bona
295 1721 414 1770 patrie
435 1720 662 1766 videntibus,
685 1721 930 1759 effectualiter
950 1723 1189 1760 observande
1202 1735 1212 1769 ,·
1246 1723 1333 1761 licet
1359 1724 1497 1763 clarius

165 1798 203 1829 et
223 1792 399 1841 proprius
420 1791 615 1829 videamus
636 1804 753 1841 quam
774 1799 902 1841 patres
916 1792 1067 1831 Veteris
1088 1793 1338 1831 Testamenti.
1388 1794 1497 1832 Patet

165 1874 257 1911 ergo
274 1862 411 1900 modus
428 1861 610 1911 loquendi
626 1862 805 1899 fundatus
818 1862 866 1900 de
880 1863 1052 1901 dominio
1067 1865 1262 1913 privativo.
1309 1865 1496 1911 Christus,

118 1933 286 1981 Dinquit
315 1932 523 1982 apostolus,
546 1930 565 1951 *
588 1932 653 1969 ubi
683 1944 807 1982 supra,
828 1946 1027 1982 resurgens
1055 1948 1105 1972 ex
1134 1937 1290 1972 mortuis
1318 1937 1395 1973 iam
1425 1949 1496 1973 non

113 2020 150 2052 ²5
165 2004 325 2040 moritur
335 2016 354 2047 ,·
389 2016 487 2040 mors
507 2004 570 2040 illi
590 2004 692 2040 ultra
718 2016 789 2040 non
816 2005 1077 2044 dominabitur.
1136 2006 1496 2056 Correspondenter

165 2074 306 2112 mortui
339 2075 378 2111 in
409 2073 563 2112 Christo
597 2081 685 2111 sunt
715 2075 917 2112 surrecturi
951 2076 1001 2113 ad
1035 2077 1151 2113 vitam
1185 2084 1421 2126 perpetuam,
1456 2084 1497 2115 ut

164 2145 349 2194 probatur
373 2157 388 2181 1
414 2144 503 2182 Cor.
523 2157 609 2182 xv.:
645 2145 747 2182 unde
774 2153 982 2195 postquam
1009 2147 1144 2185 dixerit
1169 2148 1276 2197 quod
1302 2150 1497 2186 novissime

164 2216 317 2252 inimica
337 2216 539 2252 destruetur
557 2228 666 2261 mors,
688 2216 842 2253 insultat
868 2217 980 2255 morti
1008 2230 1079 2266 pro
1102 2218 1163 2256 die
1183 2219 1311 2257 iudicii
1331 2220 1403 2257 sub
1423 2219 1495 2256 hiis

163 2286 296 2332 verbis,
319 2286 395 2323 Ubi
408 2290 467 2332 est,
486 2299 595 2332 mors,
612 2288 767 2324 victoria
784 2291 848 2323 tua
861 2290 882 2324 Β
907 2288 973 2324 ubi
987 2292 1046 2334 est,
1069 2302 1178 2336 mors,
1196 2291 1366 2326 stimulus
1380 2293 1495 2327 tuus?

111 2375 152 2405 30
163 2356 214 2393 Et
241 2363 298 2393 est
325 2368 460 2394 sensus
488 2357 595 2394 istius
624 2357 834 2395 locucionis
862 2371 933 2407 pro
962 2359 1151 2397 intellectu
1183 2359 1373 2410 Scripture
1402 2368 1494 2410 aput

163 2426 386 2476 theologum
406 2434 497 2465 nota
509 2427 659 2476 dignus.
691 2427 794 2465 Nam
815 2428 863 2466 ad
880 2428 994 2467 Rom.
1011 2430 1055 2467 vi.
1072 2433 1118 2467 16
1140 2432 1268 2468 scribit
1284 2432 1492 2481 apostolus,

163 2496 325 2535 Nescuzzv
343 2498 515 2546 quoniam
535 2499 599 2534 cui
622 2498 801 2536 exhibetis
820 2511 882 2536 vos
909 2513 1032 2537 servos
1051 2502 1106 2538 ad
1130 2502 1370 2549 obediendum,
1395 2504 1498 2540 servi

164 2645 170 2650 ¹
199 2622 220 2644 3.
242 2613 251 2642 11
260 2614 288 2637 et
308 2612 389 2638 ducit
411 2612 432 2638 B
446 2612 465 2638 s.
482 2621 530 2637 212
539 2620 562 2638 B.
650 2621 673 2645 9.
692 2612 815 2639 videtur
834 2614 859 2639 A
870 2614 909 2640 C:
932 2617 1056 2641 vocatur
1072 2615 1104 2642 B.
1176 2619 1211 2642 ut
1228 2617 1399 2643 huiusmodi
1415 2618 1438 2643 A
1452 2619 1493 2649 B;

163 2654 191 2671 m
204 2647 230 2671 A
242 2651 337 2672 autem
349 2648 385 2672 ut
395 2651 566 2679 expunctum
578 2650 635 2672 est:
655 2647 825 2673 km'usmodz·
836 2648 867 2674 C.
996 2657 1035 2680 15.
1057 2650 1142 2675 ultra
1155 2650 1197 2676 A:
1218 2652 1345 2677 ulterius
1359 2651 1381 2676 Β
1391 2651 1422 2678 C.

209 2750 257 2771 20.
281 2741 523 2782 Specularz'ter:
547 2741 585 2772 cf.
608 2750 620 2771 1
644 2741 720 2772 Cor.
739 2741 805 2773 xiii.
827 2751 876 2773 12.
1126 2754 1174 2784 23.
1200 2746 1297 2776 Rom.
1315 2746 1357 2778 vi.
1374 2756 1405 2788 9.

211 2800 260 2833 27.
289 2802 301 2822 1
322 2793 398 2824 Cor.
416 2804 468 2823 xv.
488 2792 537 2824 26.
1124 2806 1173 2837 29.
1202 2797 1277 2829 Ver.
1297 2807 1347 2838 55.

877 2875 940 2899 132
