2008 3305
134 178 187 229 56
812 187 877 217 DE
911 186 1129 219 DoMrNIO
1162 185 1339 217 D1V1No
1567 173 1671 231 [CAP.
1687 187 1744 215 rx,

415 313 484 339 ens
515 313 667 338 summe
697 301 917 350 analogum.
972 302 1024 338 Et
1051 313 1140 338 cum
1168 300 1271 338 idern
1299 301 1346 337 sit
1373 299 1472 348 ydea
1496 305 1532 336 et
1551 299 1745 347 ydeatum,
1762 301 1852 343 [180

414 373 561 410 videtur
581 373 686 421 quod
717 373 765 410 sit
793 384 915 409 unum
943 383 1152 410 commune
1180 370 1390 418 analogum
1417 370 1748 407 communicatum

415 444 562 481 cunctis
593 442 879 492 exemplaribus
909 442 1058 480 adintra
1088 448 1126 479 et
1153 441 1301 479 cunctis
1322 440 1480 477 adextra
1500 438 1749 477 effectualiter

414 513 652 561 exemplatis.

134 589 156 604 ¹·
178 580 323 605 An⁸²⁰²⁷·'
472 585 534 622 Ad
555 585 722 634 primum
744 597 825 622 non
846 584 1007 622 occurrit
1034 583 1149 621 michi
1170 582 1294 620 adhuc
1315 582 1418 619 racio
1438 582 1530 631 quin
1550 580 1748 630 quodlibet
1763 588 1779 620 5

132 622 160 638 a.
180 613 362 638 Distinctz'on

133 646 254 671 between
267 655 328 672 ‘³⁵3³
416 668 501 693 esse
523 656 569 693 sit
590 655 776 701 essencia,
799 662 836 692 et
856 661 1024 700 econtra,
1046 661 1083 691 et
1105 661 1235 691 tamen
1259 654 1299 690 in
1319 653 1490 702 quolibet
1512 658 1639 689 creato
1666 663 1748 688 esse

132 679 196 704 and
206 679 335 705 essentia.

414 733 451 763 et
490 726 662 763 essencia
700 726 1005 774 distingwuntur.
1064 724 1157 762 Non
1191 725 1297 762 enim
1336 724 1448 773 capio
1487 723 1593 772 quod
1623 729 1750 760 creata

413 798 587 835 essencia
626 797 671 834 sit
709 797 907 846 quoddam
947 797 1163 846 potenciale
1202 797 1359 845 capiens
1398 808 1481 833 esse
1521 796 1560 832 in
1602 795 1749 832 fluxum

413 868 605 916 posterius
625 874 824 917 tamquam
845 877 985 913 actum,
1003 880 1078 917 que
1100 867 1256 916 quidem
1278 867 1452 904 essencia
1473 879 1553 904 non
1574 867 1620 904 sit
1639 878 1722 904 esse
1739 878 1746 903 :

413 939 514 988 quia,
536 939 566 976 si
593 939 655 976 illa
674 939 848 976 essencia
877 950 947 987 pro
975 938 1037 975 illo
1068 939 1182 987 priori
1211 938 1326 976 habet
1351 951 1447 984 esse,
1469 950 1516 976 eo
1537 938 1642 987 quod
1662 950 1747 975 esse
1764 940 1804 961 10

412 1016 471 1047 est
502 1021 710 1046 commune
746 1010 795 1046 ad
829 1021 945 1047 omne
981 1021 1064 1047 esse
1099 1009 1342 1057 intelligibile,
1377 1016 1414 1046 et
1448 1021 1533 1046 esse
1568 1008 1749 1057 possibile

415 1087 596 1126 creature,
619 1081 739 1117 multo
770 1081 894 1129 magis
924 1080 973 1117 ad
1002 1092 1085 1117 esse
1115 1079 1297 1129 possibile
1327 1086 1509 1126 creatum,
1536 1085 1574 1117 et
1603 1085 1749 1117 certum

414 1157 472 1188 est
505 1151 611 1200 quod
649 1151 742 1188 illud
775 1163 869 1196 esse,
904 1151 1010 1200 quod
1043 1150 1160 1188 habet
1198 1150 1286 1187 data
1324 1150 1496 1188 essencia
1535 1162 1604 1199 pro
1643 1149 1747 1187 dicto

413 1222 544 1271 priori,
567 1234 647 1258 non
678 1221 931 1271 distingwitur
960 1222 1009 1258 ab
1038 1221 1100 1258 illa
1128 1221 1324 1267 essencia;
1356 1233 1449 1270 ergo
1479 1220 1636 1270 aliquod
1664 1232 1747 1258 esse

414 1298 471 1330 est
503 1304 574 1341 pro
605 1304 838 1342 quacunque
871 1304 1053 1329 mensura
1087 1291 1264 1341 signabili
1294 1291 1383 1328 data
1411 1291 1596 1329 essencia.
1665 1290 1801 1330 Nec15

413 1363 637 1412 oppositum
658 1363 783 1400 adhuc
803 1362 925 1400 video.
950 1363 969 1385 ³⁵
995 1362 1033 1399 Si
1054 1368 1183 1399 autem
1203 1362 1434 1411 intelligatur
1449 1362 1557 1411 quod
1577 1362 1748 1399 essencia
1763 1370 1795 1398 D

414 1433 540 1470 divina
569 1433 815 1482 distinguitur
852 1434 902 1470 ab
937 1444 1021 1470 esse
1054 1439 1193 1476 creato,
1226 1439 1267 1469 ut
1295 1432 1591 1470 fundamentum
1621 1445 1643 1469 a
1676 1444 1747 1469 suo

416 1505 556 1542 effectu
586 1505 625 1541 in
655 1517 694 1542 se
724 1504 925 1554 producto,
952 1504 1122 1554 patulum
1154 1510 1209 1541 est
1239 1510 1275 1541 et
1306 1504 1398 1540 nulli
1427 1504 1548 1552 perito
1577 1503 1745 1542 dubium.

419 1574 457 1612 Si
497 1575 669 1613 secundo
717 1575 948 1623 intelligatur
986 1574 1092 1623 quod
1130 1586 1247 1612 omne
1294 1574 1531 1612 individuum
1579 1581 1748 1611 creature

418 1645 534 1683 habet
580 1646 748 1694 priorem
795 1657 1048 1683 communem
1095 1645 1311 1682 essenciam
1360 1645 1748 1682 communicabilitate
1764 1657 1803 1678 20

416 1716 645 1762 distinctam,
677 1728 811 1754 sensus
841 1722 898 1753 est
931 1716 1082 1766 patulus
1117 1716 1212 1753 sicut
1244 1716 1356 1765 prior.
1417 1714 1536 1761 Quod
1570 1716 1600 1753 si
1631 1716 1748 1753 tercio

416 1787 645 1836 intelligatur
660 1787 765 1837 quod
785 1787 912 1824 omnis
928 1793 1100 1824 creatura
1118 1785 1233 1823 habet
1247 1798 1330 1823 esse
1353 1792 1520 1824 creatum
1541 1786 1749 1835 analogum

416 1858 522 1908 quod
550 1857 721 1907 precedit
751 1858 1011 1907 quodcunque
1040 1870 1123 1895 esse
1148 1863 1320 1894 creatum
1351 1857 1390 1893 in
1419 1868 1488 1894 suo
1519 1869 1670 1905 genere,
1692 1863 1748 1894 est

416 1929 613 1966 sentencia
634 1928 724 1965 satis
745 1941 863 1976 sana3
895 1935 936 1965 ut
955 1928 1129 1966 essencia
1148 1928 1353 1965 materialis
1375 1934 1431 1965 est
1452 1928 1555 1976 prius
1575 1927 1748 1965 essencia

415 2012 533 2049 quam
554 2006 611 2036 est
631 2000 800 2042 materia,
814 2006 850 2036 et
870 2000 973 2048 prius
989 2006 1046 2036 est
1067 1999 1226 2036 materia
1241 1998 1299 2035 vel
1320 1998 1499 2047 potencia
1515 1997 1563 2034 ad
1582 1997 1747 2035 formam
1763 2008 1801 2040 25

415 2083 533 2120 quam
564 2076 621 2107 est
654 2070 919 2107 substancialis
954 2070 1087 2116 forma,
1121 2076 1157 2107 et
1195 2082 1263 2118 per
1298 2081 1540 2118 consequens
1574 2069 1748 2106 essencia

414 2142 519 2191 prius
540 2148 596 2178 est
615 2142 789 2178 essencia
809 2153 927 2190 quam
947 2141 1073 2190 ipsum
1095 2146 1152 2178 est
1172 2140 1401 2178 substancia.
1459 2140 1509 2176 Et
1530 2140 1559 2176 si
1581 2139 1748 2189 queritur

415 2212 508 2262 quid
538 2219 595 2250 est
624 2225 694 2261 pro
724 2212 787 2249 illo
821 2212 950 2261 priori,
981 2218 1085 2261 patet
1114 2211 1220 2261 quod
1253 2223 1333 2248 non
1362 2216 1418 2248 est
1447 2210 1549 2260 quid,
1581 2210 1649 2247 sed
1678 2222 1747 2247 ens

414 2290 583 2320 creatum
614 2295 685 2331 pro
715 2283 780 2320 illo
810 2283 936 2332 priori,
958 2294 1038 2320 non
1065 2288 1194 2319 autem
1218 2281 1383 2330 aliquid;
1416 2281 1483 2318 sed
1513 2293 1592 2318 non
1622 2286 1747 2330 potest

414 2359 512 2391 stare
533 2355 572 2389 in
592 2353 653 2390 illa
674 2353 776 2390 nuda
796 2353 952 2390 entitate
974 2353 1047 2390 nisi
1068 2358 1327 2402 consequatur
1347 2364 1418 2401 pro
1440 2351 1593 2388 instanti
1614 2357 1745 2388 nature
1761 2366 1802 2397 30

414 2424 576 2474 quiditas
596 2424 653 2460 vel
675 2424 799 2460 forma
824 2423 1100 2468 substancialis‚
1121 2429 1161 2460 ut
1181 2428 1284 2472 patet
1304 2422 1403 2459 alibi.
1461 2421 1746 2471 Restringendo

412 2506 507 2543 ergo
528 2494 681 2531 abusive
703 2506 786 2531 esse
817 2494 866 2531 ad
895 2493 1059 2531 formam
1081 2494 1138 2531 vel
1159 2499 1287 2530 actum
1316 2492 1623 2537 substancialem‚
1645 2492 1746 2529 colo-

412 2565 485 2602 rari
507 2566 644 2614 poterit
665 2565 834 2614 predicta
854 2565 1012 2614 posicio.
1072 2565 1149 2602 Sed
1173 2577 1258 2602 esse
1288 2570 1344 2602 est
1371 2563 1744 2608 communissimum,

413 2648 502 2674 cum
527 2636 574 2673 de
603 2635 731 2672 multis
752 2636 969 2673 veritatibus
998 2635 1238 2684 predicamus
1268 2647 1363 2682 esse,
1386 2641 1427 2671 ut
1453 2633 1742 2683 negacionibus,

411 2707 706 2755 privacionibus‚
748 2707 1076 2755 pretericionibus,
1126 2706 1428 2751 futuricionibus,
1470 2710 1507 2742 et
1554 2704 1743 2753 possibili·
1759 2716 1797 2748 35

430 2810 469 2832 23.
484 2809 540 2826 esse
550 2801 574 2826 A
586 2800 608 2827 C
619 2808 624 2827 Ζ
646 2809 726 2827 emme
737 2801 767 2828 B.
823 2810 862 2832 24.
877 2801 1001 2827 csseucia
1009 2799 1051 2826 bis
1063 2800 1085 2826 B
1097 2799 1118 2826 C
1129 2807 1134 2826 ἱ
1155 2809 1211 2826 esse
1220 2799 1254 2826 A.
1308 2809 1347 2832 34.
1362 2799 1565 2831 ilpredz'camus
1575 2799 1597 2824 B
1612 2799 1628 2824 f.
1646 2808 1694 2825 220
1702 2806 1726 2826 c.
