2008 3305
203 257 290 286 CAP.
308 240 386 301 vr]
662 250 807 284 LIBER
839 248 1064 283 TERTIUS.

92 368 186 408 880]
199 363 358 409 titulum,
399 373 487 399 cum
524 361 662 399 iniuste
701 361 887 397 ministrat
921 359 1123 397 donarium
1141 370 1150 404 ;
1194 368 1273 395 non
1307 368 1399 405 ergo
1439 355 1527 394 facit

200 434 371 482 graciam
393 431 659 481 quovismodo.
716 430 996 467 Verumtamen
1014 428 1202 477 contingit
1223 428 1528 476 dispensatorem

200 503 274 540 Dei
295 501 531 539 demerendo
552 501 643 538 dare
664 501 794 550 digno,
809 507 847 538 et
867 501 920 538 sic
941 513 988 537 ex
1010 499 1228 537 donacione
1249 499 1322 536 Dei
1343 500 1528 548 accipitur

199 572 327 609 titulus
348 572 378 609 si
397 571 576 616 habetur3
606 571 794 619 contingit
808 571 930 608 eciam
952 570 1258 619 dispensatorem
1275 569 1349 607 Dei
1368 570 1529 619 indigno

169 649 186 680 5
201 642 389 680 meritorie
410 641 646 690 dispensare,
667 641 794 689 posito
815 640 919 690 quod
948 640 1055 677 bono
1081 640 1211 677 animo
1241 646 1278 676 et
1307 640 1530 689 ignorancia

201 711 410 750 excusabili
431 710 494 748 det
514 711 695 759 indigno:
729 710 796 748 sed
822 711 1024 760 utrobique
1045 723 1124 748 non
1148 710 1321 747 ministro
1344 710 1411 748 sed
1430 710 1531 759 prin-

201 782 312 831 cipali
341 781 502 819 domino
531 788 589 818 est
616 781 745 830 gracia
776 780 986 818 referenda.
1044 780 1128 818 Nec
1157 792 1331 829 unquam
1365 787 1421 818 est
1454 781 1530 818 dis-

201 851 386 902 pensacio
420 851 612 888 meritoria
646 850 873 888 ministranti
911 851 981 888 nisi
1012 863 1060 887 ex
1100 850 1392 900 dispensacione
1431 850 1532 888 licita

203 922 349 961 domini
369 921 607 959 administrat
622 934 632 967 3
665 920 753 958 licet
778 921 880 958 enim
900 921 1087 970 recipiens
1107 921 1288 970 indignus
1309 921 1348 958 in
1368 933 1533 970 persona

152 1008 191 1031 10
203 992 358 1042 propria
386 1004 467 1029 non
492 998 659 1029 meretur
679 991 849 1040 graciam
874 991 1112 1037 ministranti,
1135 998 1192 1029 est
1220 997 1351 1029 tamen
1380 993 1534 1030 occasio

202 1070 244 1100 ut
279 1062 498 1099 ministrans
531 1074 600 1111 per
630 1073 739 1098 suam
772 1061 1077 1099 beneficenciam
1109 1067 1307 1108 mereatur,
1339 1067 1376 1099 et
1409 1069 1535 1111 preter

202 1133 277 1170 hoc
299 1139 340 1170 ut
360 1132 520 1169 ecclesia
549 1137 739 1168 mereatur
761 1144 831 1169 suo
854 1133 1030 1169 membro
1051 1131 1187 1169 donari
1208 1133 1423 1179 carismata,
1445 1145 1535 1171 cum

159 1214 191 1242 D
205 1203 339 1240 merita
357 1201 579 1239 universalis
600 1202 760 1239 ecclesie
784 1201 802 1221 ‘¹‘
827 1209 864 1239 et
884 1202 1083 1240 cuiuslibet
1104 1214 1170 1240 sue
1190 1203 1308 1252 partis
1338 1203 1536 1252 reciproce

205 1279 293 1310 sunt
313 1284 500 1310 connexa.
551 1271 601 1309 Et
620 1278 734 1321 patet,
750 1284 838 1310 cum
859 1273 1027 1322 quelibet
1045 1285 1212 1322 persona
1232 1273 1392 1311 ecclesie
1416 1275 1534 1312 bene-

154 1354 191 1385 15
204 1343 348 1381 faciens
377 1342 483 1380 alteri
512 1342 651 1379 habeat
671 1343 1081 1391 recompensacionem
1113 1344 1462 1393 supererogativam
1486 1357 1534 1382 ex

207 1414 330 1463 capite
356 1420 393 1451 et
420 1425 582 1461 corpore
612 1413 783 1458 ecclesie,
805 1413 908 1461 quod
938 1413 1020 1462 ipsa
1049 1425 1129 1451 non
1158 1414 1331 1463 graciose
1360 1416 1534 1463 premiat‚

207 1484 274 1521 sed
308 1483 646 1520 instrumentaliter
674 1483 723 1520 ad
753 1483 811 1520 sui
841 1483 1100 1532 indigenciam
1133 1496 1204 1533 pro
1234 1484 1372 1522 merito
1401 1497 1535 1522 cumu-

205 1553 334 1591 lando.
392 1553 673 1591 Contententur
705 1565 798 1602 ergo
832 1560 1016 1600 creature,
1051 1554 1170 1603 gratis
1209 1554 1399 1592 donantes
1432 1555 1538 1592 bona

206 1622 368 1660 Domini
390 1623 497 1660 cuius
518 1623 641 1660 vicem
671 1630 807 1672 gerunt
836 1623 885 1660 ad
915 1624 972 1660 sui
1002 1624 1216 1673 egenciam,
1238 1624 1344 1673 quod
1371 1624 1539 1662 habeant

157 1707 196 1729 20
207 1699 334 1742 grates
371 1700 408 1731 et
452 1693 585 1731 laudes
632 1693 806 1731 ministro
849 1693 1060 1743 deputatas,
1110 1695 1340 1733 reservando
1389 1707 1540 1745 semper

207 1763 355 1813 gracias
375 1763 547 1801 Domino
567 1764 729 1813 capitali.

1723 242 1805 289 253

262 1834 408 1871 Totam
436 1834 538 1871 illam
568 1834 805 1871 sentenciam
833 1834 1010 1881 inculcat,
1033 1841 1074 1872 ut
1102 1835 1218 1873 michi
1247 1836 1404 1882 videtur,
1426 1848 1538 1886 apos·
1551 1851 1574 1869 c·
1593 1841 1663 1868 This
1676 1841 1802 1868 doctrine

210 1975 426 2012 necessaria
464 1974 654 2024 stipendia
691 1987 830 2023 capere
869 1975 916 2012 de
955 1975 1117 2013 ecclesia
1156 1988 1274 2025 quam
1321 1976 1541 2023 informant,

158 2045 307 2088 25inter
341 2045 412 2082 alia
445 2050 672 2093 argumenta
706 2044 868 2090 subtilia,
900 2045 974 2083 hoc
1006 2052 1064 2082 est
1097 2058 1240 2093 unum;
1281 2045 1332 2084 Sz·
1355 2049 1448 2084 enim
1478 2060 1543 2085 nos

211 2115 310 2152 vobis
332 2116 546 2164 spiritualia
572 2115 804 2160 seminamus,
825 2127 897 2151 non
926 2120 980 2152 est
1006 2128 1182 2164 magnum
1211 2118 1250 2153 si
1274 2130 1338 2154 nos
1368 2119 1543 2155 carnalia

211 2190 332 2223 vestra
364 2190 569 2223 metamus:
614 2185 723 2234 quasi
761 2191 947 2233 argueret,
982 2184 1151 2232 Quilibet
1187 2187 1313 2225 bonus
1351 2194 1544 2226 mercator

212 2256 326 2293 debet
349 2267 546 2304 exponere
567 2255 716 2292 minora
744 2255 849 2292 bona
878 2261 918 2292 ut
938 2256 1166 2304 temporalia
1194 2269 1264 2306 pro
1294 2258 1406 2295 bonis
1434 2259 1542 2307 poci-

212 2325 356 2371 oribus,
395 2332 436 2362 ut
475 2325 742 2375 spiritualibus,
780 2325 1034 2374 acquirendis,
1067 2332 1105 2363 et
1150 2327 1360 2376 specialiter
1399 2328 1429 2365 si
1469 2329 1543 2366 sint

161 2406 203 2437 30
214 2396 340 2433 media
368 2396 582 2433 necessaria
611 2395 660 2432 ad
686 2395 822 2432 eadem
835 2408 845 2441 3
876 2396 944 2433 sed
965 2396 1016 2433 sic
1038 2403 1095 2433 est
1116 2397 1163 2434 de
1184 2398 1543 2436 communicacione

213 2465 484 2515 temporalium
513 2465 815 2514 predicatoribus
835 2466 940 2502 verbi
963 2465 1036 2503 Dei
1052 2479 1062 2512 ,·
1091 2478 1185 2515 ergo
1215 2468 1371 2517 quilibet
1399 2469 1544 2506 consti-

119 2546 204 2576 89A
217 2541 318 2575 tutus
340 2533 357 2553 *
381 2547 493 2584 super
522 2536 626 2572 bona
656 2535 881 2585 temporalia
911 2535 1024 2573 debet
1052 2536 1173 2574 taliter
1201 2538 1414 2576 ministrare
1429 2551 1438 2585 ;
1471 2550 1544 2576 nec

244 2680 282 2696 12.
304 2670 354 2697 hoc
366 2671 407 2696 A:
428 2670 477 2697 hec
491 2671 513 2696 B
525 2671 557 2698 C.
628 2674 663 2697 ut
676 2671 699 2697 B
710 2671 749 2698 C:
770 2674 819 2698 ute
830 2672 865 2699 A.
978 2680 1015 2704 15.
1037 2674 1304 2705 supererogativam
1318 2674 1341 2700 B
1353 2681 1360 2700 ε
1376 2676 1545 2707 superroga-

218 2705 313 2730 tivam
325 2705 367 2730 A:
387 2707 475 2737 super
484 2706 684 2738 errogativam
698 2705 730 2732 C.
897 2706 937 2731 26.
956 2707 1133 2733 seminamus
1147 2707 1170 2733 B
1179 2707 1202 2734 C
1214 2714 1220 2734 :
1241 2708 1448 2734 ministramus
1461 2709 1495 2735 A.

727 2839 776 2870 25-
805 2839 817 2860 1
838 2830 914 2862 Cor.
932 2830 974 2863 ix.
994 2840 1042 2861 11.

208 1904 319 1951 tolus,
355 1916 370 1940 1
406 1904 494 1942 Cor.
524 1904 574 1941 ix.
611 1903 715 1941 Nam
746 1904 950 1953 probando
980 1906 1083 1954 quod
1115 1905 1204 1943 licet
1236 1906 1538 1955 predicatoribus
1551 1876 1741 1936 {siffis->ned
1754 1875 1792 1907 by
