2008 3305
233 234 320 265 CAP.
342 219 485 279 xv111.]
711 231 856 264 LIBER
888 231 1083 265 PRIMUS.
1757 235 1773 264 1
1784 226 1837 279 69

121 352 218 394 5713]
234 348 449 385 necessario
465 346 572 385 Deus
593 354 649 385 est
661 360 670 394 ;
702 360 794 397 ergo
815 347 867 385 sic
888 347 1062 385 absolute
1083 347 1301 385 necessario
1322 354 1448 396 potest
1462 360 1556 394 esse,

232 424 269 455 et
297 430 366 466 per
392 430 633 467 consequens
659 418 713 455 sic
735 429 967 468 quocunque
998 418 1123 467 posito
1154 425 1280 467 potest
1308 431 1403 456 esse.
1462 419 1557 456 Ideo

232 489 346 526 credo
368 489 473 538 quod
493 489 625 527 doctor
656 488 829 538 intelligit
850 489 898 526 de
924 496 1011 526 actu
1039 489 1245 527 intrinseco
1265 489 1321 526 vel
1343 490 1558 527 extrinseco

231 559 408 607 potencie
429 559 556 604 libere,
571 559 620 596 ad
640 571 755 607 quem
776 570 856 596 non
878 566 934 596 est
955 559 1162 596 necessitas
1183 560 1424 597 antecedens.
1483 557 1558 596 Sed
1572 565 1664 590 There
1678 564 1700 591 is
1714 574 1749 591 no
1763 566 1821 591 free

200 629 377 667 5videtur
406 629 512 678 quod
540 629 632 666 nulli
667 636 791 667 create
821 631 1002 678 potencie
1032 629 1123 666 illud
1152 630 1378 667 conveniat:
1419 631 1545 679 primo
1572 598 1814 658 pvqg'irutthsstsscts

1549 660 1556 675 ‚
1785 664 1790 670 .

231 700 321 748 quia
358 700 546 737 memoria
583 700 800 737 naturaliter
845 700 1022 749 producit
1070 700 1381 749 intelligendam,
1421 707 1458 737 et
1497 700 1558 737 illa
1572 666 1833 734 ceifmneoesmy‘

229 770 381 807 insimul
401 770 658 816 voluntatem;
689 770 872 816 secundo,
894 771 982 820 quia
1002 770 1139 808 volicio
1159 769 1233 807 Dei
1263 778 1393 807 eterna
1423 782 1556 808 neces·
1604 775 1632 805 β«

230 841 316 878 sitat
336 852 622 890 quamcumque
649 841 810 878 activam
832 848 1000 878 creatam
1022 841 1240 890 potenciam
1271 840 1319 877 ad
1349 841 1558 889 quemlibet

228 917 356 948 aetum
378 923 501 957 suum,
523 918 561 948 ut
589 911 725 949 doctor
745 924 831 949 vere
859 911 1094 958 sentenciat5
1124 910 1251 957 tercio,
1275 911 1364 960 quia
1385 918 1443 949 est
1468 912 1558 950 dare
1605 928 1632 952 γ.

178 998 216 1020 10
229 981 507 1030 disposiciones
533 982 779 1019 movencium
804 982 1063 1019 secundorum
1091 981 1275 1019 obiective
1303 981 1558 1026 alliciencium

228 1052 278 1089 ad
307 1052 525 1098 volendum,
554 1059 591 1090 et
626 1053 927 1102 disposicionem
961 1065 1006 1090 ac
1041 1052 1347 1102 applicacionem
1381 1053 1558 1101 potencie

228 1123 388 1169 volitive,
404 1136 489 1160 cum
513 1124 650 1172 quibus
671 1136 751 1161 non
772 1130 843 1161 stat
863 1124 1086 1173 potenciam
1107 1123 1208 1161 illam
1230 1136 1308 1161 non
1330 1136 1454 1173 agere.
1507 1124 1557 1161 Et

187 1201 215 1231 G
229 1193 446 1231 evidencius
468 1194 637 1243 sequitur
661 1195 681 1217 '¹‘
704 1194 777 1232 hoc
798 1195 845 1232 de
867 1195 1038 1244 quolibet
1064 1201 1150 1231 actu
1172 1194 1300 1243 operis
1320 1201 1428 1231 extra
1449 1207 1557 1232 men-

227 1272 317 1301 tem.
374 1263 468 1302 Ideo
489 1264 577 1302 dicit
599 1265 732 1302 doctor
752 1265 858 1314 quod
879 1266 1030 1303 volitiva
1050 1265 1229 1314 potencia
1249 1271 1378 1302 creata
1402 1277 1481 1302 non
1502 1272 1558 1303 est

175 1347 212 1378 15
228 1335 298 1372 nisi
330 1336 544 1372 secundum
574 1336 666 1385 quid
696 1336 823 1381 libera,
848 1336 915 1373 sed
944 1336 1098 1373 volitiva
1126 1336 1296 1373 increata
1325 1343 1383 1374 est
1408 1348 1557 1374 summe

225 1406 354 1452 libera,
371 1406 431 1443 cui
451 1407 647 1455 potissime
663 1407 846 1456 competit
862 1407 963 1444 dicta
984 1407 1213 1456 descripcio.
1260 1406 1336 1444 Sed
1357 1407 1557 1457 arguendo

225 1483 359 1514 contra
382 1476 473 1514 illud
495 1488 675 1526 suppono
696 1477 801 1526 quod
823 1477 946 1515 solum
966 1489 1044 1514 una
1064 1477 1110 1515 sit
1130 1477 1349 1515 huiusmodi
1377 1478 1557 1527 potencia

225 1546 387 1584 volitiva.
446 1547 625 1585 Secundo
646 1560 824 1597 suppono
845 1548 949 1597 quod
970 1547 1071 1585 dicta
1091 1548 1270 1597 potencia
1291 1561 1371 1586 non
1397 1549 1443 1586 sit
1463 1561 1555 1587 con-

225 1617 441 1655 tradictorie
471 1618 590 1655 libera
614 1625 790 1667 respectu
819 1618 1092 1667 produccionis
1120 1631 1286 1668 persone
1306 1620 1365 1657 vel
1394 1620 1555 1658 alicuius

173 1701 213 1723 20
225 1688 398 1726 absolute
432 1689 638 1726 necessarii
670 1689 769 1726 intra
798 1689 937 1727 Deum.
994 1689 1044 1726 Et
1075 1690 1193 1728 tercio
1231 1691 1416 1740 probatur
1449 1690 1555 1740 quod

224 1771 305 1796 non
343 1766 400 1797 est
438 1759 492 1797 sic
529 1759 650 1797 libera
686 1766 861 1809 respectu
896 1766 1002 1797 actus
1035 1760 1233 1798 intrinseci
1245 1773 1255 1808 3
1301 1773 1393 1798 nam
1427 1762 1554 1799 omnis

223 1828 298 1866 Dei
321 1830 481 1879 agencia
507 1831 730 1879 temporalis
762 1830 879 1868 habet
908 1831 1074 1880 priorem
1102 1830 1175 1869 Dei
1198 1832 1428 1870 volicionem
1456 1839 1554 1870 eter-

223 1912 314 1936 nam
342 1900 637 1938 necessitantem
665 1901 793 1950 previe
823 1902 872 1938 ad
901 1902 1108 1950 agendum,
1140 1909 1181 1940 ut
1219 1902 1355 1940 doctor
1387 1915 1478 1952 sepe
1516 1911 1553 1941 et

222 1982 315 2007 sane
350 1970 582 2008 sentenciat:
623 1983 717 2021 ergo
748 1978 925 2020 respectu
955 1972 1093 2010 nullius
1124 1979 1232 2010 actus
1262 1974 1467 2011 extrinseci
1495 1981 1553 2012 est

173 2054 211 2085 25
226 2041 279 2078 sic
309 2041 413 2086 liber,
436 2048 476 2078 ut
505 2041 536 2078 si
563 2042 668 2079 Deus
693 2049 796 2079 creat
816 2042 982 2085 Petrum,
1003 2049 1093 2081 tunc
1123 2043 1237 2080 habet
1267 2051 1438 2082 eternam
1459 2045 1552 2082 voli-

223 2112 378 2148 cionem
398 2111 569 2160 previam
594 2112 643 2149 ad
663 2112 884 2159 creandum,
906 2114 967 2150 cui
996 2121 1186 2163 repugnat
1214 2114 1420 2152 formaliter
1446 2116 1553 2164 quod

221 2194 303 2219 non
336 2189 460 2228 creet;
509 2182 596 2220 ideo
630 2183 736 2221 Deus
775 2184 979 2221 necessitat
1013 2196 1053 2221 se
1093 2185 1142 2221 ad
1176 2185 1385 2234 quemlibet
1422 2194 1551 2223 actum

223 2253 479 2291 extrinsecum
511 2254 820 2302 producendum.
877 2254 969 2292 Ideo
1004 2255 1150 2293 videtur
1183 2256 1297 2293 michi
1337 2257 1443 2306 quod
1482 2270 1551 2306 po-

221 2323 367 2360 tissime
388 2323 434 2361 de
456 2325 604 2362 actibus
625 2325 776 2362 volendi
800 2326 1014 2363 intrinsecis
1034 2339 1133 2376 quos
1163 2327 1271 2376 ponit
1300 2334 1453 2366 eternos
1484 2328 1552 2366 sed

168 2409 209 2439 30
222 2395 493 2444 contingentes
513 2402 666 2444 caperet
686 2408 755 2433 sua
776 2397 973 2434 sentencia
992 2398 1199 2435 veritatem.

278 2464 354 2502 Sed
373 2473 506 2503 contra
526 2466 617 2503 illud
637 2467 810 2511 instatur,
830 2467 955 2516 primo
978 2468 1052 2505 sic:
1083 2467 1308 2506 Voliciones
1328 2468 1548 2508 huiusmodi
1563 2485 1588 2507 4·
1609 2477 1779 2509 Argument

1561 2511 1682 2542 against
1695 2511 1789 2536 Brad-

220 2548 300 2574 non
328 2544 417 2574 sunt
436 2537 621 2584 absolute,
642 2543 682 2574 ut
709 2537 841 2575 doctor
862 2539 1022 2584 estimat,
1046 2551 1094 2576 ne
1122 2539 1169 2577 sit
1192 2552 1396 2589 processus
1423 2541 1463 2578 in
1491 2542 1547 2579 in·
1562 2544 1804 2610 ἷζῖἔῇξζῗξᾱῗιὶω

171 2618 203 2646 D
221 2608 369 2645 finitum
385 2608 423 2644 in
440 2608 597 2653 actibus,
615 2615 652 2645 et
665 2614 822 2657 propter
843 2609 936 2647 alias
955 2611 1130 2649 raciones
1151 2611 1387 2661 supradictas
1403 2626 1411 2659 ;
1445 2612 1463 2632 '¹‘
1481 2614 1548 2651 sed
1561 2635 1589 2652 a,
1608 2599 1749 2653 Vo1it10nss
1761 2638 1808 2654 are

220 2679 469 2717 solummodo
508 2680 720 2720 relaciones
758 2682 922 2719 racionis
961 2682 1057 2719 inter
1099 2682 1227 2720 Deum
1265 2691 1302 2721 et
1333 2692 1547 2722 creaturam
1562 2665 1610 2686 not
1624 2660 1761 2694 ab⁵⁰¹u²e'

253 2783 275 2798 2.
297 2776 324 2798 et
331 2776 388 2805 per
399 2783 568 2806 consequens
580 2776 619 2800 sic
633 2785 799 2808 quocunqne
810 2777 903 2808 posito
915 2779 1009 2808 potest
1021 2785 1077 2802 esse
1092 2777 1113 2802 B
1125 2784 1130 2802 ἰ
1151 2786 1204 2803 om.
1222 2777 1246 2802 Α
1256 2777 1278 2803 C
1291 2778 1327 2808 (B
1341 2784 1436 2804 autem
1450 2778 1477 2804 in
1492 2779 1546 2805 fine

219 2810 260 2832 est
273 2806 376 2839 habet).
460 2809 484 2833 6.
506 2811 514 2837 ΙΙ
527 2810 665 2834 memoria
683 2810 712 2835 Β.
727 2810 744 2835 f.
763 2812 810 2842 238
822 2819 844 2835 Β.
932 2812 968 2835 16.
992 2810 1083 2835 libera
1096 2810 1121 2835 A
1135 2810 1173 2836 C:
1195 2811 1281 2836 libere
1296 2812 1325 2836 B.
1412 2822 1449 2843 17.
1470 2813 1549 2838 illud

221 2840 243 2865 B
253 2840 293 2866 C:
312 2849 366 2866 om.
380 2841 412 2866 A.
519 2851 558 2874 27.
584 2842 663 2868 Deus
677 2843 699 2868 Β
711 2850 716 2869 ;
737 2852 791 2869 om.
805 2844 829 2869 A
840 2843 871 2869 C.
978 2853 1018 2875 32.
1039 2843 1167 2869 absolute
1180 2844 1254 2871 AC:
1275 2845 1403 2871 absoluti
1415 2846 1445 2871 B.
