2008 3305
135 190 217 232 280

133 652 304 678 Distinction
318 652 364 677 be-

133 693 222 711 tween
231 687 397 718 proprietas

131 721 257 745 dominii
267 720 321 744 aud

125 754 292 785 proprietas
306 754 349 778 rei

131 787 307 812 dominatae.

132 1705 174 1730 Th
180 1713 224 1730 ree
237 1705 320 1730 kinds
333 1704 365 1730 of

131 1739 295 1764 dominium
305 1747 313 1769 ;

131 1772 234 1802 divine,
254 1772 399 1804 angelical,

131 1807 187 1831 and
201 1806 305 1831 human
317 1813 323 1837 ;

132 1994 246 2027 human,
260 1995 349 2021 either

132 2030 242 2054 natural
256 2039 287 2055 or

132 2062 257 2094 politieal
267 2070 273 2094 ;

133 2222 188 2247 and
202 2221 336 2254 political,

133 2341 223 2367 either
236 2342 268 2367 of
277 2342 324 2367 the

134 2376 239 2408 family,

133 2450 165 2476 of
175 2450 222 2475 the
236 2450 303 2483 city,

135 2520 165 2537 or
178 2512 209 2537 of
219 2512 266 2537 the
279 2517 361 2539 state.

789 199 992 230 R1CARD1
1025 199 1325 231 ARMACHANI
1798 186 1897 245 [Lm.
1942 221 1950 229 .

411 315 476 348 per
493 305 591 349 quod
610 303 815 338 dominium
833 305 922 338 baro
941 310 1063 348 potest
1082 315 1191 338 omne
1210 314 1325 347 genus
1347 314 1434 337 usus
1459 302 1609 337 baronie
1627 313 1735 346 gene·
1752 307 1821 349 [20

411 363 536 396 raliter
561 369 596 396 et
622 362 762 406 integre
789 373 970 404 exercere,
997 361 1069 395 dici
1096 361 1208 395 debet
1239 361 1455 406 proprietas,
1481 372 1556 395 non
1586 360 1735 405 aliquod

410 420 616 454 dominium
633 420 799 454 aliorum.

460 480 545 512 RIC.
585 478 697 512 Omni
732 478 880 522 proprio
914 477 1176 521 correspondet
1211 477 1444 521 proprietas;
1488 476 1607 520 igitur,
1643 475 1736 510 sicut

411 536 565 581 quisque
592 535 745 570 istorum
771 536 883 570 habet
909 535 1114 569 dominium
1144 534 1344 579 proprium,
1372 534 1423 568 ita
1453 534 1489 568 in
1520 543 1767 578 quocunque5

411 594 573 638 ipsorum
598 601 653 628 est
679 605 751 627 una
777 592 991 637 proprietas.
1055 593 1118 627 Set
1151 592 1306 627 forsitan
1340 603 1415 625 non
1445 591 1607 626 advertis
1638 591 1737 635 quod

411 652 483 686 alia
500 658 556 686 est
574 651 780 695 proprietas
801 651 964 694 dominii,
984 651 1056 685 alia
1074 650 1123 685 rei
1143 650 1332 685 dominate
1351 649 1566 694 proprietas.
1609 649 1737 683 Habet

409 710 508 744 enim
527 710 682 754 quisque
706 708 860 743 istorum
882 708 1147 753 proprietatem
1172 708 1248 742 sive
1272 708 1510 742 solitudinem
1532 712 1595 741 aut
1613 706 1738 750 singu-

410 768 593 802 laritatem
620 767 726 801 unius
757 767 793 800 in
824 767 904 811 ipso
935 767 1124 801 existentis
1154 765 1318 808 dominii,
1345 772 1380 800 et
1407 765 1458 800 ita
1483 764 1601 800 eciam
1627 764 1736 798 habet

409 826 520 868 baro;
562 832 615 859 set
651 832 772 869 preter
806 825 904 859 hanc
935 824 1199 869 proprietatem
1229 825 1318 858 baro
1349 824 1460 858 habet
1490 822 1737 864 solitudinem,
1754 834 1792 856 10

410 882 712 927 singularitatem,
744 883 820 917 sive
851 882 1116 927 proprietatem
1144 882 1307 924 baronie‚
1339 881 1425 926 quia
1456 892 1521 925 pro
1553 886 1640 914 voto
1671 891 1737 914 suo

409 941 623 976 racionabili
650 947 771 986 potest
798 953 907 975 omne
933 952 1049 985 genus
1074 952 1161 974 usus
1186 941 1222 974 in
1246 939 1399 974 baronia
1421 939 1533 973 libere
1556 949 1737 973 exercere.

409 1001 628 1044 Proprietas
648 998 747 1033 enim
772 1010 793 1032 a
809 1000 977 1043 proprie,
996 1005 1031 1033 et
1051 1000 1209 1043 proprie
1232 1009 1254 1032 a
1272 1000 1391 1042 prope
1409 996 1622 1039 descendit3
1650 1007 1737 1040 quo-

409 1057 510 1091 niam
529 1057 626 1101 quod
645 1056 705 1091 uni
724 1063 780 1091 est
801 1056 990 1101 proprium
1015 1063 1071 1091 est
1095 1056 1162 1090 sibi
1188 1067 1312 1101 prope,
1333 1055 1419 1100 quia
1442 1055 1490 1089 ad
1508 1061 1634 1088 votum
1659 1053 1738 1088 eius

409 1115 607 1159 reponitur,
629 1114 705 1149 sive
732 1115 841 1158 iuxta,
865 1116 920 1149 vel
946 1126 1059 1159 prope
1085 1115 1314 1148 voluntatem
1340 1113 1467 1157 ipsius,
1493 1113 1541 1147 ad
1568 1111 1877 1152 similitu-proprie
1894 1119 1924 1142 B.

410 1174 535 1207 dinem
561 1173 611 1207 rei
644 1172 743 1207 iuxta
768 1173 826 1207 vel
855 1184 968 1217 prope
995 1183 1221 1217 quamquam
1248 1172 1284 1205 in
1311 1172 1391 1206 loco
1421 1170 1604 1215 reposite:
1640 1170 1739 1204 unde

410 1230 646 1275 consequitur
663 1230 763 1275 quod
787 1230 993 1275 proprietas
1017 1241 1138 1264 rerum
1157 1229 1361 1264 ditancium
1379 1235 1434 1263 est
1451 1228 1655 1263 dominium
1673 1227 1738 1261 im-

408 1288 612 1323 mediatum
637 1295 672 1323 et
697 1288 879 1332 integrum
903 1300 1023 1323 rerum
1048 1288 1221 1332 ipsarum.
1274 1288 1359 1321 Hoc
1382 1286 1528 1321 interim
1549 1286 1645 1321 habe
1664 1297 1739 1320 cer-

409 1354 499 1390 tum,
519 1347 638 1380 donec
663 1357 728 1381 suo
752 1346 834 1380 loco
857 1352 1058 1380 tractemus
1082 1345 1231 1380 inferius
1251 1345 1338 1389 quid
1360 1344 1485 1389 apcius
1504 1343 1576 1378 dici
1594 1350 1629 1378 et
1648 1355 1737 1388 qua·-

409 1405 492 1439 liter
518 1404 675 1439 describi
706 1404 822 1449 possit
852 1403 1054 1449 proprietas
1071 1417 1078 1445 ;
1114 1410 1148 1438 et
1179 1403 1225 1438 de
1255 1403 1347 1445 aliis,
1375 1402 1469 1437 sicut
1501 1402 1600 1443 libet,
1627 1412 1738 1446 perge
1753 1404 1793 1425 20

411 1463 561 1496 ulterius
580 1462 812 1507 requirendo.

460 1522 549 1555 IOH.
578 1521 650 1554 Dic
676 1520 722 1555 de
748 1520 824 1555 iure
852 1520 990 1562 utendi,
1016 1519 1053 1554 in
1080 1530 1152 1564 quo
1178 1530 1200 1553 a
1226 1518 1392 1553 dominio
1418 1524 1473 1553 est
1500 1516 1737 1560 distinctum;

409 1578 554 1613 videtur
579 1578 678 1613 enim
705 1577 795 1612 mihi
822 1578 922 1622 quod
947 1589 1056 1612 omne
1082 1577 1289 1611 dominium
1315 1582 1370 1611 est
1397 1575 1453 1610 ius
1480 1587 1518 1610 re
1547 1574 1739 1609 dominata

409 1636 548 1678 utendi,
568 1642 603 1670 et
622 1635 758 1681 pariter
776 1647 886 1670 omne
904 1635 959 1670 ius
977 1635 1103 1670 utendi
1122 1635 1267 1670 videtur
1284 1646 1366 1669 esse
1384 1633 1603 1668 dominium.

458 1696 545 1729 RIC.
574 1695 668 1728 Puto
687 1693 887 1738 expediens
906 1700 944 1727 ut
964 1692 1128 1727 dominia
1145 1692 1244 1737 prius
1263 1691 1481 1736 distinguas,
1499 1697 1538 1725 ut
1563 1690 1616 1725 sic
1639 1690 1738 1735 quod
1754 1704 1792 1736 25

411 1752 535 1798 queris
562 1752 695 1787 elarius
722 1753 915 1786 elucescat.
968 1751 1041 1785 Dic
1064 1762 1153 1795 ergo
1175 1757 1261 1796 quot
1286 1756 1371 1785 sunt
1393 1760 1530 1794 genera
1554 1748 1738 1783 dominio-

411 1822 492 1845 rum
510 1822 595 1845 vere
614 1810 799 1846 distincta.

461 1871 549 1903 IOH.
572 1868 665 1903 Mihi
678 1867 822 1903 videtur
837 1867 873 1902 in
887 1878 1021 1912 genere
1035 1867 1103 1901 tria
1117 1865 1281 1901 dominia
1295 1878 1302 1901 2
1326 1865 1504 1908 divinum,
1519 1863 1738 1909 angelicum,

411 1928 625 1961 humanum.

458 1986 546 2019 RIC.
581 1986 699 2019 Recte
724 1984 789 2019 tibi
815 1991 870 2019 est
889 1984 1033 2027 visum;
1064 1989 1118 2018 set
1145 1984 1348 2017 humanum
1372 1980 1576 2016 dominium
1594 1980 1738 2015 videtur
1751 1990 1791 2021 30

412 2043 559 2077 diversa
585 2042 738 2076 dominii
764 2053 900 2086 genera
930 2040 1131 2084 continere,
1159 2039 1309 2083 scilicet,
1335 2039 1501 2074 naturale
1526 2038 1604 2073 sive
1629 2037 1737 2081 origi-

411 2102 506 2143 nale,
524 2107 560 2134 et
579 2099 830 2134 adventicium
853 2099 928 2134 sive
948 2098 1138 2144 politicum
1158 2097 1195 2142 (a
1211 2098 1313 2143 polis
1336 2097 1435 2142 quod
1455 2102 1510 2130 est
1525 2096 1738 2140 pluralitas

411 2159 488 2193 sive
512 2160 646 2192 civitas
672 2158 722 2192 ita
748 2157 915 2201 dictum).
966 2158 1014 2191 Et
1038 2157 1110 2191 hoc
1134 2156 1337 2190 secundum
1361 2166 1475 2199 genus
1499 2154 1650 2188 humani
1674 2153 1737 2188 do-

409 2216 524 2260 minii,
541 2216 677 2250 scilicet
695 2215 894 2260 politicum,
911 2215 947 2249 in
961 2215 1031 2249 tria
1047 2225 1183 2258 genera
1197 2226 1219 2247 a
1233 2211 1464 2258 philosophis
1479 2218 1535 2246 est
1550 2211 1736 2256 partitum,

411 2274 448 2309 in
463 2274 706 2308 domesticum
723 2275 759 2318 (a
776 2275 881 2307 domo
895 2273 947 2307 sic
966 2272 1132 2316 dictum),
1148 2271 1183 2305 in
1199 2271 1303 2306 civile
1319 2270 1354 2315 (a
1369 2272 1520 2304 civitate
1533 2281 1598 2304 seu
1615 2269 1631 2288 ’¹‘
1645 2270 1736 2303 civi·
1749 2280 1781 2308 D

412 2333 478 2367 bus
496 2332 729 2375 derivatum),
749 2338 783 2365 et
803 2331 839 2364 in
858 2342 1035 2375 regnum:
1064 2342 1133 2375 que
1152 2329 1221 2364 tria
1242 2329 1356 2363 debes
1378 2328 1428 2362 ita
1453 2327 1680 2371 distinguere
1699 2334 1737 2361 ut

413 2390 659 2424 domesticum
684 2389 888 2423 dominium
914 2389 962 2422 ad
986 2389 1083 2422 bona
1110 2387 1217 2421 unius
1240 2386 1378 2421 familie
1403 2385 1509 2420 unius
1534 2384 1738 2419 immediati

414 2448 565 2491 domini,
585 2447 690 2481 civile
709 2448 756 2481 ad
775 2448 873 2481 bona
892 2446 1050 2481 civitatis
1076 2457 1139 2480 seu
1163 2443 1438 2479 communitatis
1457 2444 1655 2477 multorum
1673 2443 1738 2477 do-

413 2506 596 2539 minorum
623 2505 934 2547 immediatorum,
960 2510 995 2539 et
1020 2515 1173 2547 regnum
1201 2503 1249 2536 ad
1275 2502 1373 2536 bona
1399 2501 1506 2535 unius
1533 2500 1635 2545 regni
1662 2500 1739 2535 sive

413 2563 599 2607 regiminis
618 2562 725 2597 unius
744 2561 883 2596 domini
903 2573 1012 2606 super
1026 2562 1162 2595 multos
1180 2560 1340 2594 minores
1355 2559 1525 2594 dominos
1544 2564 1607 2593 aut
1625 2569 1738 2592 unum
1753 2571 1795 2601 40

414 2623 623 2656 inferiorem
642 2620 834 2655 dominum
851 2621 1078 2663 referantur3
1106 2619 1157 2654 ita
1175 2619 1273 2664 quod
1297 2630 1451 2662 regnum
1475 2617 1511 2651 in
1535 2618 1605 2651 hoc
1629 2629 1739 2652 sensu

413 2679 670 2724 philosophico
704 2690 899 2713 commune
933 2685 988 2712 est
1026 2677 1185 2719 ducatui,
1220 2675 1501 2718 marchionatui,
1536 2674 1738 2718 comitatui,

415 2737 646 2781 principatui,
666 2737 829 2778 baronie,
850 2736 994 2779 milicie,
1017 2743 1051 2770 et
1077 2736 1176 2770 omni
1202 2735 1366 2769 dominio
1390 2735 1457 2768 sub
1482 2745 1520 2768 se
1544 2734 1648 2777 plura
1672 2734 1738 2767 do-

416 2795 528 2829 minia
547 2794 689 2829 minora
706 2802 741 2828 et
760 2794 919 2828 minores
940 2793 1108 2827 dominos
1128 2791 1328 2826 continenti
1344 2803 1350 2835 ;
1380 2791 1463 2836 quia
1483 2789 1672 2825 descendit
1691 2790 1737 2823 ab
