2095 3278
54 186 141 216 CAP.
157 174 293 228 xx1x.]
596 182 661 214 DE
694 182 936 215 PAUPERIE
970 181 1284 215 SALVATORIS.

159 287 255 329 12D]
271 286 414 322 cionem
444 287 635 330 habemus,
663 287 964 322 communicatori
998 293 1125 322 nostro
1163 286 1439 322 communicare
1473 285 1604 321 iterato

269 356 344 379 non
368 356 577 389 possumus,
599 356 682 379 cum
710 345 790 389 ipse
818 345 906 379 illud
931 345 1137 379 dominium
1157 344 1264 379 nobis
1287 344 1601 379 communicatum

270 402 306 436 in
330 401 513 436 infinitum
539 402 681 447 plenius
707 402 814 437 nobis
840 402 1053 447 possideat3
1090 402 1137 437 de
1162 401 1409 436 translacione
1434 401 1599 447 proximo
1615 409 1642 431 2-

268 466 324 494 est
351 460 559 504 probatum,
590 460 740 503 scilicet,
772 460 871 504 quod
899 460 1049 494 omnino
1076 459 1113 493 in
1141 460 1266 494 Deum
1295 470 1369 494 non
1399 459 1521 502 cadit3
1552 460 1599 494 de
1613 464 1642 494 3-

236 517 532 561 5constitucione
556 517 639 551 novi
665 517 702 551 in
722 519 804 552 Deo
828 517 982 551 dominii
1008 517 1057 552 ibi
1083 529 1127 552 ex
1152 517 1296 551 eisdem
1314 517 1524 552 racionibus
1543 524 1599 552 est

266 576 464 620 probatum
479 575 577 619 quod
597 575 632 608 in
649 575 732 609 Deo
746 576 886 609 nullum
900 586 1038 609 novum
1054 574 1257 609 dominium
1274 575 1326 609 rei
1344 574 1600 619 preexistentis

50 650 123 671 cum
135 649 199 670 om.
212 647 243 670 B.
267 632 383 677 possit
418 632 600 667 constitui.
664 634 770 676 Item,
798 633 845 666 de
878 632 1118 667 abdicacione
1151 632 1316 676 dominii,
1345 644 1430 666 cum
1463 632 1600 677 aliquid
1614 638 1642 669 4-

269 691 352 725 Deo
370 690 540 734 donatur,
560 690 588 725 si
611 691 658 724 ad
682 696 819 725 statum
836 689 1039 735 primorum
1057 697 1252 734 parentum
1269 701 1447 733 recurras,
1467 690 1600 725 clarius

267 748 461 793 apparebit
480 748 579 793 quod
596 748 721 782 Adam
739 748 929 782 offerendo
949 747 1088 793 aliquid
1108 749 1191 782 Deo
1215 759 1289 782 non
1307 748 1494 783 abdicavit
1517 759 1540 782 a
1561 760 1601 783 se

215 805 318 841 10rei
347 806 471 841 oblate
498 805 714 849 dominium,
746 805 922 850 quoniam
956 805 1045 840 illud
1080 806 1146 840 fuit
1180 812 1216 840 et
1251 812 1308 841 est
1343 806 1528 850 integrum
1563 806 1600 840 in

266 864 437 899 omnibus
462 863 565 898 iustis
591 864 636 899 de
662 875 729 898 sua
755 864 929 908 progenie
958 863 1011 908 (ut
1036 864 1188 898 inferius
1208 862 1464 908 ostendetur):
1494 870 1529 898 et
1553 875 1600 899 ne

266 921 337 955 hoc
368 921 446 956 sine
475 921 625 956 racione
659 921 897 966 prescribam,
925 933 1022 965 ecce,
1050 933 1125 955 non
1160 921 1308 955 dubitas
1341 922 1430 966 quin
1463 921 1599 964 Adam,

267 985 462 1024 postquam
498 979 629 1014 obtulit
665 979 806 1024 aliquid
845 979 1009 1014 Creatori
1047 978 1255 1023 indigencie
1288 979 1452 1023 articulo,
1482 979 1601 1024 potuit

176 1039 254 1068 13A
267 1036 529 1071 nichilominus
555 1037 616 1072 illo
641 1037 705 1080 uti,
725 1037 818 1071 sicut
838 1037 964 1071 David
989 1035 1087 1071 licite
1107 1036 1124 1055 ‘¹‘
1145 1048 1233 1072 usus
1259 1043 1315 1071 est
1340 1037 1499 1081 panibus
1517 1048 1599 1081 pro-

53 1105 66 1126 1
86 1096 168 1137 Reg.
267 1093 468 1138 posicionis
504 1095 586 1129 Deo
620 1094 766 1138 oblatis,
798 1094 964 1129 fortassis
998 1105 1063 1139 per
1095 1093 1228 1139 ipsum,
1256 1094 1390 1139 quibus
1425 1095 1600 1130 sacerdos

49 1140 112 1171 XXi·
130 1140 161 1172 6·
267 1151 422 1196 quisque
440 1151 578 1196 pariter
595 1152 632 1186 in
650 1163 737 1187 casu
757 1151 937 1187 consimili
958 1151 1008 1186 uti
1026 1158 1195 1196 potuerat
1210 1163 1218 1195 ;
1250 1151 1302 1186 sic
1321 1152 1431 1197 quod,
1444 1151 1599 1186 circum-

267 1210 403 1254 spectis
433 1210 606 1245 dominiis
636 1209 806 1244 omnibus
832 1216 954 1254 preter
979 1209 1183 1244 dominium
1204 1221 1226 1244 a
1251 1211 1335 1244 Deo
1358 1221 1467 1254 super
1489 1209 1598 1244 rebus

267 1267 454 1311 collatum,
472 1279 582 1302 nemo
600 1267 718 1312 potuit
738 1268 822 1302 Deo
840 1267 1014 1301 donando
1033 1278 1140 1301 suum
1156 1267 1363 1302 dominium
1380 1267 1566 1302 abdicare.

316 1326 406 1360 IOH.
436 1326 493 1360 Ita
518 1325 630 1360 michi
655 1325 825 1360 videtur:
861 1331 916 1360 set
946 1324 1208 1359 nichilominus
1236 1324 1286 1359 hii
1313 1324 1374 1370 qui
1400 1326 1483 1360 Deo
1506 1325 1598 1359 dant

213 1392 253 1414 20
267 1382 405 1428 aliquid
423 1383 593 1418 videntur
609 1382 782 1417 abdicare
800 1382 1008 1417 dominium
1025 1383 1124 1427 quod
1141 1383 1341 1417 habebant.

314 1442 402 1475 RIC.
433 1441 560 1475 Potest
603 1441 655 1475 sic
694 1452 791 1484 esse,
825 1447 880 1475 set
913 1451 989 1474 non
1022 1446 1079 1475 est
1113 1441 1364 1475 necessarium
1404 1440 1456 1475 ita
1490 1451 1597 1483 esse3

263 1498 438 1543 quoniam
472 1505 550 1533 esto
584 1498 683 1543 quod
711 1499 845 1542 Adam,
876 1509 960 1532 cum
995 1499 1093 1532 solus
1126 1504 1215 1541 erat,
1243 1509 1318 1532 non
1351 1499 1495 1533 habens
1527 1497 1598 1532 nisi

265 1556 473 1590 dominium
507 1556 576 1591 sibi
610 1568 630 1591 a
666 1557 749 1590 Deo
783 1557 968 1598 collatum,
1004 1557 1086 1591 Deo
1119 1556 1260 1600 aliquid
1292 1555 1486 1591 obtulisset
1520 1556 1598 1590 sive

266 1614 466 1657 donasset;
497 1625 731 1658 nequaquam
752 1612 804 1658 (ut
830 1614 900 1648 hec
924 1613 1052 1647 ultima
1075 1614 1174 1647 racio
1193 1612 1365 1658 affirmat)
1386 1614 1472 1648 illud
1490 1624 1598 1647 suuni

213 1678 252 1710 25
267 1671 427 1716 unicum,
454 1672 554 1717 quod
579 1678 666 1706 tunc
692 1671 865 1714 habebat,
885 1671 1090 1705 dominium
1115 1671 1349 1715 abdicasset3
1380 1671 1464 1706 licet
1491 1671 1598 1706 civile

266 1729 472 1764 dominium
489 1730 526 1764 in
544 1729 669 1764 dando
687 1729 807 1764 taliter
823 1728 1032 1763 abiecisset.

316 1841 548 1877 IOHANNES.
577 1843 654 1877 Ista
680 1841 867 1883 confiteor,
887 1841 976 1876 dum
994 1847 1119 1877 tamen
1146 1841 1245 1877 istud
1263 1842 1467 1877 dominium
1488 1841 1596 1887 primi
1609 1845 1756 1881 XXIX.

1790 178 1873 225 325

266 1900 429 1944 parentis
446 1911 528 1935 esse
546 1899 794 1935 inabdicabile
812 1900 972 1934 affirmes
990 1900 1184 1935 robustius.
1610 1903 1685 1929 How
1703 1912 1755 1929 can
1774 1912 1839 1930 man

314 1958 542 1992 RICARDUS.
569 1958 631 1993 Sic
650 1958 710 1992 fiet
736 1958 886 1992 inferius
913 1968 980 1992 suo
997 1958 1090 1992 loco.
1145 1957 1218 1993 Dic
1241 1970 1328 2003 ergo
1351 1958 1507 2003 qualiter
1524 1946 1626 1993 dicig

211 2027 253 2058 30
268 2020 390 2058 potest
409 2015 566 2049 donacio
585 2015 868 2050 condicionibus
886 2015 964 2049 istis
981 2015 1207 2050 absentibus.

316 2073 405 2106 IOH.
432 2072 471 2107 Si
498 2073 624 2107 dixero
642 2073 747 2117 quod
770 2072 956 2117 possessio
976 2072 1027 2107 rei
1055 2073 1091 2107 in
1113 2074 1237 2107 Deum
1260 2073 1486 2117 transfertur,
1512 2085 1596 2108 cum

265 2140 324 2163 res
342 2130 389 2164 ab
407 2130 558 2164 homine
578 2131 662 2165 Deo
687 2131 855 2173 donatur,
873 2137 912 2165 ut
930 2130 978 2165 ob
997 2131 1068 2165 hoc
1093 2130 1167 2165 dici
1193 2131 1311 2176 possit
1332 2131 1488 2166 donacio
1513 2132 1596 2166 Deo

265 2186 364 2221 facta
383 2199 391 2229 ;
417 2187 505 2232 quid
524 2187 642 2222 dicis?

313 2245 400 2279 RIC.
429 2245 530 2279 Sicut
556 2256 624 2280 nec
651 2245 687 2279 in
713 2246 837 2280 Deum
862 2246 995 2281 cadere
1018 2251 1140 2290 potest
1166 2257 1305 2281 novum
1327 2252 1450 2292 preter
1475 2258 1594 2281 rerum

211 2310 251 2342 35
267 2302 446 2345 originale
476 2302 694 2346 dominium,
726 2303 778 2337 sic
806 2314 875 2337 nec
902 2303 952 2337 rei
984 2303 1201 2348 cuiusquam
1231 2316 1301 2349 que
1330 2304 1464 2349 prefuit
1498 2315 1596 2338 nova

265 2359 474 2404 possessi03
503 2371 587 2394 cum
610 2360 672 2394 illa
695 2360 882 2404 possessio
900 2360 1052 2395 omnino
1074 2361 1112 2394 in
1131 2361 1192 2396 illo
1211 2368 1307 2396 esset
1330 2361 1466 2396 inutilis
1486 2368 1596 2406 atque

265 2428 373 2451 cassa
391 2417 428 2450 in
444 2428 516 2462 quo
534 2418 749 2462 plenissima
766 2424 877 2463 atque
896 2419 1208 2453 sufficientissima
1222 2426 1307 2454 ante
1324 2419 1390 2454 fuit
1409 2419 1596 2464 possessio

265 2474 386 2508 omnis
414 2475 476 2517 rei,
506 2474 657 2518 scilicet,
683 2475 918 2509 conservacio
946 2476 1205 2521 cuiuscunque,
1234 2488 1306 2521 qua
1337 2478 1442 2511 Deus
1472 2483 1593 2522 portat

266 2531 391 2565 omnia
414 2532 527 2566 verbo
545 2532 689 2567 virtutis
716 2544 780 2567 sue
806 2532 859 2576 (ut
882 2534 1016 2567 Paulus
1043 2534 1202 2568 affirmat
1226 2535 1274 2568 ad
1300 2535 1469 2568 Hebreos
1488 2534 1509 2568 i.
1529 2533 1564 2578 3)
1583 2545 1591 2568 :

211 2594 302 2630 40et
336 2588 474 2632 pariter
508 2589 554 2623 de
587 2589 688 2623 omni
731 2589 806 2624 iure
840 2601 938 2624 novo
972 2591 1022 2625 rei
1056 2591 1314 2635 preexistentis
1349 2591 1592 2634 concluditur,

268 2646 418 2689 scilicet,
445 2647 544 2690 quod
570 2658 643 2681 non
670 2654 792 2692 potest
821 2648 925 2682 Deus
951 2648 1096 2682 noviter
1121 2649 1307 2692 advenire,
1335 2649 1421 2693 quia
1446 2649 1593 2693 penitus

265 2710 364 2737 esset
388 2703 424 2737 in
445 2705 526 2738 Deo
553 2715 700 2738 cassum
717 2711 752 2738 et
771 2716 952 2739 vacuum:
983 2711 1019 2739 et
1046 2705 1098 2740 sic
1122 2712 1264 2740 constat
1284 2706 1383 2750 quod
1406 2706 1593 2751 possessio

266 2759 318 2795 rei
338 2771 408 2805 que
426 2761 558 2806 prefuit
575 2773 809 2807 nequaquam
825 2762 969 2797 noviter
988 2763 1071 2797 Deo
1090 2763 1223 2806 poterit
1242 2763 1425 2798 advenire.
1464 2764 1590 2808 Igitur,

1629 1937 1672 1963 ive
1685 1943 1714 1964 to
1727 1937 1811 1965 God?
