2095 3278
211 1324 267 1350 and
281 1324 359 1350 there
373 1333 438 1357 may

211 1357 246 1383 be
259 1367 336 1384 cases
349 1358 376 1383 in
387 1358 478 1384 which

211 1401 280 1417 even
296 1392 342 1417 the
356 1392 468 1424 highest

211 1431 291 1451 court
305 1426 394 1456 ought
408 1431 437 1451 to

211 1460 335 1491 suspend
344 1460 446 1492 judge-

212 1499 298 1520 ment.

212 1852 303 1878 When
316 1861 333 1878 a
343 1852 433 1885 judge

212 1887 308 1912 makes
321 1886 389 1912 oath
403 1893 432 1912 to

212 1920 329 1946 observe
344 1921 391 1945 the
405 1921 466 1950 law,

211 1954 247 1979 he
260 1955 327 1979 does
338 1953 359 1979 it
368 1954 477 1986 subject

212 1992 242 2013 to
255 1988 302 2013 the
316 1987 460 2013 condition

213 2022 245 2046 of
254 2021 405 2054 observing
419 2021 466 2046 the

212 2055 266 2080 law
280 2055 311 2081 of
321 2055 394 2082 God.

215 2317 302 2342 Rules
316 2316 357 2342 sor
370 2315 418 2342 the

213 2351 353 2382 guidance
367 2351 399 2376 of

210 2385 313 2416 judges
327 2384 354 2409 in

213 2418 343 2444 doubtful
356 2427 441 2444 cases.

880 173 1084 207 R1cARD1
1116 175 1416 207 ARMACHANI
1865 166 1966 225 [Lm.
1989 180 2046 209 1v.

501 287 545 311 eo
569 288 657 312 casu
681 288 886 322 congruum
912 279 1117 314 remedium
1143 280 1333 324 adhibere,
1352 280 1381 314 si
1408 286 1541 325 potest,
1562 280 1710 325 scilicet,
1729 281 1942 328 falsi-[4013

499 340 615 369 tatem
634 347 698 370 seu
716 337 1011 372 fraudulenciam
1030 338 1242 382 detegendo
1267 339 1336 373 sub
1359 338 1465 383 penis
1484 350 1576 383 quas
1600 339 1827 374 comminare

499 393 632 437 poterit
649 405 692 428 ac
711 395 864 430 cautelis
883 396 1081 439 adhibitis;
1110 396 1204 431 sicut
1220 397 1395 431 Salomon
1414 397 1545 431 doctus
1564 397 1638 441 egit
1656 396 1827 432 rimando
1843 408 1859 438 3
1877 400 1958 441 Reg.
1979 400 2024 433 iii.

499 451 647 486 caucius
673 452 776 487 cuius
800 453 956 488 duarum
980 455 1184 498 mulierum,
1204 455 1302 489 circa
1325 454 1475 488 unicum
1502 455 1616 488 filium
1638 466 1761 489 coram
1783 467 1826 489 eo
1844 442 1959 484 16‘27·

500 510 821 553 contendencium,
840 512 935 546 filius
954 512 1061 547 unius
1083 519 1170 554 erat,
1190 519 1225 547 et
1244 512 1349 546 sicud
1368 519 1517 546 sanctus
1538 512 1673 547 Daniel
1697 513 1770 556 egit
1789 513 1826 547 in
1841 523 1857 554 5

499 579 611 602 causa
636 568 843 613 Su*sanne,
862 577 898 604 et
916 569 1020 605 sicuti
1039 571 1084 605 de
1103 571 1264 615 quodam
1286 570 1382 605 iusto
1407 582 1492 614 rege
1515 577 1624 615 atque
1648 572 1827 615 prudente
1840 576 1921 605 41A

499 632 645 669 gestum
672 627 796 661 audivi
815 629 913 672 quod
938 635 1013 663 tres
1039 635 1152 663 testes
1179 629 1401 663 subornatos
1425 629 1476 663 ita
1500 629 1547 662 de
1565 629 1724 663 falsitate
1743 641 1828 663 con-

497 683 606 719 vicit:
650 684 810 729 primum
849 686 1101 721 examinatum
1142 693 1283 722 secrete
1325 686 1448 721 dicere
1489 687 1575 721 fecit
1617 686 1829 721 oracionem

499 742 726 777 dominicam
758 744 940 779 secrecius
971 756 1095 779 coram
1126 757 1195 787 eo3
1236 745 1400 779 secundo
1426 756 1514 779 vero
1540 752 1672 779 vocato
1702 745 1735 779 ei
1770 757 1827 780 ex-

498 800 632 844 pressit
658 802 758 846 quod
784 802 924 847 primus
950 803 1180 838 examinatus
1211 803 1280 837 sibi
1307 804 1429 837 retulit
1459 803 1616 837 solidam
1634 803 1827 838 veritatem
1844 817 1882 838 10

499 858 604 893 sicud
628 871 711 894 eam
737 860 850 895 habet
876 861 1111 896 dominicalis
1133 861 1268 904 oracio,
1297 867 1332 895 et
1363 861 1433 895 nisi
1465 861 1544 905 ipse
1572 861 1709 906 pariter
1735 861 1827 896 veri-

498 923 614 951 tatem
643 919 861 962 exprimeret
890 918 939 953 illi
963 931 1029 964 per
1053 931 1230 954 coronam
1258 931 1364 953 suam
1390 930 1502 964 quam
1529 919 1646 963 gessit
1672 920 1830 954 asseruit

498 975 597 1019 quod
621 982 819 1021 antequam
846 978 968 1012 cibum
995 984 1161 1022 gustaret
1188 977 1410 1022 supplicium
1438 977 1663 1019 sustineret3
1696 978 1829 1022 quibus

497 1033 632 1068 auditis
656 1034 716 1069 ille
741 1035 926 1069 secundus
949 1037 1087 1070 claram
1105 1035 1298 1070 veritatem
1323 1035 1469 1079 negocii
1488 1036 1534 1070 de
1551 1047 1625 1081 quo
1649 1036 1829 1080 agebatur

497 1092 698 1136 expressit3
727 1099 763 1128 et
789 1093 922 1128 tercius
951 1105 995 1128 ex
1021 1094 1153 1129 eadem
1183 1094 1477 1129 comminacione
1503 1093 1717 1138 perterritus
1743 1101 2041 1139 cumperterritur

497 1150 660 1184 secundo
686 1151 881 1186 veritatem
911 1164 976 1197 per
1001 1152 1126 1186 omnia
1151 1151 1382 1197 propalavit3
1410 1158 1446 1186 et
1470 1151 1522 1186 sic
1545 1152 1705 1196 primum
1728 1152 1824 1187 falsi·
1840 1150 1871 1176 B.

497 1207 622 1242 dicum
651 1209 940 1254 condempnavit
970 1217 1005 1244 et
1036 1210 1271 1245 innocentem
1299 1210 1486 1255 quendam
1521 1210 1729 1255 simplicem
1764 1211 1826 1256 qui
1839 1210 2004 1251 condemp-

497 1277 608 1311 super
633 1267 741 1302 bonis
767 1280 833 1313 per
858 1269 1046 1313 quendam
1069 1275 1260 1313 potentem
1283 1268 1400 1302 fuerat
1424 1268 1613 1313 impetitus
1639 1268 1827 1304 mediante
1839 1259 1972 1284 narum
1988 1262 2019 1286 B·

497 1324 641 1359 iusticia
658 1325 839 1361 liberavit.
889 1328 1029 1361 Verum
1048 1327 1077 1361 si
1096 1327 1204 1361 iudex
1227 1338 1458 1371 suppremus,
1479 1326 1509 1361 si
1528 1327 1577 1361 ad
1601 1338 1685 1361 euin
1709 1338 1825 1372 nego-

497 1382 594 1417 cium
613 1383 661 1418 sit
677 1384 891 1429 deductum,
910 1386 1011 1419 nullo
1032 1385 1145 1419 modo
1167 1385 1299 1430 poterit
1321 1384 1521 1419 salsitatem
1545 1384 1728 1430 detegere,
1748 1385 1825 1420 sive
1840 1398 1880 1420 20

497 1440 544 1475 sit
572 1443 844 1478 ecclesiasticus
875 1443 952 1478 sive
979 1443 1106 1485 laicus,
1135 1450 1170 1477 et
1196 1443 1334 1488 pariter
1359 1443 1464 1477 sicud
1490 1443 1629 1488 primus
1656 1443 1826 1478 fraudem

497 1500 676 1544 agnoscit,
712 1501 823 1536 debet
856 1501 1007 1536 omnino
1040 1501 1185 1536 differre
1222 1501 1398 1536 iudicium
1434 1501 1487 1546 (ut
1520 1501 1633 1536 michi
1666 1501 1825 1546 videtur)

497 1565 648 1603 propter
664 1559 834 1594 raciones
853 1559 1048 1604 predictas,
1069 1559 1242 1605 quoniam
1260 1559 1382 1594 minus
1404 1566 1459 1594 est
1477 1559 1644 1605 iniquum
1662 1567 1826 1595 actorem
1839 1561 1959 1592 mz'cz'us
1975 1567 2007 1594 Β.

498 1628 623 1651 carere
650 1629 694 1652 eo
721 1618 821 1662 quod
847 1618 1098 1653 fraudulenter
1127 1624 1162 1652 et
1189 1617 1302 1663 impie
1329 1624 1483 1652 conatur
1505 1618 1694 1663 acquirere
1715 1629 1826 1663 quam

498 1675 636 1710 iustum
651 1675 883 1711 defensorem
898 1676 1004 1711 bonis
1020 1676 1094 1710 suis
1109 1683 1237 1711 contra
1252 1677 1372 1721 legem
1385 1675 1457 1711 Dei
1473 1676 1520 1711 ab
1535 1676 1645 1721 impio
1664 1676 1823 1721 spoliari.
1839 1690 1877 1722 25

548 1735 637 1768 IOH.
666 1733 764 1779 Quid
784 1734 814 1769 si
833 1734 1039 1769 iuramento
1063 1734 1109 1769 sit
1134 1734 1194 1769 ille
1221 1746 1439 1779 suppremus
1465 1735 1513 1769 ad
1540 1734 1824 1770 observanciam

497 1792 588 1836 legis
607 1792 779 1827 astrictus
796 1794 809 1827 ?
834 1799 932 1836 tunc,
953 1792 982 1828 si
1002 1793 1164 1827 iudicare
1183 1793 1330 1834 omittit,
1351 1793 1501 1827 incurrit
1520 1792 1731 1838 periurium.

544 1851 632 1885 RIC.
658 1851 790 1885 Tacita
816 1851 986 1885 condicio
1010 1851 1047 1885 in
1071 1851 1173 1885 omni
1198 1851 1411 1895 intelligitur
1433 1851 1652 1894 iuramento,
1674 1851 1825 1894 scilicet,

497 1914 536 1942 ut
570 1909 692 1953 legem
730 1909 801 1944 Dei
837 1909 915 1944 eius
951 1908 1193 1944 observancia
1226 1921 1300 1943 non
1334 1909 1521 1953 offendat3
1551 1920 1621 1954 que
1655 1909 1824 1943 condicio

496 1967 619 2002 locum
638 1968 751 2002 habet
778 1967 814 2002 in
840 1979 928 2002 casu
954 1968 1127 2013 presenti,
1154 1974 1189 2002 et
1216 1967 1300 2002 ideo
1327 1968 1364 2001 in
1392 1979 1435 2002 eo
1462 1979 1550 2002 casu
1577 1967 1823 2003 iuramentum
1837 1979 1879 2010 30

497 2037 573 2060 non
607 2026 757 2070 obligat.
825 2027 973 2061 Poterat
1007 2026 1108 2060 enim
1146 2027 1261 2071 lepte,
1296 2033 1380 2071 post
1415 2033 1542 2061 votum
1575 2026 1751 2061 emissum
1786 2026 1823 2060 in

498 2095 633 2129 genere
652 2085 749 2130 quod
769 2084 929 2130 primum
947 2085 994 2120 de
1018 2084 1094 2119 suis
1114 2084 1213 2129 quod
1231 2084 1263 2119 ei
1282 2091 1489 2120 occurreret
1508 2084 1635 2119 victori
1655 2084 1825 2119 redeunti

500 2143 546 2177 de
564 2143 679 2187 prelio
700 2143 863 2177 Domino
882 2143 1102 2186 immolaret,
1122 2143 1245 2187 quoad
1266 2143 1377 2177 filiam
1403 2155 1509 2177 suam
1532 2142 1680 2177 unicam
1699 2154 1824 2177 occur-

499 2208 642 2236 rentem
661 2208 787 2236 sancte
806 2201 1038 2244 rescindere3
1065 2208 1100 2236 et
1120 2201 1170 2235 ita
1188 2201 1367 2245 potuisset
1388 2202 1559 2236 Herodes
1578 2201 1822 2235 iuramentum

499 2259 676 2294 emissum
700 2260 735 2295 in
757 2271 893 2304 genere
919 2259 1127 2302 rescidisse,
1151 2271 1198 2294 ne
1227 2260 1432 2294 Iohannem
1459 2259 1496 2293 in
1523 2271 1670 2294 carcere
1697 2259 1820 2294 decol-
1835 2266 1874 2297 35

497 2319 622 2353 lasset.
673 2318 735 2353 Sic
754 2318 900 2352 videtur
917 2318 1115 2362 agendum,
1135 2318 1284 2362 quando
1303 2329 1432 2352 omnes
1457 2317 1663 2362 superiores
1682 2318 1822 2352 iudices

497 2377 635 2412 habent
671 2377 871 2412 scienciam
906 2383 1046 2411 certam
1082 2377 1128 2411 de
1161 2377 1300 2411 fraude.
1350 2376 1389 2411 Si
1425 2388 1514 2411 vero
1549 2377 1648 2410 solus
1682 2375 1823 2420 primus

497 2436 608 2471 habet
634 2435 833 2471 scienciam
854 2435 1005 2478 fraudis,
1030 2441 1118 2469 tunc
1139 2441 1201 2469 aut
1227 2434 1462 2469 immediatus
1480 2434 1528 2468 illi
1548 2435 1597 2468 ad
1622 2446 1734 2479 quem
1761 2435 1822 2468 de-

495 2494 610 2529 fertur
627 2494 822 2537 negocium
848 2493 961 2528 habet
987 2494 1034 2528 de
1058 2492 1214 2527 falsitate
1241 2492 1513 2527 conscienciam
1539 2499 1689 2537 propter
1715 2492 1820 2526 infor-

496 2553 706 2587 macionem
733 2553 851 2586 solam
877 2557 1070 2596 acceptam
1099 2563 1121 2585 a
1147 2551 1276 2596 primo,
1308 2557 1370 2585 aut
1399 2562 1473 2585 non
1503 2551 1627 2585 habet.
1678 2549 1716 2585 Si
1746 2561 1818 2584 non
1834 2559 1875 2588 40

494 2612 619 2654 habet,
650 2616 771 2655 potest
797 2609 890 2644 iuste
916 2610 1077 2654 proferre
1107 2609 1362 2653 sentenciam3
1393 2609 1422 2643 si
1452 2609 1573 2652 habet,
1600 2609 1671 2642 hoc
1696 2614 1819 2653 potest

496 2669 641 2704 evenire
668 2668 874 2713 dupliciter,
904 2674 967 2702 aut
996 2667 1106 2701 nimis
1135 2666 1264 2702 leviter
1294 2674 1356 2702 aut
1381 2667 1592 2712 prudenter.
1644 2667 1682 2701 Si
1709 2665 1820 2700 nimis

496 2726 634 2770 leviter,
654 2731 692 2760 ut
711 2725 747 2760 in
766 2737 853 2760 casu
873 2725 908 2759 in
927 2736 1000 2770 quo
1017 2736 1091 2758 non
1111 2724 1202 2759 satis
1221 2723 1369 2759 discutit
1388 2724 1645 2759 condicionem
1661 2723 1818 2766 testium,

497 2791 584 2831 quot
605 2791 687 2819 sunt
706 2790 741 2819 et
760 2783 877 2828 qualis
897 2789 979 2817 sunt
1006 2783 1113 2826 fame,
1141 2782 1201 2828 qui
1229 2783 1321 2817 forte
1348 2789 1399 2817 tot
1427 2789 1511 2817 sunt
1537 2794 1580 2817 ac
1606 2782 1689 2817 talis
1715 2782 1816 2816 fame
