2008 3305
211 229 297 258 CAP.
321 215 405 273 111.]
698 227 841 258 LrssER
874 226 1097 258 TERTIUS.
1734 225 1809 255 221

101 341 194 383 760]
209 339 284 377 cise
300 352 310 385 ς
341 345 377 376 et
407 339 528 376 Hebr.
548 338 618 375 viii.
642 341 663 375 6
695 339 786 376 dicit
814 339 920 388 quod
951 338 1123 376 Christus
1153 338 1279 374 melius
1307 337 1457 374 sortitus
1484 340 1537 373 est

207 410 449 446 minz'sterz'um
489 420 606 458 quam
644 409 863 446 sacerdotes
902 408 1052 446 Veteris
1093 408 1345 445 Testamenti.
1416 407 1535 444 Aliter
1547 413 1660 472 ῗέἓέἰὲῖ
1671 412 1783 472 {Zafflfjs

207 479 310 517 enim
340 491 420 516 non
450 485 550 516 esset
569 490 699 515 verum
728 479 834 528 quod
855 477 1029 516 Christus
1058 478 1273 515 humiliavit
1289 482 1394 514 semel
1415 479 1533 526 ipsum
1549 480 1660 506 Fatber·

190 550 330 599 factus
349 549 519 594 obediens,
524 549 699 598 sormam
712 551 815 585 servi
829 550 1018 597 accipiens,
1039 555 1079 585 ut
1096 548 1185 585 dicit
1209 548 1418 597 apostolus,
1440 548 1535 585 Phil.

174 619 242 662 5ii.
268 628 286 666 7
302 631 312 665 ;
342 630 458 656 nemo
491 619 594 656 enim
618 618 748 656 obedit
773 619 844 655 nisi
871 630 941 656 suo
972 618 1169 667 superiori.
1228 617 1403 655 Christus
1433 630 1536 667 ergo,

207 689 245 725 in
266 694 455 738 quantum
476 695 533 726 est
558 688 776 725 humanitas
797 701 872 738 que
899 689 951 725 sic
972 689 1095 734 servit,
1118 694 1174 725 est
1201 688 1328 725 minor
1352 687 1474 733 Patre,
1496 694 1537 724 ut

206 758 295 796 dicit
316 758 533 796 simbolum.
592 757 676 796 Nec
703 758 809 795 aliter
828 767 960 807 posset
984 770 1111 796 orasse
1133 757 1191 795 vel
1218 757 1352 795 fecisse
1381 757 1537 807 aliquod

206 841 305 878 opus
318 828 546 875 humanum,
559 829 666 877 quod
679 829 912 866 interimeret
926 840 1083 866 sensum
1100 828 1283 877 scripture
1298 835 1376 865 tam
1385 827 1537 865 Veteris

206 911 324 948 quam
354 898 457 936 Novi
487 898 740 936 Testamenti.
798 897 914 936 Unde
935 898 1018 936 Ioh.
1039 899 1116 935 xix.
1137 898 1289 944 clamat,
1304 897 1408 935 Deus
1428 911 1535 943 meus,

154 979 194 1001 10
206 968 310 1006 Deus
336 982 444 1014 meus,
475 974 517 1006 ut
542 970 636 1018 quid
657 982 710 1006 me
738 970 996 1017 dereliquisti?
1033 968 1286 1006 conformiter
1318 969 1367 1006 ad
1395 968 1536 1006 Psalm.

205 1040 281 1077 xxi.
315 1052 348 1085 2,
378 1039 426 1077 de
455 1038 541 1088 ipso
573 1039 778 1088 scripturn:
809 1038 924 1085 Deus,
954 1038 1059 1076 Deus
1088 1052 1195 1086 meus,
1227 1040 1362 1088 respice
1389 1040 1429 1075 z'n
1458 1052 1536 1083 me,-

204 1122 319 1158 quare
347 1122 400 1146 me
429 1101 688 1158 dereliquisti]³
743 1108 859 1147 Unde
888 1109 971 1147 Ioh.
996 1122 1060 1146 xx.
1095 1118 1140 1157 17
1163 1109 1256 1146 dicit
1286 1108 1535 1158 Magdalene,

215 1180 311 1217 Vade
330 1181 383 1216 ad
383 1180 540 1230 fratres
560 1192 652 1217 meos
680 1184 714 1216 et
738 1180 797 1216 dz'c
813 1181 877 1223 -ez's,
899 1180 1064 1216 Ascendo
1092 1180 1146 1216 ad
1169 1179 1326 1216 Patrem
1357 1192 1473 1216 meum
1502 1184 1538 1216 el

204 1250 361 1287 Patrem
390 1255 561 1296 vestrum,
592 1249 713 1287 Deum
744 1263 859 1287 meum
888 1254 921 1286 el
946 1249 1068 1287 Deum
1098 1254 1284 1287 vestrum:
1322 1262 1401 1288 non
1431 1251 1533 1288 enim

153 1333 191 1364 15
205 1320 361 1358 haberet
399 1320 532 1358 fratres
570 1320 628 1358 vel
667 1320 797 1358 Deum
836 1320 908 1357 nisi
948 1327 1046 1357 esset
1090 1320 1176 1358 Deo
1211 1321 1389 1358 serviens.
1448 1320 1536 1358 Nec.

1425 1389 1443 1410 *
1474 1391 1533 1429 vel

157 1400 189 1428 D
205 1390 359 1428 doceret
397 1391 664 1439 exemplariter
703 1391 787 1440 quis
827 1390 1103 1439 discipulorum
1137 1397 1236 1428 esset
1270 1391 1393 1428 maior

204 1460 356 1510 dignior
374 1461 473 1498 inter
501 1473 636 1499 omnes
665 1474 734 1510 per
764 1461 837 1498 hoc
859 1461 964 1509 quod
985 1460 1081 1498 Mat.
1102 1473 1165 1497 xx.
1189 1464 1330 1507 25-28‚
1354 1460 1475 1499 Marc.
1497 1474 1532 1499 x.

205 1541 337 1579 42-45
358 1537 395 1568 et
415 1530 509 1569 Luc.
530 1532 619 1568 xxii.
643 1544 661 1568 2
669 1542 743 1580 5-2
753 1540 785 1579 7,
807 1531 1008 1577 interserit,
1031 1531 1138 1581 quod
1157 1531 1336 1569 humilior
1356 1544 1400 1569 ac
1421 1533 1533 1569 mini-

204 1602 391 1640 strativior
402 1602 519 1638 instar
534 1602 592 1639 sui
607 1602 653 1639 sit
670 1602 709 1638 in
725 1601 939 1651 principatu
954 1602 1150 1650 regiminis
1170 1602 1532 1651 preponderandus:

153 1689 193 1711 20
205 1684 275 1709 nec
309 1672 516 1721 precipuus
551 1671 690 1709 Christi
719 1672 880 1709 vicarius
908 1679 1106 1710 vocaretur
1138 1673 1373 1721 pertinenter
1405 1686 1535 1711 servus

203 1754 394 1779 servorum
403 1741 482 1779 Dez'
490 1742 562 1780 nisi
576 1742 669 1779 illud
682 1742 932 1779 ministerium
946 1742 1056 1780 fuerit
1071 1743 1108 1779 in
1125 1743 1248 1792 capite
1262 1744 1533 1793 exemplatum.

204 1812 254 1850 Et
283 1818 386 1861 patet
406 1825 523 1862 quam
542 1813 760 1850 inordinate
789 1813 967 1850 locuntur
987 1813 1144 1862 quidam
1175 1813 1353 1852 doctores
1373 1815 1437 1864 qui
1468 1827 1534 1852 ne-

203 1890 295 1932 gant
310 1895 445 1921 omnes
460 1883 553 1921 tales
568 1883 773 1932 scripturas
788 1883 834 1921 de
844 1883 1008 1929 Christo,
1018 1884 1252 1933 corrigentes
1266 1884 1534 1934 reduplicative

205 1954 311 2003 quod
333 1953 518 2000 Christus,
540 1953 755 1991 secundum
776 1953 883 2004 quod
904 1954 1035 2001 homo,
1057 1954 1126 1991 fuit
1147 1967 1292 2003 egenus
1314 1961 1351 1991 et
1372 1967 1532 2004 pauper,

155 2035 192 2066 25
206 2024 273 2061 sed
286 2036 364 2061 non
378 2023 446 2061 fuit
459 2036 607 2072 pauper
622 2023 680 2061 vel
700 2024 807 2061 aliter
827 2024 1046 2062 humanitus
1066 2025 1267 2063 virtuosus.
1299 2025 1408 2062 Talis
1423 2025 1534 2062 redu-

205 2094 366 2142 plicacio
388 2094 548 2132 includit
567 2094 830 2143 duplicitatem
849 2094 937 2132 Deo
954 2095 1148 2141 odibilem,
1159 2107 1249 2132 cum
1262 2095 1389 2143 logica
1407 2095 1534 2146 Scrip-

205 2171 288 2202 ture
309 2165 354 2201 sit
374 2164 531 2209 facilior,
552 2164 778 2210 sensualior,
800 2170 837 2202 et
856 2165 1005 2203 rectior.
1066 2165 1275 2216 Supposita
1296 2177 1389 2214 ergo
1410 2165 1535 2215 logica

205 2234 380 2279 veritatis,
415 2234 628 2272 secundum
662 2234 941 2283 professionem
972 2236 1011 2272 in
1049 2236 1237 2286 principio
1271 2236 1383 2285 primi
1421 2236 1534 2273 huius

205 2304 355 2350 factam,
377 2311 481 2353 patet
505 2317 552 2341 ex
582 2304 722 2342 Christi
747 2305 962 2343 ministerio
992 2313 1029 2343 et
1058 2307 1241 2357 dignitate
1262 2319 1339 2357 qua
1365 2307 1535 2356 precellit

152 2392 194 2423 30
206 2375 366 2424 angelos
381 2373 520 2427 (Hebr.
537 2376 559 2413 i.
575 2374 616 2426 4>
630 2375 737 2424 quod
756 2376 803 2413 sit
823 2376 996 2413 minister
1008 2377 1294 2415 efficacissimus
1315 2377 1388 2414 Dei
1409 2378 1476 2424 sui,
1486 2390 1533 2415 eo

206 2445 311 2495 quod
331 2458 398 2495 per
418 2458 529 2483 suum
543 2446 722 2483 meritum
734 2457 814 2483 non
828 2446 952 2483 solum
967 2458 1091 2495 genus
1112 2447 1326 2485 humanum
1342 2448 1534 2497 perficitur

206 2516 272 2553 sed
288 2516 409 2554 eciam
422 2522 525 2554 totus
544 2516 724 2554 mundus.
773 2516 856 2554 Nec
871 2524 927 2554 est
944 2517 1221 2555 inconveniens
1235 2514 1300 2555 sed
1317 2531 1534 2557 consonum

374 2597 413 2622 16.
434 2598 504 2622 esset
516 2596 593 2623 AC:
612 2596 652 2621 sit
665 2596 696 2622 B.
1040 2599 1078 2623 18.
1100 2598 1195 2624 xxiz'.:
1216 2598 1296 2624 codd.
1314 2599 1366 2626 21⁰.

445 2667 475 2697 9.
500 2658 570 2689 Ioh.
588 2658 660 2689 xix.
675 2668 682 2689 ε
706 2658 826 2690 Matth.
844 2658 942 2689 xxvii.
961 2658 1015 2698 46,
1033 2669 1069 2690 or
1084 2660 1168 2692 Mar.
1187 2670 1237 2691 xv.
1253 2669 1304 2701 34.

427 2715 476 2748 17.
501 2708 551 2739 Cf.
568 2710 609 2740 de
626 2709 685 2740 civ.
703 2710 803 2740 Dom.
821 2709 840 2740 i.
861 2718 896 2739 11
916 2720 972 2751 pp.
992 2717 1030 2750 75
1046 2721 1132 2752 seqq.

428 2769 477 2791 20.
503 2759 548 2791 So
571 2760 663 2799 ibid„
681 2761 731 2791 ch.
753 2769 792 2801 14
809 2771 865 2802 pp.
888 2770 949 2791 100
965 2771 1032 2803 seq.

428 2810 478 2840 28.
503 2808 617 2850 Supra,
635 2809 692 2840 lib.
710 2809 730 2840 i.
751 2810 846 2851 prol„
864 2821 895 2852 p.
914 2819 940 2841 Ι.
