2095 3278
27 231 110 261 CAP.
134 219 306 273 xxxin]
579 229 643 260 DE
677 228 918 262 PAUPERIE
952 228 1266 261 SALVATORIS.
1754 224 1837 268 429

127 331 225 373 37A]
239 337 276 367 et
302 331 556 377 inpignoracio
573 331 688 376 accio,
706 338 817 377 atque
835 332 1016 376 vendicio,
1035 332 1155 367 eciam
1178 331 1329 374 locacio,
1348 336 1384 365 et
1402 329 1455 365 eis
1473 340 1561 365 con-

240 389 390 432 similes,
411 395 495 423 sunt
513 401 596 424 vere
623 396 726 424 actus
753 389 907 424 dominii
931 396 966 424 et
987 401 1072 424 vere
1098 388 1263 424 dominio
1289 387 1458 432 originali
1477 398 1562 422 con-

239 447 399 490 veniunt,
423 446 507 481 licet
533 448 579 481 de
605 447 713 489 facto,
735 454 884 492 propter
909 448 1115 482 carenciam
1141 457 1381 491 personarum
1408 445 1444 479 in
1471 455 1563 489 quas

240 510 345 538 actus
371 504 440 549 ipsi
466 504 625 539 exerceri
651 511 803 549 possent
829 511 892 539 aut
918 511 1086 549 possunt,
1104 516 1173 539 nec
1191 510 1277 538 tunc
1303 509 1472 548 poterant
1494 513 1564 537 nec

208 576 225 608 5
240 562 383 606 possint
401 563 447 597 ab
466 561 634 606 originali
654 562 817 596 dominio
835 563 1037 606 procedere
1056 564 1093 596 in
1112 561 1286 606 presenti.

289 621 377 654 IOH.
404 619 626 654 Vendicioni
645 631 757 664 quam
776 619 941 654 dominio
959 619 1127 664 originali
1152 618 1306 654 ascribis
1329 618 1401 653 hoc
1419 617 1565 652 videtur
1577 626 1619 654 Of
1629 625 1739 660 sening.

0 710 1 740 1
239 677 429 721 obsistere,
443 677 543 722 quod
561 677 650 711 illud
668 677 875 711 dominium
892 689 966 711 non
984 683 1128 721 poterat
1145 676 1195 711 rei
1211 677 1429 721 cuiusquam
1447 683 1564 710 trans-

239 735 322 770 ferri
352 735 390 769 in
420 740 635 779 emptorem,
666 734 784 779 qualis
815 734 970 769 dominii
1000 734 1199 769 translacio
1228 734 1277 769 ad
1306 733 1565 769 vendicionem

0 771 2 854 ff
239 791 383 827 videtur
399 792 610 827 necessario
628 791 822 836 pertinere.
840 807 853 819 ν

0 859 2 900 l
18 859 138 900 (θήρῃ
148 864 219 899 gese
287 851 373 884 RIC.
398 850 580 884 Vendicio
605 862 628 884 a
650 861 787 884 venum
811 851 941 892 Grece,
961 850 1060 894 quod
1086 855 1142 884 est
1160 849 1291 884 venale
1308 848 1407 894 apud
1432 859 1511 891 nos,
1528 854 1566 883 et

0 904 2 916 ⁴
25 909 52 933 M
240 907 329 941 dare
353 907 466 942 verbo
493 907 706 951 descendit;
746 908 845 942 unde
873 907 1041 942 vendicio
1070 907 1169 942 idem
1199 906 1301 952 quod
1331 905 1566 941 venundacio

239 965 346 999 nobis
379 965 513 1010 signat,
547 965 577 1000 si
611 966 764 1000 verbum
798 966 920 1010 ipsum
953 977 1086 1010 purum
1120 976 1270 999 sensum
1304 964 1358 999 sui
1391 962 1564 1008 primitivi

239 1023 416 1058 retineat:
443 1029 479 1057 et
505 1024 552 1057 ob
579 1024 649 1058 hoc
676 1023 796 1058 verior
819 1029 855 1058 et
881 1023 1000 1067 magis
1026 1023 1170 1068 proprie
1197 1022 1295 1058 dicta
1320 1021 1492 1057 vendicio
1519 1021 1565 1055 sit

240 1092 298 1115 res
324 1081 446 1125 quoad
471 1082 677 1116 naturalem
702 1081 977 1126 possessionem
1003 1087 1131 1115 mutuo
1154 1091 1267 1126 quam
1288 1080 1412 1125 quoad
1438 1090 1566 1113 earum

189 1147 225 1177 15
241 1138 448 1173 dominium
465 1138 614 1183 aliquod
632 1139 910 1182 transferend03
937 1150 1006 1174 nec
1030 1138 1122 1173 alias
1146 1144 1245 1173 esset
1262 1137 1434 1172 vendicio
1460 1143 1566 1172 actus

240 1195 391 1230 dominii
422 1196 498 1231 sive
528 1208 614 1231 usus
645 1196 760 1240 ipsius
790 1196 890 1230 iuxta
919 1195 1085 1231 raciones
1115 1195 1327 1241 premissas.
1378 1194 1493 1230 Unde
1522 1206 1567 1229 ex

240 1253 312 1288 hiis
330 1264 400 1298 que
419 1254 466 1288 de
484 1254 701 1288 donacionis
725 1260 810 1288 actu
837 1265 948 1298 supra
973 1254 1130 1298 probato
1156 1259 1239 1288 sunt
1263 1253 1363 1287 dicta
1379 1253 1426 1288 de
1443 1251 1566 1287 vendi-

241 1311 348 1346 cione
366 1318 401 1346 et
419 1311 612 1356 empcione
630 1311 860 1346 convincitur
873 1311 973 1357 quod
988 1323 1073 1346 vere
1084 1318 1123 1346 et
1139 1311 1283 1356 proprie
1301 1317 1428 1346 nostro
1446 1310 1566 1355 primo

240 1369 384 1414 parenti
414 1381 459 1404 ex
489 1381 555 1404 suo
584 1369 754 1413 originali
782 1369 948 1404 dominio
978 1370 1239 1414 competebant
1271 1368 1350 1403 sine
1379 1368 1433 1403 sui
1463 1367 1567 1402 abdi-

24 1445 131 1476 supra,
148 1445 206 1477 pp,
240 1427 403 1469 cacione,
422 1427 517 1462 sicut
542 1427 642 1472 prius
670 1434 749 1462 erat
775 1434 966 1462 ostensum
993 1428 1093 1472 quod
1118 1427 1169 1461 hii
1195 1434 1300 1462 actus
1322 1426 1568 1462 donacionem

26 1487 88 1520 319
101 1488 167 1520 seq·
241 1485 427 1530 duplicem
444 1486 686 1530 importantes
707 1487 789 1520 Deo
807 1486 1043 1520 conveniunt.

195 1547 226 1576 B
292 1545 380 1578 IOH.
400 1545 458 1578 De
474 1544 666 1588 empcione
680 1556 754 1579 non
770 1544 878 1579 video
893 1544 994 1589 quod
1009 1544 1056 1579 sit
1068 1545 1090 1568 ³1*
1101 1551 1204 1578 actus
1218 1542 1386 1586 dominii,
1399 1542 1570 1588 quamvis
1583 1549 1624 1577 Os
1632 1550 1750 1585 buying.

242 1608 454 1646 competere
481 1601 599 1646 potuit
624 1602 707 1637 Ade
733 1613 776 1637 ex
803 1613 869 1636 suo
895 1601 1061 1646 originali
1088 1602 1276 1645 domini03
1312 1613 1397 1636 cum
1423 1607 1570 1646 emptor

242 1670 308 1704 per
323 1659 555 1703 empcionem
574 1659 626 1694 rei
646 1659 851 1694 dominium
877 1659 945 1694 sibi
972 1659 1160 1704 acquirat:
1187 1660 1286 1694 unde
1310 1671 1384 1694 non
1403 1659 1569 1705 procedit

190 1728 264 1761 25a
290 1717 452 1751 dominio
478 1717 530 1752 rei
557 1724 681 1763 empte
706 1729 774 1752 nec
799 1718 847 1752 ab
874 1718 946 1752 alio
973 1717 1136 1752 dominio
1161 1717 1288 1762 previo
1316 1717 1352 1752 in
1379 1724 1567 1762 emptore3

241 1774 327 1819 quia
343 1775 456 1809 nichil
474 1776 546 1810 tale
564 1775 709 1810 videtur
727 1775 821 1820 exigi
840 1775 876 1809 in
895 1782 1071 1820 emptore,
1091 1787 1176 1810 cum
1193 1774 1366 1821 pauperis
1384 1775 1430 1810 sit
1447 1787 1570 1811 emere

242 1831 297 1876 (ut
314 1832 471 1877 videtur)
492 1833 620 1877 pocius
638 1845 750 1878 quam
768 1833 907 1868 domini
927 1845 992 1868 seu
1010 1833 1183 1878 potentis.

289 1891 377 1926 RIC.
396 1891 566 1935 Empcio,
580 1891 673 1926 sicut
683 1891 864 1935 vendicio,
874 1892 967 1926 duos
980 1898 1083 1926 actus
1096 1891 1281 1936 importat,
1295 1891 1446 1935 scilicet,
1458 1892 1569 1927 tradi-

242 1948 388 1983 cionem
413 1949 521 1983 unius
546 1949 598 1983 rei
622 1956 657 1984 et
682 1949 939 1994 recepcionem
965 1949 1125 1993 alterius,
1145 1955 1201 1984 set
1219 1949 1391 1985 vendicio
1417 1951 1571 1986 formale

188 2015 230 2048 30
243 2007 354 2041 habet
366 2006 402 2040 in
412 2018 522 2041 sensu
533 2007 778 2042 tradicionem
791 2014 826 2042 et
835 2014 1012 2042 connotat
1024 2007 1136 2052 precii
1147 2008 1404 2053 recepcionem
1416 2009 1463 2044 ab
1477 2009 1568 2053 alio3

242 2071 393 2100 econtra
410 2065 518 2110 plane
536 2066 689 2100 verbum
707 2066 911 2111 empcionis
938 2067 1123 2112 importat,
1142 2067 1292 2111 scilicet,
1310 2067 1570 2111 recepcionem

243 2135 415 2168 expresse
449 2130 484 2159 et
518 2124 764 2159 tradicionem
805 2125 1006 2170 implicite:
1049 2126 1149 2160 unde
1184 2126 1307 2170 quoad
1349 2125 1438 2160 illud
1471 2126 1571 2171 quod

11 2179 222 2232 1ίαῃηλχρν,
245 2182 399 2217 verbum
413 2181 617 2227 empcionis
635 2183 789 2217 formale
807 2183 921 2217 habet
939 2183 976 2217 in
995 2194 1117 2227 sensu,
1132 2195 1206 2218 non
1220 2190 1276 2219 est
1296 2183 1349 2228 (ut
1368 2183 1442 2218 iam
1460 2195 1572 2229 supra

29 2235 207 2283 01⁰·Bqu11
244 2239 508 2285 expressimus)
536 2240 681 2284 empcio
709 2251 773 2285 per
797 2251 837 2274 se
867 2247 970 2275 actus
998 2241 1176 2284 dominii;
1211 2249 1267 2277 set
1294 2242 1417 2287 quoad
1446 2248 1571 2276 actum

29 2282 218 2361 'gaexgg'szn‘
246 2298 476 2343 implicitum,
502 2309 569 2342 per
594 2309 703 2342 quem
729 2304 854 2332 actum
880 2298 1108 2343 quiscunque
1136 2306 1291 2344 emptor,
1318 2299 1469 2342 scilicet,
1495 2306 1571 2334 tra-

14 2344 162 2405 ,ίηιέᾱίῖιἾ
247 2355 370 2390 dendo
400 2367 478 2390 rem
507 2367 612 2390 suam
638 2367 704 2400 pro
735 2356 871 2401 precio,
896 2368 981 2391 vere
1007 2357 1046 2391 fit
1073 2357 1267 2393 venditor:
1299 2364 1335 2393 et
1365 2358 1418 2393 sic
1447 2357 1571 2393 minus

15 2405 135 2447 habet.
247 2415 354 2459 plene
371 2420 407 2448 et
425 2413 547 2448 minus
571 2413 718 2459 proprie
738 2414 792 2458 (ut
816 2420 856 2448 tu
878 2421 978 2449 recte
1005 2414 1193 2459 intelligis)
1214 2421 1270 2450 est
1294 2417 1440 2461 empcio
1465 2423 1571 2451 actus

15 2453 217 2526 *gItnf²1⁶3're⁶te
246 2471 413 2514 dominii,
432 2471 608 2519 quoniam
632 2472 754 2517 quoad
777 2472 931 2507 formale
954 2472 992 2507 in
1015 2472 1095 2517 ipsa
1113 2485 1135 2508 a
1152 2473 1317 2508 dominio
1337 2474 1391 2518 (ut
1409 2473 1570 2519 dixeras)

245 2531 345 2565 nullo
362 2529 538 2575 procedit.

292 2646 342 2679 39.
361 2637 434 2669 The
450 2637 607 2669 Bodleian
623 2638 825 2680 manuscript
840 2639 941 2671 hence
957 2639 1113 2680 proceeds
1129 2643 1161 2671 at
1178 2650 1259 2672 once
1274 2644 1309 2672 to
1327 2644 1334 2657 ⁶
1345 2641 1427 2673 IOH.
1454 2641 1574 2673 Fateor

247 2682 293 2712 ita
305 2680 386 2713 esse'
401 2683 448 2722 (p.
461 2690 535 2721 430,
548 2681 569 2713 1.
580 2682 647 2721 31),
658 2682 713 2713 the
727 2682 927 2723 intervening
937 2693 1075 2723 passage
1083 2683 1180 2724 being
1190 2683 1280 2715 there
1291 2684 1407 2724 placed
1420 2684 1453 2714 in
1465 2684 1485 2716 f.
1499 2692 1538 2724 37
1547 2693 1571 2715 D

248 2724 329 2756 after
347 2725 439 2755 ‘Deo
455 2725 536 2756 duce
559 2724 727 2756 ostendet?
773 2726 789 2755 I
813 2725 895 2757 have
912 2725 1065 2757 followed
1089 2734 1116 2756 M
1139 2727 1171 2756 in
1192 2727 1349 2768 inserting
1363 2727 1418 2758 the
1433 2738 1572 2768 passage

248 2768 342 2816 here,
359 2767 419 2816 and
446 2767 598 2808 supplied
625 2768 708 2799 from
732 2769 758 2799 it
781 2768 836 2800 the
862 2769 1000 2800 number
1021 2769 1058 2800 of
1077 2770 1131 2801 the
1159 2780 1229 2801 new
1253 2770 1386 2811 chapter
1408 2771 1516 2803 which
1544 2772 1572 2803 is

247 2817 390 2851 wantlng
407 2821 438 2841 ln
456 2818 486 2842 Β.
