<?xml version="1.0" encoding="UTF-8"?>
<!DOCTYPE html PUBLIC "-//W3C//DTD XHTML 1.0 Transitional//EN"
    "http://www.w3.org/TR/xhtml1/DTD/xhtml1-transitional.dtd">
<html xmlns="http://www.w3.org/1999/xhtml" xml:lang="en" lang="en">
 <head>
  <title>
</title>
<meta http-equiv="Content-Type" content="text/html;charset=utf-8" />
  <meta name='ocr-system' content='tesseract 3.04.00' />
  <meta name='ocr-capabilities' content='ocr_page ocr_carea ocr_par ocr_line ocrx_word'/>
</head>
<body>
  <div class='ocr_page' id='page_1' title='image "./dedominiodivinol00wycl_0194.png"; bbox 0 0 2008 3305; ppageno 0'>
   <div class='ocr_carea' id='block_1_1' title="bbox 157 199 237 255">
    <p class='ocr_par' dir='ltr' id='par_1_1' title="bbox 157 199 237 255">
     <span class='ocr_line' id='line_1_1' title="bbox 157 199 237 255; baseline 0 -15"><span class='ocrx_word' id='word_1_1' title='bbox 157 199 237 255; x_wconf 81' lang='lat'>138</span> 
     </span>
    </p>
   </div>
   <div class='ocr_carea' id='block_1_2' title="bbox 158 1252 390 1352">
    <p class='ocr_par' dir='ltr' id='par_1_2' title="bbox 158 1252 390 1352">
     <span class='ocr_line' id='line_1_2' title="bbox 158 1252 214 1278; baseline 0 0"><span class='ocrx_word' id='word_1_2' title='bbox 158 1252 214 1278; x_wconf 83' lang='lat' dir='ltr'>and</span> 
     </span>
     <span class='ocr_line' id='line_1_3' title="bbox 158 1284 379 1317; baseline -0.005 -6"><span class='ocrx_word' id='word_1_3' title='bbox 158 1295 186 1312; x_wconf 90' lang='lat' dir='ltr'>v.</span> <span class='ocrx_word' id='word_1_4' title='bbox 200 1285 231 1311; x_wconf 89' lang='lat' dir='ltr'>of</span> <span class='ocrx_word' id='word_1_5' title='bbox 241 1284 379 1317; x_wconf 85' lang='lat' dir='ltr'>anything</span> 
     </span>
     <span class='ocr_line' id='line_1_4' title="bbox 160 1318 390 1352; baseline -0.004 -7"><span class='ocrx_word' id='word_1_6' title='bbox 160 1319 253 1345; x_wconf 86' lang='lat' dir='ltr'>willed</span> <span class='ocrx_word' id='word_1_7' title='bbox 267 1319 304 1352; x_wconf 85' lang='lat' dir='ltr'>by</span> <span class='ocrx_word' id='word_1_8' title='bbox 318 1318 390 1345; x_wconf 89' lang='lat' dir='ltr'>God.</span> 
     </span>
    </p>
   </div>
   <div class='ocr_carea' id='block_1_3' title="bbox 832 195 1759 254">
    <p class='ocr_par' dir='ltr' id='par_1_3' title="bbox 832 195 1759 254">
     <span class='ocr_line' id='line_1_5' title="bbox 832 195 1759 254; baseline -0.004 -15"><span class='ocrx_word' id='word_1_9' title='bbox 832 208 898 240; x_wconf 89' lang='lat' dir='ltr'>DE</span> <span class='ocrx_word' id='word_1_10' title='bbox 930 206 1147 240; x_wconf 86' lang='lat' dir='ltr'>DoM1N10</span> <span class='ocrx_word' id='word_1_11' title='bbox 1178 206 1353 240; x_wconf 84' lang='lat' dir='ltr'>D1V1No</span> <span class='ocrx_word' id='word_1_12' title='bbox 1545 195 1650 254; x_wconf 85' lang='lat' dir='ltr'>[CAP.</span> <span class='ocrx_word' id='word_1_13' title='bbox 1674 206 1759 235; x_wconf 77' lang='lat' dir='ltr'>xvi.</span> 
     </span>
    </p>
   </div>
   <div class='ocr_carea' id='block_1_4' title="bbox 432 320 1880 2562">
    <p class='ocr_par' dir='ltr' id='par_1_4' title="bbox 432 320 1880 2562">
     <span class='ocr_line' id='line_1_6' title="bbox 432 320 1880 372; baseline -0.003 -13"><span class='ocrx_word' id='word_1_14' title='bbox 432 323 473 360; x_wconf 88' lang='lat' dir='ltr'>in</span> <span class='ocrx_word' id='word_1_15' title='bbox 493 322 580 360; x_wconf 89' lang='lat' dir='ltr'>Deo</span> <span class='ocrx_word' id='word_1_16' title='bbox 602 328 730 360; x_wconf 90' lang='lat' dir='ltr'>autem</span> <span class='ocrx_word' id='word_1_17' title='bbox 750 335 830 361; x_wconf 92' lang='lat' dir='ltr'>non</span> <span class='ocrx_word' id='word_1_18' title='bbox 850 329 906 361; x_wconf 88' lang='lat' dir='ltr'>est</span> <span class='ocrx_word' id='word_1_19' title='bbox 926 323 1082 372; x_wconf 85' lang='lat' dir='ltr'>aliquod</span> <span class='ocrx_word' id='word_1_20' title='bbox 1101 322 1322 360; x_wconf 88' lang='lat' dir='ltr'>absolutum</span> <span class='ocrx_word' id='word_1_21' title='bbox 1343 328 1467 371; x_wconf 88' lang='lat' dir='ltr'>preter</span> <span class='ocrx_word' id='word_1_22' title='bbox 1488 320 1763 365; x_wconf 83' lang='lat' dir='ltr'><strong>substanciam,</strong></span> <span class='ocrx_word' id='word_1_23' title='bbox 1781 322 1880 365; x_wconf 84' lang='lat' dir='ltr'><strong>[45D</strong></span> 
     </span>
     <span class='ocr_line' id='line_1_7' title="bbox 433 391 1766 442; baseline -0.002 -13"><span class='ocrx_word' id='word_1_24' title='bbox 433 393 541 429; x_wconf 88' lang='lat' dir='ltr'>multi</span> <span class='ocrx_word' id='word_1_25' title='bbox 580 399 724 442; x_wconf 84' lang='lat' dir='ltr'>negant</span> <span class='ocrx_word' id='word_1_26' title='bbox 760 393 992 430; x_wconf 78' lang='lat' dir='ltr'>relacionem</span> <span class='ocrx_word' id='word_1_27' title='bbox 1031 392 1251 430; x_wconf 88' lang='lat' dir='ltr'>huiusmodi</span> <span class='ocrx_word' id='word_1_28' title='bbox 1289 405 1372 430; x_wconf 89' lang='lat' dir='ltr'>esse</span> <span class='ocrx_word' id='word_1_29' title='bbox 1411 391 1639 437; x_wconf 87' lang='lat' dir='ltr'>scienciam;</span> <span class='ocrx_word' id='word_1_30' title='bbox 1670 391 1766 428; x_wconf 90' lang='lat' dir='ltr'>sicut</span> 
     </span>
     <span class='ocr_line' id='line_1_8' title="bbox 434 461 1767 512; baseline -0.002 -12"><span class='ocrx_word' id='word_1_31' title='bbox 434 463 567 501; x_wconf 88' lang='lat' dir='ltr'>dicunt</span> <span class='ocrx_word' id='word_1_32' title='bbox 587 463 692 512; x_wconf 93' lang='lat' dir='ltr'>quod</span> <span class='ocrx_word' id='word_1_33' title='bbox 722 464 849 500; x_wconf 90' lang='lat' dir='ltr'>omnis</span> <span class='ocrx_word' id='word_1_34' title='bbox 879 463 1005 500; x_wconf 89' lang='lat' dir='ltr'>divina</span> <span class='ocrx_word' id='word_1_35' title='bbox 1029 463 1294 512; x_wconf 63' lang='lat' dir='ltr'>intelligenda,</span> <span class='ocrx_word' id='word_1_36' title='bbox 1317 462 1495 508; x_wconf 85' lang='lat' dir='ltr'>sciencia,</span> <span class='ocrx_word' id='word_1_37' title='bbox 1515 461 1573 499; x_wconf 88' lang='lat' dir='ltr'>vel</span> <span class='ocrx_word' id='word_1_38' title='bbox 1592 461 1767 499; x_wconf 89' lang='lat' dir='ltr'>volencia</span> 
     </span>
     <span class='ocr_line' id='line_1_9' title="bbox 435 532 1867 582; baseline -0.001 -11"><span class='ocrx_word' id='word_1_39' title='bbox 435 540 492 571; x_wconf 88' lang='lat' dir='ltr'>est</span> <span class='ocrx_word' id='word_1_40' title='bbox 510 534 659 571; x_wconf 81' lang='lat' dir='ltr'>realiter</span> <span class='ocrx_word' id='word_1_41' title='bbox 688 534 796 571; x_wconf 90' lang='lat' dir='ltr'>Deus</span> <span class='ocrx_word' id='word_1_42' title='bbox 824 534 916 582; x_wconf 91' lang='lat' dir='ltr'>ipse.</span> <span class='ocrx_word' id='word_1_43' title='bbox 940 532 958 553; x_wconf 89' lang='lat'><em>*</em></span> <span class='ocrx_word' id='word_1_44' title='bbox 993 533 1069 571; x_wconf 88' lang='lat' dir='ltr'>Sed</span> <span class='ocrx_word' id='word_1_45' title='bbox 1099 545 1189 571; x_wconf 90' lang='lat' dir='ltr'>cum</span> <span class='ocrx_word' id='word_1_46' title='bbox 1218 533 1348 571; x_wconf 90' lang='lat' dir='ltr'>Deum</span> <span class='ocrx_word' id='word_1_47' title='bbox 1376 533 1469 570; x_wconf 91' lang='lat' dir='ltr'>velle</span> <span class='ocrx_word' id='word_1_48' title='bbox 1500 532 1628 570; x_wconf 90' lang='lat' dir='ltr'>datam</span> <span class='ocrx_word' id='word_1_49' title='bbox 1658 544 1764 569; x_wconf 91' lang='lat' dir='ltr'>crea·</span> <span class='ocrx_word' id='word_1_50' title='bbox 1779 539 1867 569; x_wconf 86' lang='lat' dir='ltr'>46A</span> 
     </span>
     <span class='ocr_line' id='line_1_10' title="bbox 432 602 1798 654; baseline -0.002 -13"><span class='ocrx_word' id='word_1_51' title='bbox 432 611 560 642; x_wconf 85' lang='lat' dir='ltr'>turam</span> <span class='ocrx_word' id='word_1_52' title='bbox 580 605 741 642; x_wconf 85' lang='lat' dir='ltr'>existere</span> <span class='ocrx_word' id='word_1_53' title='bbox 768 605 815 641; x_wconf 89' lang='lat' dir='ltr'>sit</span> <span class='ocrx_word' id='word_1_54' title='bbox 841 604 1086 654; x_wconf 85' lang='lat' dir='ltr'>contingens,</span> <span class='ocrx_word' id='word_1_55' title='bbox 1107 610 1144 642; x_wconf 92' lang='lat' dir='ltr'>et</span> <span class='ocrx_word' id='word_1_56' title='bbox 1173 605 1392 654; x_wconf 91' lang='lat' dir='ltr'>cuicunque</span> <span class='ocrx_word' id='word_1_57' title='bbox 1412 603 1557 641; x_wconf 89' lang='lat' dir='ltr'>veritati</span> <span class='ocrx_word' id='word_1_58' title='bbox 1577 602 1766 650; x_wconf 87' lang='lat' dir='ltr'>contingit</span> <span class='ocrx_word' id='word_1_59' title='bbox 1780 614 1798 646; x_wconf 88' lang='lat'>5</span> 
     </span>
     <span class='ocr_line' id='line_1_11' title="bbox 434 674 1767 724; baseline -0.002 -12"><span class='ocrx_word' id='word_1_60' title='bbox 434 675 483 713; x_wconf 89' lang='lat' dir='ltr'>ad</span> <span class='ocrx_word' id='word_1_61' title='bbox 520 682 652 712; x_wconf 92' lang='lat' dir='ltr'>votum</span> <span class='ocrx_word' id='word_1_62' title='bbox 683 687 829 712; x_wconf 91' lang='lat' dir='ltr'>nomen</span> <span class='ocrx_word' id='word_1_63' title='bbox 862 675 1077 724; x_wconf 87' lang='lat' dir='ltr'>imponere,</span> <span class='ocrx_word' id='word_1_64' title='bbox 1112 680 1352 724; x_wconf 79' lang='lat' dir='ltr'>supponatur</span> <span class='ocrx_word' id='word_1_65' title='bbox 1390 674 1640 712; x_wconf 88' lang='lat' dir='ltr'>conformiter</span> <span class='ocrx_word' id='word_1_66' title='bbox 1677 685 1767 711; x_wconf 89' lang='lat' dir='ltr'>cum</span> 
     </span>
     <span class='ocr_line' id='line_1_12' title="bbox 434 743 1768 795; baseline -0.001 -13"><span class='ocrx_word' id='word_1_67' title='bbox 434 746 599 795; x_wconf 84' lang='lat' dir='ltr'>antiquis</span> <span class='ocrx_word' id='word_1_68' title='bbox 621 746 727 795; x_wconf 93' lang='lat' dir='ltr'>quod</span> <span class='ocrx_word' id='word_1_69' title='bbox 756 746 881 783; x_wconf 89' lang='lat' dir='ltr'>omnis</span> <span class='ocrx_word' id='word_1_70' title='bbox 910 746 995 783; x_wconf 91' lang='lat' dir='ltr'>talis</span> <span class='ocrx_word' id='word_1_71' title='bbox 1025 746 1254 794; x_wconf 85' lang='lat' dir='ltr'>contingens</span> <span class='ocrx_word' id='word_1_72' title='bbox 1283 745 1421 783; x_wconf 83' lang='lat' dir='ltr'>veritas</span> <span class='ocrx_word' id='word_1_73' title='bbox 1450 745 1496 782; x_wconf 91' lang='lat' dir='ltr'>sit</span> <span class='ocrx_word' id='word_1_74' title='bbox 1525 743 1665 782; x_wconf 89' lang='lat' dir='ltr'>volicio</span> <span class='ocrx_word' id='word_1_75' title='bbox 1694 744 1768 782; x_wconf 91' lang='lat' dir='ltr'>dis-</span> 
     </span>
     <span class='ocr_line' id='line_1_13' title="bbox 435 814 1769 854; baseline -0.001 -1"><span class='ocrx_word' id='word_1_76' title='bbox 435 817 553 854; x_wconf 88' lang='lat' dir='ltr'>tincta</span> <span class='ocrx_word' id='word_1_77' title='bbox 573 816 782 854; x_wconf 86' lang='lat' dir='ltr'>formaliter</span> <span class='ocrx_word' id='word_1_78' title='bbox 802 823 938 854; x_wconf 91' lang='lat' dir='ltr'>contra</span> <span class='ocrx_word' id='word_1_79' title='bbox 966 815 1106 854; x_wconf 91' lang='lat' dir='ltr'>Deum.</span> <span class='ocrx_word' id='word_1_80' title='bbox 1163 816 1235 854; x_wconf 90' lang='lat' dir='ltr'>Est</span> <span class='ocrx_word' id='word_1_81' title='bbox 1264 816 1402 853; x_wconf 90' lang='lat' dir='ltr'>iterum</span> <span class='ocrx_word' id='word_1_82' title='bbox 1431 815 1590 854; x_wconf 87' lang='lat' dir='ltr'>ulterior</span> <span class='ocrx_word' id='word_1_83' title='bbox 1618 814 1769 852; x_wconf 85' lang='lat' dir='ltr'>famosa</span> 
     </span>
     <span class='ocr_line' id='line_1_14' title="bbox 435 885 1769 935; baseline -0.002 -10"><span class='ocrx_word' id='word_1_84' title='bbox 435 887 636 933; x_wconf 84' lang='lat' dir='ltr'>dissensio,</span> <span class='ocrx_word' id='word_1_85' title='bbox 656 894 698 924; x_wconf 92' lang='lat' dir='ltr'>ut</span> <span class='ocrx_word' id='word_1_86' title='bbox 724 887 905 925; x_wconf 90' lang='lat' dir='ltr'>dominus</span> <span class='ocrx_word' id='word_1_87' title='bbox 925 886 1193 924; x_wconf 88' lang='lat' dir='ltr'>Ardrnacanus</span> <span class='ocrx_word' id='word_1_88' title='bbox 1223 899 1311 925; x_wconf 91' lang='lat' dir='ltr'>cum</span> <span class='ocrx_word' id='word_1_89' title='bbox 1336 887 1418 924; x_wconf 89' lang='lat' dir='ltr'>aliis</span> <span class='ocrx_word' id='word_1_90' title='bbox 1448 886 1538 924; x_wconf 90' lang='lat' dir='ltr'>dicit</span> <span class='ocrx_word' id='word_1_91' title='bbox 1558 886 1665 935; x_wconf 90' lang='lat' dir='ltr'>quod</span> <span class='ocrx_word' id='word_1_92' title='bbox 1685 885 1769 923; x_wconf 87' lang='lat' dir='ltr'>talis</span> 
     </span>
     <span class='ocr_line' id='line_1_15' title="bbox 435 957 1825 1007; baseline -0.002 -11"><span class='ocrx_word' id='word_1_93' title='bbox 435 959 598 996; x_wconf 86' lang='lat' dir='ltr'>sciencia</span> <span class='ocrx_word' id='word_1_94' title='bbox 629 958 744 996; x_wconf 89' lang='lat' dir='ltr'>nichil</span> <span class='ocrx_word' id='word_1_95' title='bbox 779 964 936 996; x_wconf 86' lang='lat' dir='ltr'>causat:</span> <span class='ocrx_word' id='word_1_96' title='bbox 974 957 1041 995; x_wconf 91' lang='lat' dir='ltr'>sed</span> <span class='ocrx_word' id='word_1_97' title='bbox 1072 970 1161 995; x_wconf 91' lang='lat' dir='ltr'>cum</span> <span class='ocrx_word' id='word_1_98' title='bbox 1193 959 1291 1007; x_wconf 92' lang='lat' dir='ltr'>sapit</span> <span class='ocrx_word' id='word_1_99' title='bbox 1323 957 1618 995; x_wconf 90' lang='lat' dir='ltr'>fundamentum</span> <span class='ocrx_word' id='word_1_100' title='bbox 1652 969 1769 995; x_wconf 90' lang='lat' dir='ltr'>omne</span> <span class='ocrx_word' id='word_1_101' title='bbox 1786 967 1825 990; x_wconf 92' lang='lat'>10</span> 
     </span>
     <span class='ocr_line' id='line_1_16' title="bbox 435 1027 1768 1078; baseline -0.002 -11"><span class='ocrx_word' id='word_1_102' title='bbox 435 1035 634 1067; x_wconf 88' lang='lat' dir='ltr'>causatum</span> <span class='ocrx_word' id='word_1_103' title='bbox 655 1035 692 1066; x_wconf 89' lang='lat' dir='ltr'>et</span> <span class='ocrx_word' id='word_1_104' title='bbox 713 1029 760 1066; x_wconf 92' lang='lat' dir='ltr'>sit</span> <span class='ocrx_word' id='word_1_105' title='bbox 779 1028 921 1066; x_wconf 91' lang='lat' dir='ltr'>relacio</span> <span class='ocrx_word' id='word_1_106' title='bbox 937 1028 1112 1077; x_wconf 88' lang='lat' dir='ltr'>superior</span> <span class='ocrx_word' id='word_1_107' title='bbox 1132 1029 1260 1078; x_wconf 89' lang='lat' dir='ltr'>previe</span> <span class='ocrx_word' id='word_1_108' title='bbox 1274 1028 1465 1078; x_wconf 89' lang='lat' dir='ltr'>requisita,</span> <span class='ocrx_word' id='word_1_109' title='bbox 1489 1028 1635 1065; x_wconf 89' lang='lat' dir='ltr'>videtur</span> <span class='ocrx_word' id='word_1_110' title='bbox 1651 1027 1768 1077; x_wconf 91' lang='lat' dir='ltr'>quod,</span> 
     </span>
     <span class='ocr_line' id='line_1_17' title="bbox 435 1097 1770 1149; baseline -0.001 -12"><span class='ocrx_word' id='word_1_111' title='bbox 435 1100 530 1137; x_wconf 89' lang='lat' dir='ltr'>sicut</span> <span class='ocrx_word' id='word_1_112' title='bbox 551 1099 767 1149; x_wconf 92' lang='lat' dir='ltr'>proporcio,</span> <span class='ocrx_word' id='word_1_113' title='bbox 786 1099 839 1137; x_wconf 85' lang='lat' dir='ltr'>sic</span> <span class='ocrx_word' id='word_1_114' title='bbox 860 1105 897 1136; x_wconf 88' lang='lat' dir='ltr'>et</span> <span class='ocrx_word' id='word_1_115' title='bbox 916 1099 988 1137; x_wconf 86' lang='lat' dir='ltr'>ista</span> <span class='ocrx_word' id='word_1_116' title='bbox 1008 1099 1149 1136; x_wconf 88' lang='lat' dir='ltr'>relacio</span> <span class='ocrx_word' id='word_1_117' title='bbox 1170 1105 1301 1137; x_wconf 89' lang='lat' dir='ltr'>causat</span> <span class='ocrx_word' id='word_1_118' title='bbox 1321 1099 1581 1148; x_wconf 91' lang='lat' dir='ltr'>quodcunque</span> <span class='ocrx_word' id='word_1_119' title='bbox 1598 1098 1647 1135; x_wconf 89' lang='lat' dir='ltr'>ad</span> <span class='ocrx_word' id='word_1_120' title='bbox 1663 1097 1770 1147; x_wconf 92' lang='lat' dir='ltr'>quod</span> 
     </span>
     <span class='ocr_line' id='line_1_18' title="bbox 436 1168 1772 1219; baseline -0.002 -11"><span class='ocrx_word' id='word_1_121' title='bbox 436 1177 493 1208; x_wconf 88' lang='lat' dir='ltr'>est</span> <span class='ocrx_word' id='word_1_122' title='bbox 526 1170 653 1219; x_wconf 90' lang='lat' dir='ltr'>previe</span> <span class='ocrx_word' id='word_1_123' title='bbox 691 1170 928 1219; x_wconf 86' lang='lat' dir='ltr'>requisitum.</span> <span class='ocrx_word' id='word_1_124' title='bbox 999 1169 1075 1207; x_wconf 90' lang='lat' dir='ltr'>Sed</span> <span class='ocrx_word' id='word_1_125' title='bbox 1113 1176 1150 1207; x_wconf 92' lang='lat' dir='ltr'>et</span> <span class='ocrx_word' id='word_1_126' title='bbox 1189 1169 1264 1207; x_wconf 90' lang='lat' dir='ltr'>hoc</span> <span class='ocrx_word' id='word_1_127' title='bbox 1303 1169 1530 1218; x_wconf 89' lang='lat' dir='ltr'>supponitur</span> <span class='ocrx_word' id='word_1_128' title='bbox 1567 1174 1609 1206; x_wconf 91' lang='lat' dir='ltr'>ut</span> <span class='ocrx_word' id='word_1_129' title='bbox 1646 1168 1772 1217; x_wconf 86' lang='lat' dir='ltr'>magis</span> 
     </span>
     <span class='ocr_line' id='line_1_19' title="bbox 437 1239 1769 1290; baseline -0.002 -12"><span class='ocrx_word' id='word_1_130' title='bbox 437 1246 566 1290; x_wconf 89' lang='lat' dir='ltr'>pateat</span> <span class='ocrx_word' id='word_1_131' title='bbox 600 1240 812 1278; x_wconf 88' lang='lat' dir='ltr'>difficultas.</span> <span class='ocrx_word' id='word_1_132' title='bbox 875 1239 1022 1285; x_wconf 87' lang='lat' dir='ltr'>Quinto</span> <span class='ocrx_word' id='word_1_133' title='bbox 1053 1252 1144 1277; x_wconf 91' lang='lat' dir='ltr'>vero</span> <span class='ocrx_word' id='word_1_134' title='bbox 1186 1240 1371 1289; x_wconf 89' lang='lat' dir='ltr'>accipitur</span> <span class='ocrx_word' id='word_1_135' title='bbox 1409 1239 1665 1277; x_wconf 89' lang='lat' dir='ltr'>essencialiter</span> <span class='ocrx_word' id='word_1_136' title='bbox 1697 1250 1769 1288; x_wconf 91' lang='lat' dir='ltr'>pro</span> 
     </span>
     <span class='ocr_line' id='line_1_20' title="bbox 439 1309 1827 1361; baseline -0.001 -13"><span class='ocrx_word' id='word_1_137' title='bbox 439 1324 673 1361; x_wconf 89' lang='lat' dir='ltr'>quocunque</span> <span class='ocrx_word' id='word_1_138' title='bbox 693 1324 715 1349; x_wconf 94' lang='lat' dir='ltr'>a</span> <span class='ocrx_word' id='word_1_139' title='bbox 735 1311 822 1349; x_wconf 91' lang='lat' dir='ltr'>Deo</span> <span class='ocrx_word' id='word_1_140' title='bbox 846 1311 986 1349; x_wconf 82' lang='lat' dir='ltr'>volito:</span> <span class='ocrx_word' id='word_1_141' title='bbox 1015 1318 1057 1348; x_wconf 94' lang='lat' dir='ltr'>ut</span> <span class='ocrx_word' id='word_1_142' title='bbox 1087 1322 1189 1348; x_wconf 88' lang='lat' dir='ltr'>nunc</span> <span class='ocrx_word' id='word_1_143' title='bbox 1215 1323 1287 1360; x_wconf 90' lang='lat' dir='ltr'>pro</span> <span class='ocrx_word' id='word_1_144' title='bbox 1318 1311 1458 1348; x_wconf 86' lang='lat' dir='ltr'>effectu</span> <span class='ocrx_word' id='word_1_145' title='bbox 1484 1309 1542 1361; x_wconf 87' lang='lat' dir='ltr'>(ut</span> <span class='ocrx_word' id='word_1_146' title='bbox 1568 1310 1692 1360; x_wconf 91' lang='lat' dir='ltr'>prima</span> <span class='ocrx_word' id='word_1_147' title='bbox 1722 1309 1771 1347; x_wconf 92' lang='lat' dir='ltr'>ad</span> <span class='ocrx_word' id='word_1_148' title='bbox 1789 1321 1827 1354; x_wconf 90' lang='lat'>15</span> 
     </span>
     <span class='ocr_line' id='line_1_21' title="bbox 439 1381 1772 1430; baseline -0.002 -10"><span class='ocrx_word' id='word_1_149' title='bbox 439 1382 577 1421; x_wconf 87' lang='lat' dir='ltr'>Thess.</span> <span class='ocrx_word' id='word_1_150' title='bbox 612 1382 659 1419; x_wconf 92' lang='lat' dir='ltr'>iv.</span> <span class='ocrx_word' id='word_1_151' title='bbox 691 1393 726 1429; x_wconf 88' lang='lat'>3,</span> <span class='ocrx_word' id='word_1_152' title='bbox 757 1382 839 1419; x_wconf 82' lang='lat' dir='ltr'>Hec</span> <span class='ocrx_word' id='word_1_153' title='bbox 869 1386 921 1418; x_wconf 80' lang='lat' dir='ltr'>est</span> <span class='ocrx_word' id='word_1_154' title='bbox 950 1382 1120 1419; x_wconf 78' lang='lat' dir='ltr'>voluntas</span> <span class='ocrx_word' id='word_1_155' title='bbox 1153 1381 1238 1426; x_wconf 69' lang='lat' dir='ltr'>Dei,</span> <span class='ocrx_word' id='word_1_156' title='bbox 1271 1382 1519 1430; x_wconf 77' lang='lat' dir='ltr'>sanctz&#39;ficacz&#39;o</span> <span class='ocrx_word' id='word_1_157' title='bbox 1549 1384 1673 1418; x_wconf 81' lang='lat' dir='ltr'>vestra</span> <span class='ocrx_word' id='word_1_158' title='bbox 1685 1393 1704 1424; x_wconf 81' lang='lat'>,·</span> <span class='ocrx_word' id='word_1_159' title='bbox 1734 1386 1772 1417; x_wconf 89' lang='lat' dir='ltr'>et</span> 
     </span>
     <span class='ocr_line' id='line_1_22' title="bbox 439 1450 1773 1503; baseline -0.001 -13"><span class='ocrx_word' id='word_1_160' title='bbox 439 1453 595 1490; x_wconf 90' lang='lat' dir='ltr'>Psalmo</span> <span class='ocrx_word' id='word_1_161' title='bbox 626 1453 725 1491; x_wconf 86' lang='lat' dir='ltr'>cxlii.</span> <span class='ocrx_word' id='word_1_162' title='bbox 762 1465 821 1500; x_wconf 82' lang='lat'>10,</span> <span class='ocrx_word' id='word_1_163' title='bbox 851 1452 952 1490; x_wconf 80' lang='lat' dir='ltr'>Doce</span> <span class='ocrx_word' id='word_1_164' title='bbox 990 1465 1043 1489; x_wconf 82' lang='lat' dir='ltr'>me</span> <span class='ocrx_word' id='word_1_165' title='bbox 1065 1453 1203 1503; x_wconf 82' lang='lat' dir='ltr'>facere</span> <span class='ocrx_word' id='word_1_166' title='bbox 1236 1453 1455 1489; x_wconf 78' lang='lat' dir='ltr'>voluntatem</span> <span class='ocrx_word' id='word_1_167' title='bbox 1490 1450 1632 1503; x_wconf 56' lang='grc' dir='ltr'>ἱκανῆς</span> <span class='ocrx_word' id='word_1_168' title='bbox 1667 1463 1773 1489; x_wconf 90' lang='lat' dir='ltr'>nunc</span> 
     </span>
     <span class='ocr_line' id='line_1_23' title="bbox 440 1521 1774 1573; baseline -0.001 -13"><span class='ocrx_word' id='word_1_169' title='bbox 440 1530 567 1561; x_wconf 91' lang='lat' dir='ltr'>autem</span> <span class='ocrx_word' id='word_1_170' title='bbox 596 1536 668 1572; x_wconf 93' lang='lat' dir='ltr'>pro</span> <span class='ocrx_word' id='word_1_171' title='bbox 697 1524 853 1561; x_wconf 89' lang='lat' dir='ltr'>veritate</span> <span class='ocrx_word' id='word_1_172' title='bbox 881 1523 1005 1561; x_wconf 86' lang='lat' dir='ltr'>eciam</span> <span class='ocrx_word' id='word_1_173' title='bbox 1034 1529 1165 1561; x_wconf 88' lang='lat' dir='ltr'>eterna</span> <span class='ocrx_word' id='word_1_174' title='bbox 1193 1523 1307 1561; x_wconf 86' lang='lat' dir='ltr'>volita</span> <span class='ocrx_word' id='word_1_175' title='bbox 1329 1521 1387 1573; x_wconf 92' lang='lat' dir='ltr'>(ut</span> <span class='ocrx_word' id='word_1_176' title='bbox 1407 1523 1582 1560; x_wconf 86' lang='lat' dir='ltr'>voluntas</span> <span class='ocrx_word' id='word_1_177' title='bbox 1612 1522 1687 1559; x_wconf 85' lang='lat' dir='ltr'>Dei</span> <span class='ocrx_word' id='word_1_178' title='bbox 1716 1527 1774 1559; x_wconf 88' lang='lat' dir='ltr'>est</span> 
     </span>
     <span class='ocr_line' id='line_1_24' title="bbox 440 1591 1774 1644; baseline -0.001 -13"><span class='ocrx_word' id='word_1_179' title='bbox 440 1594 546 1644; x_wconf 90' lang='lat' dir='ltr'>quod</span> <span class='ocrx_word' id='word_1_180' title='bbox 577 1594 750 1632; x_wconf 88' lang='lat' dir='ltr'>Christus</span> <span class='ocrx_word' id='word_1_181' title='bbox 780 1606 860 1632; x_wconf 91' lang='lat' dir='ltr'>non</span> <span class='ocrx_word' id='word_1_182' title='bbox 889 1594 1010 1631; x_wconf 88' lang='lat' dir='ltr'>solvat</span> <span class='ocrx_word' id='word_1_183' title='bbox 1039 1594 1165 1644; x_wconf 86' lang='lat' dir='ltr'>legem</span> <span class='ocrx_word' id='word_1_184' title='bbox 1185 1593 1245 1631; x_wconf 90' lang='lat' dir='ltr'>vel</span> <span class='ocrx_word' id='word_1_185' title='bbox 1274 1600 1409 1643; x_wconf 90' lang='lat' dir='ltr'>peccet</span> <span class='ocrx_word' id='word_1_186' title='bbox 1438 1593 1477 1630; x_wconf 93' lang='lat' dir='ltr'>in</span> <span class='ocrx_word' id='word_1_187' title='bbox 1507 1591 1667 1643; x_wconf 83' lang='lat' dir='ltr'>aliquo).</span> <span class='ocrx_word' id='word_1_188' title='bbox 1723 1591 1774 1630; x_wconf 88' lang='lat' dir='ltr'>Et</span> 
     </span>
     <span class='ocr_line' id='line_1_25' title="bbox 442 1663 1830 1715; baseline -0.004 -12"><span class='ocrx_word' id='word_1_189' title='bbox 442 1665 792 1714; x_wconf 86' lang='lat' dir='ltr'>correspondenter</span> <span class='ocrx_word' id='word_1_190' title='bbox 811 1665 949 1703; x_wconf 88' lang='lat' dir='ltr'>volicio</span> <span class='ocrx_word' id='word_1_191' title='bbox 970 1665 1043 1703; x_wconf 92' lang='lat' dir='ltr'>Dei</span> <span class='ocrx_word' id='word_1_192' title='bbox 1063 1665 1247 1714; x_wconf 88' lang='lat' dir='ltr'>accipitur</span> <span class='ocrx_word' id='word_1_193' title='bbox 1267 1664 1549 1715; x_wconf 88' lang='lat' dir='ltr'>quintupliciter</span> <span class='ocrx_word' id='word_1_194' title='bbox 1569 1676 1641 1713; x_wconf 92' lang='lat' dir='ltr'>pro</span> <span class='ocrx_word' id='word_1_195' title='bbox 1662 1663 1773 1713; x_wconf 84' lang='lat' dir='ltr'>signo</span> <span class='ocrx_word' id='word_1_196' title='bbox 1789 1674 1830 1697; x_wconf 89' lang='lat'>20</span> 
     </span>
     <span class='ocr_line' id='line_1_26' title="bbox 442 1734 1774 1785; baseline -0.001 -13"><span class='ocrx_word' id='word_1_197' title='bbox 442 1736 641 1773; x_wconf 87' lang='lat' dir='ltr'>volicionis</span> <span class='ocrx_word' id='word_1_198' title='bbox 662 1736 881 1781; x_wconf 81' lang='lat' dir='ltr'>intrinsece,</span> <span class='ocrx_word' id='word_1_199' title='bbox 901 1742 944 1773; x_wconf 91' lang='lat' dir='ltr'>ut</span> <span class='ocrx_word' id='word_1_200' title='bbox 971 1736 1063 1773; x_wconf 90' lang='lat' dir='ltr'>dum</span> <span class='ocrx_word' id='word_1_201' title='bbox 1085 1735 1192 1773; x_wconf 90' lang='lat' dir='ltr'>Deus</span> <span class='ocrx_word' id='word_1_202' title='bbox 1212 1735 1371 1785; x_wconf 89' lang='lat' dir='ltr'>precipit</span> <span class='ocrx_word' id='word_1_203' title='bbox 1391 1742 1455 1772; x_wconf 90' lang='lat' dir='ltr'>aut</span> <span class='ocrx_word' id='word_1_204' title='bbox 1475 1734 1661 1784; x_wconf 88' lang='lat' dir='ltr'>prohibet,</span> <span class='ocrx_word' id='word_1_205' title='bbox 1686 1746 1774 1784; x_wconf 91' lang='lat' dir='ltr'>per-</span> 
     </span>
     <span class='ocr_line' id='line_1_27' title="bbox 443 1806 1775 1855; baseline 0.001 -13"><span class='ocrx_word' id='word_1_206' title='bbox 443 1806 566 1852; x_wconf 90' lang='lat' dir='ltr'>mittit,</span> <span class='ocrx_word' id='word_1_207' title='bbox 589 1807 765 1853; x_wconf 90' lang='lat' dir='ltr'>consulit,</span> <span class='ocrx_word' id='word_1_208' title='bbox 787 1807 876 1855; x_wconf 86' lang='lat' dir='ltr'>agit,</span> <span class='ocrx_word' id='word_1_209' title='bbox 907 1812 965 1843; x_wconf 87' lang='lat' dir='ltr'>est</span> <span class='ocrx_word' id='word_1_210' title='bbox 994 1806 1148 1855; x_wconf 84' lang='lat' dir='ltr'>signum</span> <span class='ocrx_word' id='word_1_211' title='bbox 1177 1806 1392 1855; x_wconf 90' lang='lat' dir='ltr'>temporale</span> <span class='ocrx_word' id='word_1_212' title='bbox 1413 1806 1612 1843; x_wconf 91' lang='lat' dir='ltr'>volicionis</span> <span class='ocrx_word' id='word_1_213' title='bbox 1633 1812 1775 1843; x_wconf 87' lang='lat' dir='ltr'>eterne.</span> 
     </span>
     <span class='ocr_line' id='line_1_28' title="bbox 444 1876 1774 1926; baseline 0.002 -13"><span class='ocrx_word' id='word_1_214' title='bbox 444 1876 552 1914; x_wconf 89' lang='lat' dir='ltr'>Deus</span> <span class='ocrx_word' id='word_1_215' title='bbox 568 1877 673 1913; x_wconf 87' lang='lat' dir='ltr'>enim</span> <span class='ocrx_word' id='word_1_216' title='bbox 693 1877 809 1914; x_wconf 86' lang='lat' dir='ltr'>nichil</span> <span class='ocrx_word' id='word_1_217' title='bbox 830 1883 954 1926; x_wconf 90' lang='lat' dir='ltr'>potest</span> <span class='ocrx_word' id='word_1_218' title='bbox 971 1876 1169 1925; x_wconf 85' lang='lat' dir='ltr'>precipere</span> <span class='ocrx_word' id='word_1_219' title='bbox 1190 1877 1262 1913; x_wconf 86' lang='lat' dir='ltr'>nisi</span> <span class='ocrx_word' id='word_1_220' title='bbox 1281 1876 1440 1915; x_wconf 90' lang='lat' dir='ltr'>volitum</span> <span class='ocrx_word' id='word_1_221' title='bbox 1459 1877 1672 1914; x_wconf 87' lang='lat' dir='ltr'>eternaliter</span> <span class='ocrx_word' id='word_1_222' title='bbox 1691 1888 1774 1915; x_wconf 88' lang='lat' dir='ltr'>esse</span> 
     </span>
     <span class='ocr_line' id='line_1_29' title="bbox 444 1946 1773 1996; baseline 0 -12"><span class='ocrx_word' id='word_1_223' title='bbox 444 1948 483 1984; x_wconf 90' lang='lat' dir='ltr'>in</span> <span class='ocrx_word' id='word_1_224' title='bbox 504 1959 543 1984; x_wconf 87' lang='lat' dir='ltr'>se</span> <span class='ocrx_word' id='word_1_225' title='bbox 564 1947 623 1984; x_wconf 86' lang='lat' dir='ltr'>vel</span> <span class='ocrx_word' id='word_1_226' title='bbox 644 1959 714 1985; x_wconf 92' lang='lat' dir='ltr'>suo</span> <span class='ocrx_word' id='word_1_227' title='bbox 734 1946 1019 1996; x_wconf 90' lang='lat' dir='ltr'>proporcionali</span> <span class='ocrx_word' id='word_1_228' title='bbox 1048 1947 1263 1984; x_wconf 85' lang='lat' dir='ltr'>secundum</span> <span class='ocrx_word' id='word_1_229' title='bbox 1284 1947 1453 1996; x_wconf 89' lang='lat' dir='ltr'>speciem</span> <span class='ocrx_word' id='word_1_230' title='bbox 1474 1953 1701 1984; x_wconf 82' lang='lat' dir='ltr'>executum:</span> <span class='ocrx_word' id='word_1_231' title='bbox 1733 1953 1773 1983; x_wconf 92' lang='lat' dir='ltr'>ut</span> 
     </span>
     <span class='ocr_line' id='line_1_30' title="bbox 445 2017 1828 2067; baseline 0 -13"><span class='ocrx_word' id='word_1_232' title='bbox 445 2017 601 2054; x_wconf 89' lang='lat' dir='ltr'>Abrahe</span> <span class='ocrx_word' id='word_1_233' title='bbox 630 2018 810 2066; x_wconf 85' lang='lat' dir='ltr'>precepit,</span> <span class='ocrx_word' id='word_1_234' title='bbox 833 2017 933 2054; x_wconf 90' lang='lat' dir='ltr'>Gen.</span> <span class='ocrx_word' id='word_1_235' title='bbox 954 2018 1057 2064; x_wconf 66' lang='lat' dir='ltr'>xxii„</span> <span class='ocrx_word' id='word_1_236' title='bbox 1078 2017 1249 2067; x_wconf 90' lang='lat' dir='ltr'>ymolare</span> <span class='ocrx_word' id='word_1_237' title='bbox 1270 2017 1390 2054; x_wconf 91' lang='lat' dir='ltr'>filium</span> <span class='ocrx_word' id='word_1_238' title='bbox 1411 2029 1524 2055; x_wconf 88' lang='lat' dir='ltr'>suum</span> <span class='ocrx_word' id='word_1_239' title='bbox 1544 2017 1666 2055; x_wconf 88' lang='lat' dir='ltr'>Isaac.</span> <span class='ocrx_word' id='word_1_240' title='bbox 1722 2017 1772 2054; x_wconf 87' lang='lat' dir='ltr'>Et</span> <span class='ocrx_word' id='word_1_241' title='bbox 1790 2027 1828 2060; x_wconf 90' lang='lat'>25</span> 
     </span>
     <span class='ocr_line' id='line_1_31' title="bbox 445 2087 1775 2135; baseline 0 -11"><span class='ocrx_word' id='word_1_242' title='bbox 445 2087 602 2125; x_wconf 89' lang='lat' dir='ltr'>indubie</span> <span class='ocrx_word' id='word_1_243' title='bbox 623 2088 740 2125; x_wconf 90' lang='lat' dir='ltr'>tercio</span> <span class='ocrx_word' id='word_1_244' title='bbox 761 2088 889 2134; x_wconf 92' lang='lat' dir='ltr'>voluit,</span> <span class='ocrx_word' id='word_1_245' title='bbox 912 2100 1000 2125; x_wconf 91' lang='lat' dir='ltr'>cum</span> <span class='ocrx_word' id='word_1_246' title='bbox 1022 2088 1215 2125; x_wconf 88' lang='lat' dir='ltr'>meritorie</span> <span class='ocrx_word' id='word_1_247' title='bbox 1236 2088 1304 2125; x_wconf 89' lang='lat' dir='ltr'>fuit</span> <span class='ocrx_word' id='word_1_248' title='bbox 1330 2088 1483 2135; x_wconf 89' lang='lat' dir='ltr'>factum,</span> <span class='ocrx_word' id='word_1_249' title='bbox 1509 2094 1775 2126; x_wconf 87' lang='lat' dir='ltr'>verumtamen</span> 
     </span>
     <span class='ocr_line' id='line_1_32' title="bbox 444 2157 1819 2207; baseline 0.001 -12"><span class='ocrx_word' id='word_1_250' title='bbox 444 2158 576 2204; x_wconf 90' lang='lat' dir='ltr'>noluit,</span> <span class='ocrx_word' id='word_1_251' title='bbox 605 2170 676 2196; x_wconf 89' lang='lat' dir='ltr'>nec</span> <span class='ocrx_word' id='word_1_252' title='bbox 708 2157 726 2178; x_wconf 78' lang='lat'>&#39;¹‘</span> <span class='ocrx_word' id='word_1_253' title='bbox 757 2158 954 2196; x_wconf 88' lang='lat' dir='ltr'>mandavit</span> <span class='ocrx_word' id='word_1_254' title='bbox 974 2170 1062 2196; x_wconf 89' lang='lat' dir='ltr'>eum</span> <span class='ocrx_word' id='word_1_255' title='bbox 1087 2158 1209 2196; x_wconf 88' lang='lat' dir='ltr'>occidi</span> <span class='ocrx_word' id='word_1_256' title='bbox 1236 2158 1365 2207; x_wconf 84' lang='lat' dir='ltr'>gladio</span> <span class='ocrx_word' id='word_1_257' title='bbox 1392 2166 1429 2196; x_wconf 91' lang='lat' dir='ltr'>et</span> <span class='ocrx_word' id='word_1_258' title='bbox 1456 2159 1643 2197; x_wconf 90' lang='lat' dir='ltr'>comburi.</span> <span class='ocrx_word' id='word_1_259' title='bbox 1702 2158 1819 2197; x_wconf 86' lang='lat' dir='ltr'>SedB</span> 
     </span>
     <span class='ocr_line' id='line_1_33' title="bbox 444 2228 1775 2279; baseline 0.002 -14"><span class='ocrx_word' id='word_1_260' title='bbox 444 2228 561 2266; x_wconf 85' lang='lat' dir='ltr'>voluit</span> <span class='ocrx_word' id='word_1_261' title='bbox 584 2228 714 2266; x_wconf 92' lang='lat' dir='ltr'>Deum</span> <span class='ocrx_word' id='word_1_262' title='bbox 743 2235 892 2278; x_wconf 90' lang='lat' dir='ltr'>patrem</span> <span class='ocrx_word' id='word_1_263' title='bbox 919 2229 1091 2278; x_wconf 90' lang='lat' dir='ltr'>ymolare</span> <span class='ocrx_word' id='word_1_264' title='bbox 1122 2229 1261 2266; x_wconf 89' lang='lat' dir='ltr'>Filium</span> <span class='ocrx_word' id='word_1_265' title='bbox 1291 2241 1404 2267; x_wconf 90' lang='lat' dir='ltr'>suum</span> <span class='ocrx_word' id='word_1_266' title='bbox 1433 2243 1504 2279; x_wconf 91' lang='lat' dir='ltr'>pro</span> <span class='ocrx_word' id='word_1_267' title='bbox 1529 2230 1775 2267; x_wconf 87' lang='lat' dir='ltr'>redemcione</span> 
     </span>
     <span class='ocr_line' id='line_1_34' title="bbox 445 2299 1778 2349; baseline 0 -13"><span class='ocrx_word' id='word_1_268' title='bbox 445 2299 604 2337; x_wconf 90' lang='lat' dir='ltr'>humani</span> <span class='ocrx_word' id='word_1_269' title='bbox 625 2299 775 2349; x_wconf 82' lang='lat' dir='ltr'>generis</span> <span class='ocrx_word' id='word_1_270' title='bbox 796 2306 843 2346; x_wconf 87' lang='lat' dir='ltr'>et,</span> <span class='ocrx_word' id='word_1_271' title='bbox 865 2312 1033 2348; x_wconf 89' lang='lat' dir='ltr'>persona</span> <span class='ocrx_word' id='word_1_272' title='bbox 1053 2300 1268 2337; x_wconf 89' lang='lat' dir='ltr'>secundum</span> <span class='ocrx_word' id='word_1_273' title='bbox 1293 2300 1474 2338; x_wconf 88' lang='lat' dir='ltr'>deitatem</span> <span class='ocrx_word' id='word_1_274' title='bbox 1498 2300 1778 2349; x_wconf 87' lang='lat' dir='ltr'>impassibilem</span> 
     </span>
     <span class='ocr_line' id='line_1_35' title="bbox 448 2369 1833 2416; baseline -0.001 -8"><span class='ocrx_word' id='word_1_275' title='bbox 448 2377 598 2409; x_wconf 88' lang='lat' dir='ltr'>seruata</span> <span class='ocrx_word' id='word_1_276' title='bbox 617 2370 790 2415; x_wconf 89' lang='lat' dir='ltr'>immuni,</span> <span class='ocrx_word' id='word_1_277' title='bbox 811 2369 1090 2407; x_wconf 86' lang='lat' dir='ltr'>humanitatem</span> <span class='ocrx_word' id='word_1_278' title='bbox 1106 2370 1224 2407; x_wconf 87' lang='lat' dir='ltr'>voluit</span> <span class='ocrx_word' id='word_1_279' title='bbox 1239 2371 1375 2416; x_wconf 84' lang='lat' dir='ltr'>occidi,</span> <span class='ocrx_word' id='word_1_280' title='bbox 1394 2370 1592 2408; x_wconf 90' lang='lat' dir='ltr'>herentem</span> <span class='ocrx_word' id='word_1_281' title='bbox 1613 2370 1776 2408; x_wconf 82' lang='lat' dir='ltr'>brachiis</span> <span class='ocrx_word' id='word_1_282' title='bbox 1791 2380 1833 2411; x_wconf 85' lang='lat'>30</span> 
     </span>
     <span class='ocr_line' id='line_1_36' title="bbox 446 2439 1778 2490; baseline 0.001 -12"><span class='ocrx_word' id='word_1_283' title='bbox 446 2442 571 2479; x_wconf 86' lang='lat' dir='ltr'>crucis</span> <span class='ocrx_word' id='word_1_284' title='bbox 591 2442 785 2487; x_wconf 85' lang='lat' dir='ltr'>cornibus,</span> <span class='ocrx_word' id='word_1_285' title='bbox 807 2447 848 2478; x_wconf 90' lang='lat' dir='ltr'>ut</span> <span class='ocrx_word' id='word_1_286' title='bbox 867 2441 1024 2478; x_wconf 91' lang='lat' dir='ltr'>arietem</span> <span class='ocrx_word' id='word_1_287' title='bbox 1045 2441 1140 2478; x_wconf 90' lang='lat' dir='ltr'>inter</span> <span class='ocrx_word' id='word_1_288' title='bbox 1160 2441 1339 2490; x_wconf 87' lang='lat' dir='ltr'>spinosos</span> <span class='ocrx_word' id='word_1_289' title='bbox 1355 2439 1497 2479; x_wconf 87' lang='lat' dir='ltr'>Iudeos</span> <span class='ocrx_word' id='word_1_290' title='bbox 1511 2441 1778 2479; x_wconf 88' lang='lat' dir='ltr'>confederatos</span> 
     </span>
     <span class='ocr_line' id='line_1_37' title="bbox 448 2511 1778 2562; baseline 0 -13"><span class='ocrx_word' id='word_1_291' title='bbox 448 2512 486 2549; x_wconf 92' lang='lat' dir='ltr'>in</span> <span class='ocrx_word' id='word_1_292' title='bbox 507 2512 660 2549; x_wconf 89' lang='lat' dir='ltr'>malicia</span> <span class='ocrx_word' id='word_1_293' title='bbox 682 2518 868 2562; x_wconf 89' lang='lat' dir='ltr'>tanquam</span> <span class='ocrx_word' id='word_1_294' title='bbox 887 2523 1032 2561; x_wconf 83' lang='lat' dir='ltr'>vepreS.</span> <span class='ocrx_word' id='word_1_295' title='bbox 1091 2511 1167 2549; x_wconf 88' lang='lat' dir='ltr'>Sed</span> <span class='ocrx_word' id='word_1_296' title='bbox 1195 2511 1311 2561; x_wconf 83' lang='lat' dir='ltr'>longe</span> <span class='ocrx_word' id='word_1_297' title='bbox 1338 2517 1427 2560; x_wconf 91' lang='lat' dir='ltr'>post</span> <span class='ocrx_word' id='word_1_298' title='bbox 1454 2512 1570 2561; x_wconf 90' lang='lat' dir='ltr'>patris</span> <span class='ocrx_word' id='word_1_299' title='bbox 1601 2513 1778 2550; x_wconf 88' lang='lat' dir='ltr'>substan-</span> 
     </span>
    </p>
   </div>
   <div class='ocr_carea' id='block_1_5' title="bbox 447 2582 1778 2690">
    <p class='ocr_par' dir='ltr' id='par_1_5' title="bbox 447 2582 1778 2690">
     <span class='ocr_line' id='line_1_38' title="bbox 447 2582 1778 2631; baseline 0.001 -12"><span class='ocrx_word' id='word_1_300' title='bbox 447 2582 547 2620; x_wconf 85' lang='lat' dir='ltr'>ciam</span> <span class='ocrx_word' id='word_1_301' title='bbox 587 2583 677 2620; x_wconf 85' lang='lat' dir='ltr'>vidit</span> <span class='ocrx_word' id='word_1_302' title='bbox 707 2582 810 2620; x_wconf 89' lang='lat' dir='ltr'>illam</span> <span class='ocrx_word' id='word_1_303' title='bbox 845 2582 1122 2620; x_wconf 86' lang='lat' dir='ltr'>humanitatem</span> <span class='ocrx_word' id='word_1_304' title='bbox 1156 2594 1300 2631; x_wconf 83' lang='lat' dir='ltr'>agnum</span> <span class='ocrx_word' id='word_1_305' title='bbox 1332 2582 1689 2620; x_wconf 88' lang='lat' dir='ltr'>innocentissimum</span> <span class='ocrx_word' id='word_1_306' title='bbox 1725 2583 1778 2620; x_wconf 89' lang='lat' dir='ltr'>sie</span> 
     </span>
     <span class='ocr_line' id='line_1_39' title="bbox 449 2650 1460 2690; baseline 0.001 -1"><span class='ocrx_word' id='word_1_307' title='bbox 449 2652 658 2690; x_wconf 89' lang='lat' dir='ltr'>herentem.</span> <span class='ocrx_word' id='word_1_308' title='bbox 1458 2650 1460 2654; x_wconf 81' lang='grc'><strong>’</strong></span> 
     </span>
    </p>
   </div>
   <div class='ocr_carea' id='block_1_6' title="bbox 453 2766 1776 2832">
    <p class='ocr_par' dir='ltr' id='par_1_6' title="bbox 453 2766 1776 2832">
     <span class='ocr_line' id='line_1_40' title="bbox 489 2766 1776 2800; baseline 0.002 -9"><span class='ocrx_word' id='word_1_309' title='bbox 489 2775 526 2791; x_wconf 86' lang='lat'>10.</span> <span class='ocrx_word' id='word_1_310' title='bbox 548 2766 598 2791; x_wconf 79' lang='lat' dir='ltr'>sed</span> <span class='ocrx_word' id='word_1_311' title='bbox 611 2767 632 2791; x_wconf 78' lang='lat' dir='ltr'>B</span> <span class='ocrx_word' id='word_1_312' title='bbox 647 2766 663 2792; x_wconf 89' lang='lat' dir='ltr'>f.</span> <span class='ocrx_word' id='word_1_313' title='bbox 677 2776 723 2798; x_wconf 81' lang='lat'>²33</span> <span class='ocrx_word' id='word_1_314' title='bbox 739 2775 765 2791; x_wconf 83' lang='lat' dir='ltr'>A.</span> <span class='ocrx_word' id='word_1_315' title='bbox 805 2773 903 2793; x_wconf 78' lang='lat' dir='ltr'>omne:</span> <span class='ocrx_word' id='word_1_316' title='bbox 924 2767 1004 2792; x_wconf 84' lang='lat' dir='ltr'>codd.</span> <span class='ocrx_word' id='word_1_317' title='bbox 1022 2767 1106 2792; x_wconf 85' lang='lat' dir='ltr'>omni.</span> <span class='ocrx_word' id='word_1_318' title='bbox 1267 2776 1305 2791; x_wconf 88' lang='lat'>21.</span> <span class='ocrx_word' id='word_1_319' title='bbox 1322 2768 1474 2798; x_wconf 72' lang='lat' dir='ltr'>permittit</span> <span class='ocrx_word' id='word_1_320' title='bbox 1488 2767 1513 2793; x_wconf 90' lang='lat' dir='ltr'><strong>A</strong></span> <span class='ocrx_word' id='word_1_321' title='bbox 1524 2766 1566 2794; x_wconf 83' lang='lat' dir='ltr'>C:</span> <span class='ocrx_word' id='word_1_322' title='bbox 1579 2768 1731 2800; x_wconf 72' lang='lat' dir='ltr'>promittit</span> <span class='ocrx_word' id='word_1_323' title='bbox 1746 2767 1776 2793; x_wconf 88' lang='lat' dir='ltr'>B.</span> 
     </span>
     <span class='ocr_line' id='line_1_41' title="bbox 453 2800 1407 2832; baseline 0.002 -8"><span class='ocrx_word' id='word_1_324' title='bbox 453 2810 493 2824; x_wconf 86' lang='lat'>22.</span> <span class='ocrx_word' id='word_1_325' title='bbox 514 2801 577 2832; x_wconf 71' lang='lat' dir='ltr'>agit</span> <span class='ocrx_word' id='word_1_326' title='bbox 593 2800 613 2824; x_wconf 83' lang='lat' dir='ltr'>B</span> <span class='ocrx_word' id='word_1_327' title='bbox 626 2800 666 2826; x_wconf 82' lang='lat' dir='ltr'>C:</span> <span class='ocrx_word' id='word_1_328' title='bbox 687 2809 740 2826; x_wconf 85' lang='lat' dir='ltr'>om.</span> <span class='ocrx_word' id='word_1_329' title='bbox 755 2801 789 2827; x_wconf 87' lang='lat' dir='ltr'>A.</span> <span class='ocrx_word' id='word_1_330' title='bbox 894 2802 932 2826; x_wconf 81' lang='lat'>28.</span> <span class='ocrx_word' id='word_1_331' title='bbox 955 2801 1021 2827; x_wconf 73' lang='lat' dir='ltr'>Post</span> <span class='ocrx_word' id='word_1_332' title='bbox 1034 2809 1119 2826; x_wconf 79' lang='lat' dir='ltr'>suum</span> <span class='ocrx_word' id='word_1_333' title='bbox 1135 2800 1156 2825; x_wconf 87' lang='grc' dir='ltr'>Β</span> <span class='ocrx_word' id='word_1_334' title='bbox 1172 2800 1303 2826; x_wconf 74' lang='lat' dir='ltr'>Crt&#39;stum</span> <span class='ocrx_word' id='word_1_335' title='bbox 1319 2800 1407 2826; x_wconf 85' lang='lat' dir='ltr'>addit.</span> 
     </span>
    </p>
   </div>
  </div>
 </body>
</html>
