2008 3305
220 207 307 236 cAP.
330 191 408 252 1v.]
681 203 825 237 LIBER
857 203 1080 237 TERTIUS.

101 323 202 366 80A]
214 320 271 356 dzie
283 320 400 357 iustus
415 318 551 357 Iudex.
599 318 703 358 Ecce
717 319 823 369 quod
840 319 948 358 Deus
967 319 1015 357 de
1036 331 1105 357 sua
1125 317 1271 356 iusticia
1286 324 1434 356 tenetur
1448 317 1544 355 mili-

214 397 291 428 tem
307 401 418 427 suum
433 390 499 439 qui
515 390 695 439 legittime
712 390 909 428 certaverit
921 402 1119 427 coronare.
1158 388 1276 426 Aliter
1287 389 1391 426 enim
1406 388 1544 437 imper-

213 460 377 497 tinenter
392 460 582 497 nominari
597 460 781 497 videretur
796 472 930 497 corona
945 460 1088 496 iustine
1103 464 1140 496 et
1160 458 1258 497 adici
1278 458 1398 496 Iudex
1413 459 1543 495 iustus.

268 529 352 567 Nec
372 543 420 568 ex
436 531 499 568 tali
513 531 658 567 iusticia
677 530 912 568 credendum
929 536 985 567 est
1000 529 1151 567 excludi
1171 529 1321 566 titulum
1342 528 1542 578 purissime

181 600 390 646 5earitatis,
411 601 509 649 quia,
533 601 631 639 sicut
660 600 733 638 Dei
762 600 888 645 dacio,
919 600 1096 645 donacio,
1117 606 1155 637 et
1183 600 1371 649 prestacio
1401 598 1544 635 nedum

212 682 292 707 non
311 677 530 720 repugnant
550 671 618 708 sed
639 671 710 708 sibi
740 677 873 708 mutuo
894 676 1166 716 consecuntur,
1192 670 1246 708 sic
1266 669 1395 707 titulus
1415 668 1543 718 gracie

210 747 250 778 et
279 741 407 779 titulus
440 742 588 779 iusticie
619 741 752 790 quoad
786 741 936 790 singula
967 740 1075 778 dona
1106 752 1182 790 que
1214 739 1322 777 Deus
1356 739 1544 777 distribuit

209 817 403 849 creature:
434 813 488 849 sic
508 812 613 861 quod
635 811 753 857 Deus,
775 812 869 849 sicut
890 811 1015 849 solum
1035 817 1177 860 prestat
1198 810 1378 848 creaturis
1399 809 1543 847 benefi-

211 882 315 919 cium
333 888 371 919 et
399 889 529 920 tamen
550 882 614 920 dat
646 883 866 932 simpliciter
886 889 1001 932 atque
1022 882 1152 928 donat,
1174 883 1228 920 sic
1258 889 1338 919 tam
1359 894 1407 919 ex
1437 892 1543 918 mera

160 963 200 986 ιο
210 953 340 1001 gracia
357 965 476 1002 quam
496 966 543 991 ex
573 965 679 990 mera
699 953 846 991 iusticia
874 965 919 990 ac
941 953 1070 991 debito
1101 965 1193 991 suos
1213 953 1376 1002 premiat
1395 952 1542 988 milites.

166 1029 197 1057 Β
214 1021 231 1042 *
250 1022 320 1060 Illa
340 1025 442 1061 enim
456 1036 532 1073 que
546 1024 586 1060 in
600 1024 783 1061 creaturis
800 1029 1016 1073 repugnant
1033 1030 1188 1073 propter
1204 1022 1542 1072 imperfeccionem

209 1106 255 1132 ac
268 1094 593 1144 improprietatem
605 1107 724 1144 quam
743 1095 911 1144 sapiunt,
926 1094 1112 1144 depurata
1133 1094 1348 1132 secundum
1368 1093 1542 1143 proprie-

208 1171 305 1203 tates
334 1165 534 1214 primarias
563 1165 602 1202 in
631 1165 719 1203 Deo
746 1178 789 1203 se
818 1165 983 1202 invicem
1013 1171 1281 1203 consecuntur.
1339 1164 1455 1210 Nam,
1476 1164 1541 1201 ubi

209 1236 417 1273 materialia
451 1242 756 1285 conrepugnant,
789 1236 997 1285 spiritualia
1022 1235 1075 1273 eis
1106 1235 1419 1285 proporcionalia
1452 1239 1542 1272 sunt

158 1318 196 1350 15
211 1306 483 1355 eonpossibilia
503 1307 542 1343 in
558 1307 697 1344 eodem
713 1319 722 1352 ;
752 1313 793 1343 ut
812 1306 962 1344 colores
977 1313 1015 1344 et
1035 1306 1105 1343 alie
1122 1306 1321 1356 qualitates
1338 1305 1538 1351 contrarie,

209 1377 420 1414 secundum
451 1388 541 1415 suas
575 1376 907 1414 contradicciones
941 1377 1157 1414 materiales
1187 1389 1284 1426 quas
1321 1376 1463 1413 habent
1500 1376 1540 1412 in

210 1448 400 1494 subiectis,
429 1460 509 1485 non
542 1448 836 1497 compaciuntur
865 1460 905 1485 se
935 1447 1144 1485 formaliter
1173 1460 1242 1497 pro
1270 1447 1431 1492 eadem;
1471 1446 1539 1483 sed

207 1519 357 1567 species
377 1530 510 1556 earum
532 1525 619 1556 sunt
640 1518 752 1555 simul
777 1531 844 1567 per
872 1518 1054 1564 medium,
1081 1524 1118 1555 et
1137 1518 1421 1567 quantumlibet
1441 1529 1536 1554 con-

207 1589 405 1626 trariarum
422 1589 630 1627 formarum
648 1589 915 1627 similitudines
936 1589 976 1625 in
996 1589 1137 1626 viribus
1158 1589 1285 1626 anime
1306 1588 1535 1626 coexistunt.

156 1669 196 1692 20
209 1659 564 1709 Correspondenter
583 1660 759 1698 omnium
779 1665 1039 1697 creaturarum
1059 1659 1294 1708 exemplaria
1315 1657 1537 1696 concordis-

207 1730 303 1768 sime
337 1738 425 1768 sunt
454 1731 493 1768 in
527 1730 626 1777 Deo,
656 1737 693 1768 et
730 1731 906 1768 raciones
939 1730 1103 1778 analoge
1135 1729 1396 1779 cuiuscunque
1430 1736 1539 1766 actus

206 1799 406 1838 laudabilis
427 1801 640 1839 secundum
668 1813 764 1850 quas
785 1806 857 1838 stat
876 1800 1006 1838 Deum
1026 1800 1145 1838 modo
1174 1812 1243 1838 suo
1263 1800 1411 1838 efficere
1431 1812 1536 1837 crea-

206 1878 311 1910 turas
325 1885 333 1918 ;
363 1878 405 1909 ut
425 1871 535 1909 simul
563 1872 745 1919 calefacit,
769 1871 966 1921 frigefacit,
987 1877 1025 1908 et
1045 1871 1098 1909 sic
1129 1870 1176 1908 de
1206 1870 1350 1917 ceteris,
1372 1882 1538 1920 quorum

207 1942 371 1991 analoga
399 1941 524 1979 forent
551 1943 591 1979 in
619 1943 800 1980 creaturis
821 1942 1101 1992 quantumlibet
1130 1941 1319 1979 contrarie
1349 1941 1534 1979 actiones.

156 2017 194 2049 ²5
210 2012 273 2050 Sic
292 2012 459 2050 eundem
480 2013 592 2051 simul
610 2014 775 2062 premiat
789 2025 836 2050 ex
857 2025 963 2050 mera
981 2012 1139 2060 iusticia,
1159 2025 1207 2049 ex
1228 2024 1336 2049 mero
1358 2011 1464 2049 dono
1479 2010 1537 2048 vel

207 2084 364 2133 prestito
395 2084 584 2133 gracioso,
615 2090 652 2121 et
682 2090 812 2121 tamen
846 2096 894 2121 ex
926 2084 1055 2121 debito
1086 2083 1145 2120 vel
1177 2082 1420 2132 obligacione
1459 2094 1537 2131 qua

207 2160 355 2192 tenetur
368 2167 414 2192 ex
434 2154 519 2204 lege
539 2154 693 2204 propria
714 2160 889 2192 creature
911 2166 977 2191 sue
990 2153 1227 2191 benefacere.
1285 2153 1335 2190 Et
1354 2153 1426 2190 ista
1445 2165 1535 2190 con-

207 2224 392 2262 sideracio
421 2225 729 2274 imperfeccionis
758 2224 974 2262 huiusmodi
1003 2231 1158 2262 actuum
1188 2236 1262 2274 que
1286 2224 1416 2261 insunt
1445 2234 1535 2272 pro-

207 2296 285 2344 prie
305 2296 488 2333 creaturis
508 2295 651 2333 faciunt
670 2295 812 2332 multos
833 2296 983 2333 abicere
999 2302 1106 2333 actus
1128 2296 1314 2344 analogos
1331 2294 1533 2332 Creatoris.

154 2379 198 2411 30
211 2365 329 2413 Quod
350 2366 381 2404 si
400 2366 559 2404 univoce
580 2378 669 2404 cum
691 2366 1079 2403 denominacionibus
1105 2372 1277 2403 creature
1308 2364 1533 2413 intelligunt,

209 2437 297 2475 licet
328 2449 459 2474 verum
498 2437 733 2486 concipiunt,
765 2443 895 2474 tamen
933 2436 1159 2474 difformiter
1197 2437 1246 2474 ad
1286 2436 1533 2485 Scripturam.

168 2514 196 2543 c
210 2507 312 2547 Nam
332 2507 670 2557 proporcionaliter
686 2513 726 2544 ut
746 2507 924 2545 dominus
940 2508 962 2528 ÷÷
979 2507 1322 2545 communicativus
1337 2505 1535 2543 ministerii

207 2578 424 2616 famulantis
443 2584 500 2615 est
528 2578 719 2616 liberalior
742 2577 800 2615 vel
820 2578 943 2626 magis
971 2577 1211 2626 magnificus,
1233 2577 1348 2615 debet
1375 2589 1421 2614 ex
1442 2588 1533 2614 con-

241 2713 264 2736 3.
285 2703 366 2729 adici
377 2703 400 2729 B
409 2703 432 2730 C
445 2711 451 2730 ε
469 2703 530 2729 dici
541 2703 577 2729 A.
771 2704 793 2729 8.
814 2705 948 2729 creature
961 2703 986 2727 A
997 2702 1036 2729 C:
1057 2703 1202 2728 creaturis
1217 2702 1247 2727 B.
1298 2702 1445 2728 creaturis
1458 2702 1483 2727 A
1492 2702 1531 2728 C:

206 2740 341 2763 creature
355 2737 388 2763 B.
532 2747 570 2763 10.
591 2738 600 2766 ΙΙ
614 2736 706 2762 debito
720 2736 742 2761 B
755 2736 773 2762 f.
789 2738 837 2768 248
849 2745 876 2762 A.
1025 2745 1063 2762 12.
1085 2736 1333 2768 improprietatem
1348 2736 1386 2762 B:
1401 2737 1545 2768 propria.

208 2773 300 2797 tatem
314 2770 378 2796 AC.
593 2779 632 2802 32.
651 2771 785 2796 dominus
798 2769 825 2795 in
837 2770 861 2795 A
875 2768 916 2795 bis
930 2768 1071 2802 scriptum.

1563 540 1584 558 C.

1740 204 1818 247 231
