2008 3305
115 213 196 255 186

110 347 166 373 and
181 346 259 373 these
272 346 354 374 make

111 380 210 418 up-the
223 382 334 407 created

111 422 256 441 universe:

111 979 139 1005 d.
158 978 236 1005 there
249 987 296 1004 are
309 977 351 1004 in-

114 1013 253 1038 tellective
266 1011 360 1037 habits

112 1046 152 1078 by
166 1046 255 1071 which
268 1044 370 1071 intelli-

112 1080 188 1112 gible
201 1080 366 1105 substances

112 1122 160 1138 are
173 1113 276 1139 known
289 1120 296 1139 ἒ

115 1158 171 1183 and

113 1199 135 1217 e.
156 1190 268 1223 beyond
281 1189 318 1215 all

113 1224 192 1250 these
205 1224 252 1249 the
265 1223 326 1249 soul

115 1257 166 1283 has
178 1266 214 1283 an
228 1257 372 1283 indistinct

113 1290 279 1323 conception
292 1291 325 1317 of

113 1324 186 1351 God.

790 221 856 252 DE
888 220 1109 253 DOMINIO
1141 220 1315 253 D1v1No
1524 206 1632 265 [CAP.
1654 220 1716 249 111.

389 337 592 387 quiditates
611 337 906 384 universalium3
937 344 974 374 et
993 337 1033 374 in
1054 336 1124 374 illis
1147 336 1318 374 consistit
1337 334 1561 372 universitas
1580 339 1717 371 creata.
1734 334 1832 377 [630

390 407 450 446 De
477 408 610 457 primis
639 407 891 445 noscibilibus
916 414 1004 445 sunt
1033 407 1183 456 species
1203 406 1262 443 vel
1288 405 1490 443 simulacra
1517 404 1721 442 manencia

389 479 428 516 in
467 478 649 516 absencia
690 478 941 523 sensibilium,
976 489 1052 527 que
1094 483 1182 514 sunt
1221 477 1373 526 spiritus
1412 475 1597 513 animales
1636 486 1720 512 esse

389 549 689 598 apprehensivos
727 548 860 585 talium
900 560 1037 585 rerum.
1111 547 1161 584 Et
1199 547 1239 584 in
1286 546 1474 596 potenciis
1512 545 1721 582 fundantur

388 619 543 657 habitus
574 631 622 656 ex
652 618 798 655 actibus
827 618 952 663 eliciti,
980 618 1119 667 quibus
1147 623 1362 655 noscuntur
1392 615 1585 654 sensibilia
1614 626 1720 652 com-
1735 631 1752 662 5

390 689 525 726 munia
544 701 591 726 ex
622 689 917 726 conservacione
947 688 1161 737 specierum
1190 688 1229 724 in
1249 687 1518 737 ymaginativa.
1575 685 1720 731 Quoad

392 760 551 797 tercium
588 771 710 809 genus
747 759 1001 804 noscibilium,
1031 764 1073 795 ut
1102 764 1188 795 sunt
1217 757 1404 802 amicicia,
1434 756 1652 806 paternitaS,
1685 761 1722 792 et

392 836 517 868 cetere
550 830 789 867 insensibiles
823 828 1067 867 habitudines
1100 828 1263 875 relative,
1295 835 1351 865 est
1380 827 1471 865 dare
1500 826 1652 864 habitus
1681 826 1722 862 in

392 901 605 938 estimativa
636 900 865 938 inclinantes
895 899 944 937 ad
974 906 1082 936 actus
1119 899 1259 948 quibus
1289 897 1611 947 apprehenditur;
1656 896 1722 946 qui

392 971 549 1020 quidem
568 977 676 1008 actus
689 978 875 1008 vocantur
894 970 1133 1007 intenciones
1146 968 1371 1006 materiales.
1430 967 1506 1006 Sed
1525 968 1565 1005 in
1585 973 1721 1017 quarto
1739 983 1778 1006 10

392 1053 531 1092 genere
551 1048 608 1078 est
621 1041 710 1079 dare
731 1041 885 1078 habitus
906 1040 1152 1078 intellectivos
1172 1046 1207 1077 et
1234 1040 1470 1077 intenciones
1490 1037 1723 1076 universales

392 1111 534 1150 elicitas
569 1112 708 1161 quibus
740 1111 997 1160 intelligibiles
1036 1110 1255 1148 substancie
1278 1107 1296 1128 *
1319 1114 1616 1158 cognoscuntur.
1672 1107 1768 1144 ΕΗ)

391 1189 498 1220 extra
535 1194 580 1219 ac
618 1182 715 1219 ultra
753 1188 876 1219 totam
914 1181 1026 1218 istam
1058 1180 1342 1218 universitatem
1382 1186 1552 1217 creatam
1591 1178 1724 1227 aspicit

392 1253 554 1297 animus,
575 1252 685 1301 quasi
714 1251 754 1288 in
781 1262 904 1288 unum
932 1250 1050 1288 chaos
1074 1251 1278 1296 infinitum,
1299 1256 1336 1287 et
1361 1250 1414 1286 ibi
1443 1249 1600 1287 confuse
1629 1261 1723 1287 con-

392 1322 486 1372 cipit
514 1322 642 1360 Deum
672 1333 807 1368 suum;
846 1333 962 1371 quem
993 1326 1124 1358 actum
1153 1321 1396 1370 concipiendi
1430 1332 1511 1358 non
1543 1319 1776 1366 terminat15

392 1400 574 1439 creatura,
597 1392 665 1429 sed
694 1392 856 1441 ipsemet
884 1391 992 1429 Deus
1021 1397 1151 1429 movet
1180 1392 1288 1428 radio
1319 1403 1385 1428 sue
1415 1391 1509 1428 lucis
1538 1390 1587 1427 ad
1615 1390 1723 1426 illum

391 1463 556 1512 gradum
580 1463 732 1510 noticie,
756 1469 792 1500 et
821 1462 871 1500 ad
894 1463 1104 1512 quemlibet
1124 1469 1290 1512 quatuor
1319 1461 1587 1511 predictorum.
1646 1460 1723 1498 Sed

391 1534 569 1584 quintum
615 1539 743 1571 actum
789 1545 858 1582 per
898 1545 938 1570 se
976 1533 1222 1582 appropriate
1260 1532 1438 1569 terminat
1454 1544 1464 1578 ;
1513 1531 1724 1581 quemlibet

390 1611 519 1642 autem
545 1603 708 1641 aliorum
728 1609 893 1653 quatuor
913 1616 981 1652 per
1010 1603 1179 1640 mediam
1200 1609 1425 1648 creaturam,
1445 1608 1486 1639 ut
1507 1601 1722 1639 universale

391 1681 450 1713 est
479 1675 673 1713 obiectum
702 1686 868 1712 causans
897 1681 935 1712 et
965 1674 1174 1711 terminans
1204 1679 1331 1710 actum
1360 1672 1640 1710 universalem:
1684 1679 1720 1710 et
1738 1687 1779 1709 20

391 1746 594 1795 utrobique
624 1745 732 1783 Deus
764 1757 869 1783 nunc
898 1744 1110 1782 secundum
1141 1744 1336 1781 racionem
1367 1743 1563 1793 propriam
1593 1742 1651 1794 (ut
1682 1743 1723 1780 in

392 1817 526 1866 quinta
564 1814 766 1866 manerie),
798 1823 834 1853 et
877 1828 981 1853 nunc
1016 1815 1229 1852 secundum
1267 1814 1464 1852 racionem
1498 1827 1582 1852 esse
1613 1814 1721 1852 intel-

392 1887 544 1937 ligibilis
572 1893 754 1932 creature,
775 1893 813 1924 et
842 1898 944 1923 nunc
974 1885 1267 1935 superaddendo
1291 1885 1544 1922 existenciam
1572 1885 1723 1923 univer-

393 1958 513 1996 salem
546 1957 605 1994 vel
635 1957 872 1994 individuam
904 1962 1098 1994 creature:
1146 1962 1184 1993 et
1217 1957 1271 1993 sic
1302 1968 1389 1993 vere
1423 1962 1480 1994 est
1511 1956 1724 1994 intellectus

394 2039 703 2077 agens‚movens,
715 2034 752 2064 et
772 2027 981 2064 terminans
995 2026 1204 2076 quamlibet
1220 2025 1520 2075 intelligenciam
1537 2032 1721 2064 creature.
1740 2043 1780 2075 25

394 2098 512 2136 Unde
539 2104 695 2148 propter
719 2097 1015 2147 elongaeionem
1034 2097 1114 2135 eius
1139 2109 1161 2133 a
1188 2097 1300 2134 nobis
1328 2108 1408 2134 non
1439 2096 1554 2134 habet
1579 2109 1724 2135 nomen

394 2176 565 2207 creatum
578 2169 776 2219 proprium
797 2169 864 2206 sed
885 2181 933 2206 ex
950 2181 990 2206 se
1010 2180 1095 2205 esse
1115 2168 1173 2205 vel
1194 2179 1405 2216 superesse,
1420 2167 1525 2216 quod
1545 2174 1601 2205 est
1621 2168 1725 2205 idem

393 2252 482 2278 cum
510 2252 578 2277 sua
600 2240 783 2278 essencia.
838 2239 889 2276 Et
918 2239 1076 2288 quando
1101 2238 1294 2287 loquimur
1319 2238 1367 2275 de
1393 2238 1480 2276 Deo
1509 2238 1726 2276 necessitati

394 2323 530 2349 sumus
559 2317 690 2359 aptare
722 2310 792 2348 sibi
825 2310 1010 2359 equivoce
1039 2310 1199 2347 nomina
1230 2321 1358 2346 rerum
1381 2322 1450 2358 per
1475 2321 1572 2358 quas
1597 2311 1725 2359 ipsum

395 2381 649 2430 concipimus.
706 2380 823 2418 Unde
843 2380 935 2418 dicit
955 2380 1064 2418 Plato
1092 2380 1131 2416 in
1152 2379 1320 2417 Thimeo
1340 2380 1445 2428 quod
1466 2381 1588 2429 prima
1608 2393 1725 2419 causa
1740 2399 1782 2430 30

395 2452 567 2502 superior
593 2458 650 2489 est
670 2452 777 2489 omni
804 2451 1040 2496 narracione,
1063 2456 1099 2488 et
1123 2462 1204 2488 non
1231 2450 1414 2488 deficiunt
1434 2450 1564 2500 lingue
1585 2452 1624 2488 in
1644 2452 1726 2490 eius

395 2523 675 2572 explanacione
695 2522 767 2559 nisi
787 2527 944 2571 propter
964 2533 1075 2559 suum
1095 2521 1287 2559 excellens
1307 2533 1401 2558 esse.

431 2634 452 2657 3.
473 2624 597 2656 spiritus
616 2622 711 2656 (spffs)
731 2623 827 2656 accepi
847 2631 862 2648 e
883 2622 943 2648 cod.
961 2623 1004 2648 D:
1030 2623 1133 2654 species
1149 2621 1243 2654 (spe‘s)
1261 2622 1296 2653 A,
1316 2621 1395 2655 (spi)
1414 2622 1455 2648 B:
1480 2631 1580 2649 sensus
1597 2622 1608 2655 (
1608 2623 1651 2655 ss
1651 2622 1671 2656 ³)
1691 2623 1722 2649 C.

395 2667 420 2689 4.
439 2658 659 2690 apprehcnsz'vos
679 2657 757 2684 AC:
784 2657 997 2689 reprehensivos
1019 2656 1050 2681 B.
1179 2664 1181 2667 ·
1217 2665 1255 2688 14.
1276 2657 1398 2687 concipit
1423 2656 1496 2682 BC:
1527 2657 1664 2688 conspicit
1688 2657 1722 2682 A.

397 2693 435 2716 16.
459 2693 467 2720 ΙΙ
476 2692 561 2716 radio
573 2691 594 2716 B
604 2691 623 2716 f.
633 2700 679 2723 241
691 2699 719 2717 A.
824 2700 862 2722 17.
879 2690 1011 2722 gradum
1022 2689 1047 2714 A
1056 2689 1088 2721 C,
1099 2697 1151 2715 om.
1164 2689 1197 2714 B.
1302 2698 1341 2720 24.
1360 2689 1454 2715 Verba
1466 2692 1494 2716 et
1505 2690 1546 2716 sic
1557 2699 1622 2716 vere
1635 2699 1724 2723 usque

396 2725 432 2750 ad
446 2725 674 2757 intellzgencz'am
687 2726 831 2754 creature,
846 2732 919 2756 quae
932 2722 959 2749 in
972 2723 998 2748 A
1008 2723 1031 2749 C
1045 2723 1156 2753 desunt,
1170 2731 1204 2748 ex
1219 2722 1242 2748 B
1254 2722 1392 2754 supplevi.

771 2816 822 2847 30.
848 2807 964 2838 Plato:
988 2818 1017 2838 v.
1036 2817 1144 2847 supra,
1162 2817 1192 2847 p.
1213 2816 1253 2846 42
1272 2817 1302 2838 n.
1321 2815 1349 2847 5.
