<?xml version="1.0" encoding="UTF-8"?>
<!DOCTYPE html PUBLIC "-//W3C//DTD XHTML 1.0 Transitional//EN"
    "http://www.w3.org/TR/xhtml1/DTD/xhtml1-transitional.dtd">
<html xmlns="http://www.w3.org/1999/xhtml" xml:lang="en" lang="en">
 <head>
  <title>
</title>
<meta http-equiv="Content-Type" content="text/html;charset=utf-8" />
  <meta name='ocr-system' content='tesseract 3.04.00' />
  <meta name='ocr-capabilities' content='ocr_page ocr_carea ocr_par ocr_line ocrx_word'/>
</head>
<body>
  <div class='ocr_page' id='page_1' title='image "./dedominiodivinol00wycl_0236.png"; bbox 0 0 2008 3305; ppageno 0'>
   <div class='ocr_carea' id='block_1_1' title="bbox 166 165 246 205">
    <p class='ocr_par' dir='ltr' id='par_1_1' title="bbox 166 165 246 205">
     <span class='ocr_line' id='line_1_1' title="bbox 166 165 246 205; baseline 0.013 -1"><span class='ocrx_word' id='word_1_1' title='bbox 166 165 246 205; x_wconf 77' lang='lat'>180</span> 
     </span>
    </p>
   </div>
   <div class='ocr_carea' id='block_1_2' title="bbox 844 164 1763 223">
    <p class='ocr_par' dir='ltr' id='par_1_2' title="bbox 844 164 1763 223">
     <span class='ocr_line' id='line_1_2' title="bbox 844 164 1763 223; baseline 0.002 -18"><span class='ocrx_word' id='word_1_2' title='bbox 844 176 907 205; x_wconf 88' lang='lat' dir='ltr'>DE</span> <span class='ocrx_word' id='word_1_3' title='bbox 940 174 1154 206; x_wconf 84' lang='lat' dir='ltr'><strong>DOMINIO</strong></span> <span class='ocrx_word' id='word_1_4' title='bbox 1187 175 1366 206; x_wconf 83' lang='lat' dir='ltr'>D1ero</span> <span class='ocrx_word' id='word_1_5' title='bbox 1585 164 1693 223; x_wconf 84' lang='lat' dir='ltr'>[CAP.</span> <span class='ocrx_word' id='word_1_6' title='bbox 1715 180 1763 208; x_wconf 89' lang='lat'>11.</span> 
     </span>
    </p>
   </div>
   <div class='ocr_carea' id='block_1_3' title="bbox 429 289 1879 2583">
    <p class='ocr_par' dir='ltr' id='par_1_3' title="bbox 433 289 1879 1811">
     <span class='ocr_line' id='line_1_3' title="bbox 445 289 1879 339; baseline 0 -14"><span class='ocrx_word' id='word_1_7' title='bbox 445 289 691 326; x_wconf 84' lang='lat' dir='ltr'>communius</span> <span class='ocrx_word' id='word_1_8' title='bbox 721 301 837 338; x_wconf 90' lang='lat' dir='ltr'>quam</span> <span class='ocrx_word' id='word_1_9' title='bbox 867 289 906 325; x_wconf 93' lang='lat' dir='ltr'>in</span> <span class='ocrx_word' id='word_1_10' title='bbox 936 289 1059 326; x_wconf 89' lang='lat' dir='ltr'>aliena</span> <span class='ocrx_word' id='word_1_11' title='bbox 1080 289 1161 326; x_wconf 88' lang='lat' dir='ltr'>eius</span> <span class='ocrx_word' id='word_1_12' title='bbox 1191 295 1320 338; x_wconf 78' lang='lat' dir='ltr'>parte3</span> <span class='ocrx_word' id='word_1_13' title='bbox 1351 296 1387 327; x_wconf 88' lang='lat' dir='ltr'>et</span> <span class='ocrx_word' id='word_1_14' title='bbox 1416 289 1603 338; x_wconf 88' lang='lat' dir='ltr'>peridem</span> <span class='ocrx_word' id='word_1_15' title='bbox 1626 290 1879 339; x_wconf 82' lang='lat' dir='ltr'>species[61}3</span> 
     </span>
     <span class='ocr_line' id='line_1_4' title="bbox 442 356 1806 408; baseline -0.001 -13"><span class='ocrx_word' id='word_1_16' title='bbox 442 358 612 396; x_wconf 83' lang='lat' dir='ltr'>humana</span> <span class='ocrx_word' id='word_1_17' title='bbox 627 356 645 376; x_wconf 88' lang='lat'><em>*</em></span> <span class='ocrx_word' id='word_1_18' title='bbox 660 371 763 396; x_wconf 90' lang='lat' dir='ltr'>nunc</span> <span class='ocrx_word' id='word_1_19' title='bbox 780 358 876 396; x_wconf 89' lang='lat' dir='ltr'>foret</span> <span class='ocrx_word' id='word_1_20' title='bbox 892 359 1038 407; x_wconf 86' lang='lat' dir='ltr'>species</span> <span class='ocrx_word' id='word_1_21' title='bbox 1053 359 1327 408; x_wconf 88' lang='lat' dir='ltr'>specialissima</span> <span class='ocrx_word' id='word_1_22' title='bbox 1340 366 1376 396; x_wconf 87' lang='lat' dir='ltr'>et</span> <span class='ocrx_word' id='word_1_23' title='bbox 1390 372 1493 396; x_wconf 89' lang='lat' dir='ltr'>nunc</span> <span class='ocrx_word' id='word_1_24' title='bbox 1508 360 1764 406; x_wconf 87' lang='lat' dir='ltr'>communior,</span> <span class='ocrx_word' id='word_1_25' title='bbox 1778 365 1806 394; x_wconf 85' lang='lat' dir='ltr'>c</span> 
     </span>
     <span class='ocr_line' id='line_1_5' title="bbox 443 428 1769 478; baseline 0.002 -13"><span class='ocrx_word' id='word_1_26' title='bbox 443 428 656 466; x_wconf 89' lang='lat' dir='ltr'>secundum</span> <span class='ocrx_word' id='word_1_27' title='bbox 695 429 950 466; x_wconf 85' lang='lat' dir='ltr'>maioritatem</span> <span class='ocrx_word' id='word_1_28' title='bbox 990 429 1047 466; x_wconf 92' lang='lat' dir='ltr'>vel</span> <span class='ocrx_word' id='word_1_29' title='bbox 1095 430 1353 466; x_wconf 81' lang='lat' dir='ltr'>minoritatem</span> <span class='ocrx_word' id='word_1_30' title='bbox 1400 429 1558 466; x_wconf 89' lang='lat' dir='ltr'>humani</span> <span class='ocrx_word' id='word_1_31' title='bbox 1606 430 1769 478; x_wconf 85' lang='lat' dir='ltr'>generis.</span> 
     </span>
     <span class='ocr_line' id='line_1_6' title="bbox 442 499 1769 549; baseline 0 -14"><span class='ocrx_word' id='word_1_32' title='bbox 442 499 562 545; x_wconf 85' lang='lat' dir='ltr'>Quod</span> <span class='ocrx_word' id='word_1_33' title='bbox 583 499 612 536; x_wconf 91' lang='lat' dir='ltr'>si</span> <span class='ocrx_word' id='word_1_34' title='bbox 634 499 770 536; x_wconf 87' lang='lat' dir='ltr'>dicitur</span> <span class='ocrx_word' id='word_1_35' title='bbox 789 499 1109 536; x_wconf 82' lang='lat' dir='ltr'>universalitatem</span> <span class='ocrx_word' id='word_1_36' title='bbox 1129 499 1272 537; x_wconf 89' lang='lat' dir='ltr'>attendi</span> <span class='ocrx_word' id='word_1_37' title='bbox 1292 512 1411 548; x_wconf 86' lang='lat' dir='ltr'>penes</span> <span class='ocrx_word' id='word_1_38' title='bbox 1431 500 1769 549; x_wconf 87' lang='lat' dir='ltr'>predicabilitatem</span> 
     </span>
     <span class='ocr_line' id='line_1_7' title="bbox 441 569 1795 618; baseline 0 -12"><span class='ocrx_word' id='word_1_39' title='bbox 441 576 477 606; x_wconf 91' lang='lat' dir='ltr'>et</span> <span class='ocrx_word' id='word_1_40' title='bbox 494 569 938 614; x_wconf 81' lang='lat' dir='ltr'>communicabilitatem‚</span> <span class='ocrx_word' id='word_1_41' title='bbox 955 575 992 606; x_wconf 92' lang='lat' dir='ltr'>et</span> <span class='ocrx_word' id='word_1_42' title='bbox 1012 581 1091 606; x_wconf 91' lang='lat' dir='ltr'>non</span> <span class='ocrx_word' id='word_1_43' title='bbox 1112 581 1231 618; x_wconf 89' lang='lat' dir='ltr'>penes</span> <span class='ocrx_word' id='word_1_44' title='bbox 1252 569 1593 618; x_wconf 86' lang='lat' dir='ltr'>predicabilitatem</span> <span class='ocrx_word' id='word_1_45' title='bbox 1609 569 1648 606; x_wconf 92' lang='lat' dir='ltr'>in</span> <span class='ocrx_word' id='word_1_46' title='bbox 1665 575 1795 615; x_wconf 89' lang='lat' dir='ltr'>actu‚5</span> 
     </span>
     <span class='ocr_line' id='line_1_8' title="bbox 440 638 1769 688; baseline 0 -12"><span class='ocrx_word' id='word_1_47' title='bbox 440 646 530 676; x_wconf 90' lang='lat' dir='ltr'>tunc</span> <span class='ocrx_word' id='word_1_48' title='bbox 552 639 646 676; x_wconf 88' lang='lat' dir='ltr'>redit</span> <span class='ocrx_word' id='word_1_49' title='bbox 667 638 885 676; x_wconf 88' lang='lat' dir='ltr'>evidencius</span> <span class='ocrx_word' id='word_1_50' title='bbox 906 640 1007 676; x_wconf 88' lang='lat' dir='ltr'>dicta</span> <span class='ocrx_word' id='word_1_51' title='bbox 1028 640 1251 685; x_wconf 85' lang='lat' dir='ltr'>conclusio;</span> <span class='ocrx_word' id='word_1_52' title='bbox 1276 639 1367 688; x_wconf 86' lang='lat' dir='ltr'>quia</span> <span class='ocrx_word' id='word_1_53' title='bbox 1387 639 1668 688; x_wconf 87' lang='lat' dir='ltr'>predicabilitas</span> <span class='ocrx_word' id='word_1_54' title='bbox 1689 651 1769 677; x_wconf 92' lang='lat' dir='ltr'>non</span> 
     </span>
     <span class='ocr_line' id='line_1_9' title="bbox 440 709 1770 758; baseline 0 -12"><span class='ocrx_word' id='word_1_55' title='bbox 440 716 567 758; x_wconf 87' lang='lat' dir='ltr'>potest</span> <span class='ocrx_word' id='word_1_56' title='bbox 604 709 727 758; x_wconf 85' lang='lat' dir='ltr'>magis</span> <span class='ocrx_word' id='word_1_57' title='bbox 766 715 802 745; x_wconf 91' lang='lat' dir='ltr'>et</span> <span class='ocrx_word' id='word_1_58' title='bbox 835 709 962 746; x_wconf 90' lang='lat' dir='ltr'>minus</span> <span class='ocrx_word' id='word_1_59' title='bbox 1001 709 1203 758; x_wconf 81' lang='lat' dir='ltr'>suscipere,</span> <span class='ocrx_word' id='word_1_60' title='bbox 1238 721 1308 746; x_wconf 89' lang='lat' dir='ltr'>nec</span> <span class='ocrx_word' id='word_1_61' title='bbox 1346 709 1532 746; x_wconf 87' lang='lat' dir='ltr'>terminus</span> <span class='ocrx_word' id='word_1_62' title='bbox 1570 709 1770 758; x_wconf 89' lang='lat' dir='ltr'>specificus</span> 
     </span>
     <span class='ocr_line' id='line_1_10' title="bbox 440 779 1770 828; baseline 0 -13"><span class='ocrx_word' id='word_1_63' title='bbox 440 791 600 816; x_wconf 88' lang='lat' dir='ltr'>manens</span> <span class='ocrx_word' id='word_1_64' title='bbox 629 779 856 816; x_wconf 87' lang='lat' dir='ltr'>sinonimice</span> <span class='ocrx_word' id='word_1_65' title='bbox 883 779 1083 828; x_wconf 88' lang='lat' dir='ltr'>specificus</span> <span class='ocrx_word' id='word_1_66' title='bbox 1103 791 1205 816; x_wconf 90' lang='lat' dir='ltr'>nunc</span> <span class='ocrx_word' id='word_1_67' title='bbox 1233 779 1395 828; x_wconf 88' lang='lat' dir='ltr'>amplius</span> <span class='ocrx_word' id='word_1_68' title='bbox 1415 785 1451 816; x_wconf 89' lang='lat' dir='ltr'>et</span> <span class='ocrx_word' id='word_1_69' title='bbox 1478 791 1581 816; x_wconf 91' lang='lat' dir='ltr'>nunc</span> <span class='ocrx_word' id='word_1_70' title='bbox 1605 779 1770 816; x_wconf 87' lang='lat' dir='ltr'>strictius</span> 
     </span>
     <span class='ocr_line' id='line_1_11' title="bbox 440 849 1768 898; baseline 0 -13"><span class='ocrx_word' id='word_1_71' title='bbox 440 849 614 897; x_wconf 88' lang='lat' dir='ltr'>signare;</span> <span class='ocrx_word' id='word_1_72' title='bbox 645 849 734 898; x_wconf 91' lang='lat' dir='ltr'>quia</span> <span class='ocrx_word' id='word_1_73' title='bbox 748 849 800 886; x_wconf 86' lang='lat' dir='ltr'>sic</span> <span class='ocrx_word' id='word_1_74' title='bbox 820 855 951 897; x_wconf 88' lang='lat' dir='ltr'>posset</span> <span class='ocrx_word' id='word_1_75' title='bbox 964 849 1111 897; x_wconf 88' lang='lat' dir='ltr'>species</span> <span class='ocrx_word' id='word_1_76' title='bbox 1132 849 1406 897; x_wconf 87' lang='lat' dir='ltr'>specialissima</span> <span class='ocrx_word' id='word_1_77' title='bbox 1426 849 1641 898; x_wconf 86' lang='lat' dir='ltr'>equiparari</span> <span class='ocrx_word' id='word_1_78' title='bbox 1653 861 1768 897; x_wconf 85' lang='lat' dir='ltr'>gene-</span> 
     </span>
     <span class='ocr_line' id='line_1_12' title="bbox 439 918 1819 968; baseline -0.003 -12"><span class='ocrx_word' id='word_1_79' title='bbox 439 919 637 964; x_wconf 88' lang='lat' dir='ltr'>ralissimo,</span> <span class='ocrx_word' id='word_1_80' title='bbox 659 926 695 956; x_wconf 88' lang='lat' dir='ltr'>et</span> <span class='ocrx_word' id='word_1_81' title='bbox 715 920 840 968; x_wconf 88' lang='lat' dir='ltr'>ipsum</span> <span class='ocrx_word' id='word_1_82' title='bbox 860 931 982 968; x_wconf 85' lang='lat' dir='ltr'>genus</span> <span class='ocrx_word' id='word_1_83' title='bbox 1003 919 1176 967; x_wconf 81' lang='lat' dir='ltr'>restringi</span> <span class='ocrx_word' id='word_1_84' title='bbox 1196 918 1244 955; x_wconf 91' lang='lat' dir='ltr'>ad</span> <span class='ocrx_word' id='word_1_85' title='bbox 1267 919 1433 968; x_wconf 87' lang='lat' dir='ltr'>speciem</span> <span class='ocrx_word' id='word_1_86' title='bbox 1455 919 1766 968; x_wconf 86' lang='lat' dir='ltr'>specialissimam</span> <span class='ocrx_word' id='word_1_87' title='bbox 1780 931 1819 953; x_wconf 89' lang='lat'>10</span> 
     </span>
     <span class='ocr_line' id='line_1_13' title="bbox 438 988 1768 1038; baseline -0.001 -12"><span class='ocrx_word' id='word_1_88' title='bbox 438 989 496 1026; x_wconf 90' lang='lat' dir='ltr'>vel</span> <span class='ocrx_word' id='word_1_89' title='bbox 511 1002 578 1038; x_wconf 87' lang='lat' dir='ltr'>per</span> <span class='ocrx_word' id='word_1_90' title='bbox 591 989 993 1038; x_wconf 89' lang='lat' dir='ltr'>ydemplificacionem</span> <span class='ocrx_word' id='word_1_91' title='bbox 1013 989 1251 1038; x_wconf 85' lang='lat' dir='ltr'>signatorum</span> <span class='ocrx_word' id='word_1_92' title='bbox 1268 988 1324 1026; x_wconf 93' lang='lat' dir='ltr'>vel</span> <span class='ocrx_word' id='word_1_93' title='bbox 1341 989 1624 1026; x_wconf 88' lang='lat' dir='ltr'>restriccionem</span> <span class='ocrx_word' id='word_1_94' title='bbox 1638 989 1768 1034; x_wconf 87' lang='lat' dir='ltr'>animi,</span> 
     </span>
     <span class='ocr_line' id='line_1_14' title="bbox 438 1059 1767 1108; baseline 0 -13"><span class='ocrx_word' id='word_1_95' title='bbox 438 1059 544 1108; x_wconf 93' lang='lat' dir='ltr'>quod</span> <span class='ocrx_word' id='word_1_96' title='bbox 574 1066 630 1096; x_wconf 90' lang='lat' dir='ltr'>est</span> <span class='ocrx_word' id='word_1_97' title='bbox 659 1066 793 1097; x_wconf 89' lang='lat' dir='ltr'>contra</span> <span class='ocrx_word' id='word_1_98' title='bbox 823 1059 980 1108; x_wconf 88' lang='lat' dir='ltr'>logicos,</span> <span class='ocrx_word' id='word_1_99' title='bbox 1001 1059 1065 1107; x_wconf 92' lang='lat' dir='ltr'>qui</span> <span class='ocrx_word' id='word_1_100' title='bbox 1087 1059 1217 1096; x_wconf 89' lang='lat' dir='ltr'>dicunt</span> <span class='ocrx_word' id='word_1_101' title='bbox 1246 1070 1404 1096; x_wconf 89' lang='lat' dir='ltr'>omnem</span> <span class='ocrx_word' id='word_1_102' title='bbox 1435 1059 1639 1095; x_wconf 90' lang='lat' dir='ltr'>terminum</span> <span class='ocrx_word' id='word_1_103' title='bbox 1661 1071 1767 1096; x_wconf 89' lang='lat' dir='ltr'>com-</span> 
     </span>
     <span class='ocr_line' id='line_1_15' title="bbox 437 1128 1768 1179; baseline 0.001 -14"><span class='ocrx_word' id='word_1_104' title='bbox 437 1141 595 1166; x_wconf 90' lang='lat' dir='ltr'>munem</span> <span class='ocrx_word' id='word_1_105' title='bbox 617 1129 766 1178; x_wconf 88' lang='lat' dir='ltr'>signare</span> <span class='ocrx_word' id='word_1_106' title='bbox 787 1129 931 1166; x_wconf 87' lang='lat' dir='ltr'>nedum</span> <span class='ocrx_word' id='word_1_107' title='bbox 951 1129 1146 1178; x_wconf 90' lang='lat' dir='ltr'>possibilia</span> <span class='ocrx_word' id='word_1_108' title='bbox 1166 1128 1233 1166; x_wconf 85' lang='lat' dir='ltr'>sed</span> <span class='ocrx_word' id='word_1_109' title='bbox 1248 1129 1496 1178; x_wconf 87' lang='lat' dir='ltr'>impossibilia</span> <span class='ocrx_word' id='word_1_110' title='bbox 1512 1141 1768 1179; x_wconf 85' lang='lat' dir='ltr'>quecumque.</span> 
     </span>
     <span class='ocr_line' id='line_1_16' title="bbox 437 1198 1767 1248; baseline -0.001 -11"><span class='ocrx_word' id='word_1_111' title='bbox 437 1200 544 1245; x_wconf 87' lang='lat' dir='ltr'>Ideo,</span> <span class='ocrx_word' id='word_1_112' title='bbox 564 1207 606 1237; x_wconf 89' lang='lat' dir='ltr'>ut</span> <span class='ocrx_word' id='word_1_113' title='bbox 634 1200 727 1237; x_wconf 88' lang='lat' dir='ltr'>alias</span> <span class='ocrx_word' id='word_1_114' title='bbox 747 1200 945 1245; x_wconf 83' lang='lat' dir='ltr'>declaravi,</span> <span class='ocrx_word' id='word_1_115' title='bbox 967 1205 1178 1248; x_wconf 87' lang='lat' dir='ltr'>conceptus</span> <span class='ocrx_word' id='word_1_116' title='bbox 1206 1198 1373 1237; x_wconf 86' lang='lat' dir='ltr'>hominis</span> <span class='ocrx_word' id='word_1_117' title='bbox 1394 1199 1558 1248; x_wconf 86' lang='lat' dir='ltr'>signavit</span> <span class='ocrx_word' id='word_1_118' title='bbox 1585 1200 1767 1237; x_wconf 87' lang='lat' dir='ltr'>continue</span> 
     </span>
     <span class='ocr_line' id='line_1_17' title="bbox 436 1269 1817 1319; baseline 0 -11"><span class='ocrx_word' id='word_1_119' title='bbox 436 1271 656 1308; x_wconf 87' lang='lat' dir='ltr'>naturaliter</span> <span class='ocrx_word' id='word_1_120' title='bbox 685 1271 884 1308; x_wconf 89' lang='lat' dir='ltr'>hominem</span> <span class='ocrx_word' id='word_1_121' title='bbox 913 1277 1153 1319; x_wconf 90' lang='lat' dir='ltr'>assumptum</span> <span class='ocrx_word' id='word_1_122' title='bbox 1188 1282 1211 1307; x_wconf 91' lang='lat' dir='ltr'>a</span> <span class='ocrx_word' id='word_1_123' title='bbox 1239 1269 1396 1308; x_wconf 88' lang='lat' dir='ltr'>Christo</span> <span class='ocrx_word' id='word_1_124' title='bbox 1425 1276 1462 1307; x_wconf 91' lang='lat' dir='ltr'>et</span> <span class='ocrx_word' id='word_1_125' title='bbox 1492 1282 1764 1319; x_wconf 89' lang='lat' dir='ltr'>quamcunque</span> <span class='ocrx_word' id='word_1_126' title='bbox 1779 1279 1817 1311; x_wconf 82' lang='lat'>15</span> 
     </span>
     <span class='ocr_line' id='line_1_18' title="bbox 435 1340 1769 1390; baseline 0.001 -12"><span class='ocrx_word' id='word_1_127' title='bbox 435 1341 712 1378; x_wconf 85' lang='lat' dir='ltr'>humanitatem</span> <span class='ocrx_word' id='word_1_128' title='bbox 731 1340 954 1390; x_wconf 89' lang='lat' dir='ltr'>possibilem</span> <span class='ocrx_word' id='word_1_129' title='bbox 970 1352 979 1385; x_wconf 89' lang='lat'>;</span> <span class='ocrx_word' id='word_1_130' title='bbox 1009 1341 1106 1377; x_wconf 89' lang='lat' dir='ltr'>sicut</span> <span class='ocrx_word' id='word_1_131' title='bbox 1129 1346 1165 1377; x_wconf 87' lang='lat' dir='ltr'>et</span> <span class='ocrx_word' id='word_1_132' title='bbox 1186 1340 1342 1389; x_wconf 87' lang='lat' dir='ltr'>quilibet</span> <span class='ocrx_word' id='word_1_133' title='bbox 1362 1340 1548 1377; x_wconf 89' lang='lat' dir='ltr'>terminus</span> <span class='ocrx_word' id='word_1_134' title='bbox 1568 1340 1769 1389; x_wconf 83' lang='lat' dir='ltr'>specificus</span> 
     </span>
     <span class='ocr_line' id='line_1_19' title="bbox 436 1410 1768 1460; baseline 0 -13"><span class='ocrx_word' id='word_1_135' title='bbox 436 1412 561 1460; x_wconf 88' lang='lat' dir='ltr'>signet</span> <span class='ocrx_word' id='word_1_136' title='bbox 591 1411 816 1449; x_wconf 88' lang='lat' dir='ltr'>secundarie</span> <span class='ocrx_word' id='word_1_137' title='bbox 837 1411 1036 1460; x_wconf 88' lang='lat' dir='ltr'>quodlibet</span> <span class='ocrx_word' id='word_1_138' title='bbox 1065 1422 1188 1459; x_wconf 86' lang='lat' dir='ltr'>genus</span> <span class='ocrx_word' id='word_1_139' title='bbox 1218 1410 1267 1447; x_wconf 88' lang='lat' dir='ltr'>ad</span> <span class='ocrx_word' id='word_1_140' title='bbox 1296 1410 1464 1459; x_wconf 88' lang='lat' dir='ltr'>speciem</span> <span class='ocrx_word' id='word_1_141' title='bbox 1492 1421 1611 1459; x_wconf 89' lang='lat' dir='ltr'>quam</span> <span class='ocrx_word' id='word_1_142' title='bbox 1641 1410 1768 1458; x_wconf 90' lang='lat' dir='ltr'>primo</span> 
     </span>
     <span class='ocr_line' id='line_1_20' title="bbox 435 1479 1767 1531; baseline -0.002 -13"><span class='ocrx_word' id='word_1_143' title='bbox 435 1481 572 1530; x_wconf 83' lang='lat' dir='ltr'>signat,</span> <span class='ocrx_word' id='word_1_144' title='bbox 604 1488 641 1518; x_wconf 85' lang='lat' dir='ltr'>et</span> <span class='ocrx_word' id='word_1_145' title='bbox 674 1494 742 1530; x_wconf 93' lang='lat' dir='ltr'>per</span> <span class='ocrx_word' id='word_1_146' title='bbox 775 1493 1020 1531; x_wconf 85' lang='lat' dir='ltr'>consequens</span> <span class='ocrx_word' id='word_1_147' title='bbox 1054 1481 1222 1530; x_wconf 90' lang='lat' dir='ltr'>quelibet</span> <span class='ocrx_word' id='word_1_148' title='bbox 1261 1485 1434 1518; x_wconf 88' lang='lat' dir='ltr'>creatura</span> <span class='ocrx_word' id='word_1_149' title='bbox 1472 1480 1598 1529; x_wconf 86' lang='lat' dir='ltr'>signat</span> <span class='ocrx_word' id='word_1_150' title='bbox 1635 1479 1767 1517; x_wconf 90' lang='lat' dir='ltr'>Deum</span> 
     </span>
     <span class='ocr_line' id='line_1_21' title="bbox 433 1550 1766 1600; baseline -0.001 -12"><span class='ocrx_word' id='word_1_151' title='bbox 433 1563 559 1589; x_wconf 89' lang='lat' dir='ltr'>suum.</span> <span class='ocrx_word' id='word_1_152' title='bbox 629 1551 713 1589; x_wconf 92' lang='lat' dir='ltr'>Nec</span> <span class='ocrx_word' id='word_1_153' title='bbox 744 1551 890 1588; x_wconf 88' lang='lat' dir='ltr'>infinita</span> <span class='ocrx_word' id='word_1_154' title='bbox 924 1551 1132 1600; x_wconf 85' lang='lat' dir='ltr'>singularia</span> <span class='ocrx_word' id='word_1_155' title='bbox 1162 1551 1362 1600; x_wconf 86' lang='lat' dir='ltr'>signantur</span> <span class='ocrx_word' id='word_1_156' title='bbox 1399 1562 1467 1599; x_wconf 89' lang='lat' dir='ltr'>per</span> <span class='ocrx_word' id='word_1_157' title='bbox 1505 1550 1766 1600; x_wconf 88' lang='lat' dir='ltr'>quodcunque</span> 
     </span>
     <span class='ocr_line' id='line_1_22' title="bbox 434 1620 1817 1671; baseline 0 -12"><span class='ocrx_word' id='word_1_158' title='bbox 434 1622 586 1670; x_wconf 83' lang='lat' dir='ltr'>signum</span> <span class='ocrx_word' id='word_1_159' title='bbox 607 1622 843 1671; x_wconf 80' lang='lat' dir='ltr'>specificum,</span> <span class='ocrx_word' id='word_1_160' title='bbox 865 1621 932 1658; x_wconf 89' lang='lat' dir='ltr'>sed</span> <span class='ocrx_word' id='word_1_161' title='bbox 959 1620 1205 1658; x_wconf 88' lang='lat' dir='ltr'>solummodo</span> <span class='ocrx_word' id='word_1_162' title='bbox 1229 1620 1335 1658; x_wconf 91' lang='lat' dir='ltr'>finita</span> <span class='ocrx_word' id='word_1_163' title='bbox 1363 1620 1502 1666; x_wconf 89' lang='lat' dir='ltr'>danda,</span> <span class='ocrx_word' id='word_1_164' title='bbox 1533 1627 1659 1669; x_wconf 88' lang='lat' dir='ltr'>preter</span> <span class='ocrx_word' id='word_1_165' title='bbox 1687 1632 1762 1670; x_wconf 90' lang='lat' dir='ltr'>que</span> <span class='ocrx_word' id='word_1_166' title='bbox 1777 1637 1817 1659; x_wconf 90' lang='lat'>20</span> 
     </span>
     <span class='ocr_line' id='line_1_23' title="bbox 433 1690 1762 1741; baseline -0.001 -13"><span class='ocrx_word' id='word_1_167' title='bbox 433 1691 600 1729; x_wconf 89' lang='lat' dir='ltr'>creditur</span> <span class='ocrx_word' id='word_1_168' title='bbox 616 1691 720 1741; x_wconf 90' lang='lat' dir='ltr'>quod</span> <span class='ocrx_word' id='word_1_169' title='bbox 740 1703 820 1729; x_wconf 92' lang='lat' dir='ltr'>non</span> <span class='ocrx_word' id='word_1_170' title='bbox 840 1691 914 1729; x_wconf 87' lang='lat' dir='ltr'>alia</span> <span class='ocrx_word' id='word_1_171' title='bbox 932 1698 1095 1740; x_wconf 88' lang='lat' dir='ltr'>possunt</span> <span class='ocrx_word' id='word_1_172' title='bbox 1108 1703 1192 1729; x_wconf 86' lang='lat' dir='ltr'>esse</span> <span class='ocrx_word' id='word_1_173' title='bbox 1208 1697 1334 1740; x_wconf 85' lang='lat' dir='ltr'>preter</span> <span class='ocrx_word' id='word_1_174' title='bbox 1350 1690 1508 1740; x_wconf 88' lang='lat' dir='ltr'>aliquod</span> <span class='ocrx_word' id='word_1_175' title='bbox 1521 1690 1762 1739; x_wconf 77' lang='lat' dir='ltr'>signatorum</span> 
     </span>
     <span class='ocr_line' id='line_1_24' title="bbox 433 1761 758 1811; baseline 0 -12"><span class='ocrx_word' id='word_1_176' title='bbox 433 1761 535 1799; x_wconf 89' lang='lat' dir='ltr'>aliud</span> <span class='ocrx_word' id='word_1_177' title='bbox 554 1762 758 1811; x_wconf 85' lang='lat' dir='ltr'>singulare.</span> 
     </span>
    </p>

    <p class='ocr_par' dir='ltr' id='par_1_4' title="bbox 429 1830 1814 2583">
     <span class='ocr_line' id='line_1_25' title="bbox 490 1830 1762 1880; baseline -0.002 -10"><span class='ocrx_word' id='word_1_178' title='bbox 490 1831 566 1870; x_wconf 90' lang='lat' dir='ltr'>Sed</span> <span class='ocrx_word' id='word_1_179' title='bbox 586 1832 748 1869; x_wconf 90' lang='lat' dir='ltr'>obicitur</span> <span class='ocrx_word' id='word_1_180' title='bbox 772 1843 839 1880; x_wconf 90' lang='lat' dir='ltr'>per</span> <span class='ocrx_word' id='word_1_181' title='bbox 868 1830 940 1869; x_wconf 92' lang='lat' dir='ltr'>hoc</span> <span class='ocrx_word' id='word_1_182' title='bbox 960 1830 1065 1880; x_wconf 91' lang='lat' dir='ltr'>quod</span> <span class='ocrx_word' id='word_1_183' title='bbox 1087 1834 1095 1849; x_wconf 88' lang='lat'>‘</span> <span class='ocrx_word' id='word_1_184' title='bbox 1111 1830 1149 1867; x_wconf 88' lang='lat' dir='ltr'>Si</span> <span class='ocrx_word' id='word_1_185' title='bbox 1170 1830 1327 1880; x_wconf 88' lang='lat' dir='ltr'>aliquod</span> <span class='ocrx_word' id='word_1_186' title='bbox 1355 1830 1565 1868; x_wconf 88' lang='lat' dir='ltr'>universale</span> <span class='ocrx_word' id='word_1_187' title='bbox 1586 1830 1632 1868; x_wconf 87' lang='lat' dir='ltr'>sit</span> <span class='ocrx_word' id='word_1_188' title='bbox 1661 1842 1762 1868; x_wconf 89' lang='lat' dir='ltr'>nunc</span> 
     </span>
     <span class='ocr_line' id='line_1_26' title="bbox 433 1901 1760 1948; baseline -0.002 -8"><span class='ocrx_word' id='word_1_189' title='bbox 433 1904 442 1920; x_wconf 91' lang='lat'>‘</span> <span class='ocrx_word' id='word_1_190' title='bbox 457 1903 510 1940; x_wconf 85' lang='lat' dir='ltr'>sic</span> <span class='ocrx_word' id='word_1_191' title='bbox 530 1914 749 1948; x_wconf 89' lang='lat' dir='ltr'>commune,</span> <span class='ocrx_word' id='word_1_192' title='bbox 767 1908 857 1939; x_wconf 89' lang='lat' dir='ltr'>tunc</span> <span class='ocrx_word' id='word_1_193' title='bbox 877 1901 1180 1939; x_wconf 88' lang='lat' dir='ltr'>communicatur</span> <span class='ocrx_word' id='word_1_194' title='bbox 1196 1902 1389 1939; x_wconf 86' lang='lat' dir='ltr'>actualiter</span> <span class='ocrx_word' id='word_1_195' title='bbox 1403 1913 1505 1939; x_wconf 91' lang='lat' dir='ltr'>nunc</span> <span class='ocrx_word' id='word_1_196' title='bbox 1525 1901 1574 1938; x_wconf 87' lang='lat' dir='ltr'>ad</span> <span class='ocrx_word' id='word_1_197' title='bbox 1589 1907 1735 1938; x_wconf 87' lang='lat' dir='ltr'>tantum</span> <span class='ocrx_word' id='word_1_198' title='bbox 1750 1912 1760 1946; x_wconf 81' lang='lat'><em>3</em></span> 
     </span>
     <span class='ocr_line' id='line_1_27' title="bbox 434 1969 1806 2023; baseline -0.003 -12"><span class='ocrx_word' id='word_1_199' title='bbox 434 1978 442 1994; x_wconf 87' lang='lat'>‘</span> <span class='ocrx_word' id='word_1_200' title='bbox 457 1981 493 2011; x_wconf 89' lang='lat' dir='ltr'>et</span> <span class='ocrx_word' id='word_1_201' title='bbox 509 1985 575 2023; x_wconf 91' lang='lat' dir='ltr'>per</span> <span class='ocrx_word' id='word_1_202' title='bbox 595 1984 835 2022; x_wconf 81' lang='lat' dir='ltr'>consequens</span> <span class='ocrx_word' id='word_1_203' title='bbox 854 1969 872 1990; x_wconf 74' lang='lat'>&#39;¹‘</span> <span class='ocrx_word' id='word_1_204' title='bbox 887 1972 1019 2009; x_wconf 91' lang='lat' dir='ltr'>omnia</span> <span class='ocrx_word' id='word_1_205' title='bbox 1034 1971 1115 2008; x_wconf 86' lang='lat' dir='ltr'>eius</span> <span class='ocrx_word' id='word_1_206' title='bbox 1135 1971 1334 2020; x_wconf 86' lang='lat' dir='ltr'>supposita</span> <span class='ocrx_word' id='word_1_207' title='bbox 1354 1984 1456 2009; x_wconf 92' lang='lat' dir='ltr'>nunc</span> <span class='ocrx_word' id='word_1_208' title='bbox 1478 1977 1566 2008; x_wconf 90' lang='lat' dir='ltr'>sunt</span> <span class='ocrx_word' id='word_1_209' title='bbox 1589 1971 1629 2008; x_wconf 90' lang='lat' dir='ltr'>in</span> <span class='ocrx_word' id='word_1_210' title='bbox 1648 1976 1734 2008; x_wconf 85' lang='lat' dir='ltr'>actu</span> <span class='ocrx_word' id='word_1_211' title='bbox 1749 1984 1758 2018; x_wconf 90' lang='lat'>;</span> <span class='ocrx_word' id='word_1_212' title='bbox 1773 1982 1806 2011; x_wconf 90' lang='lat' dir='ltr'>D</span> 
     </span>
     <span class='ocr_line' id='line_1_28' title="bbox 434 2041 1759 2092; baseline -0.002 -11"><span class='ocrx_word' id='word_1_213' title='bbox 434 2048 493 2081; x_wconf 89' lang='lat' dir='ltr'>‘et</span> <span class='ocrx_word' id='word_1_214' title='bbox 513 2044 566 2080; x_wconf 89' lang='lat' dir='ltr'>sic</span> <span class='ocrx_word' id='word_1_215' title='bbox 592 2054 710 2080; x_wconf 88' lang='lat' dir='ltr'>omne</span> <span class='ocrx_word' id='word_1_216' title='bbox 731 2042 837 2092; x_wconf 90' lang='lat' dir='ltr'>quod</span> <span class='ocrx_word' id='word_1_217' title='bbox 860 2041 927 2078; x_wconf 85' lang='lat' dir='ltr'>fuit</span> <span class='ocrx_word' id='word_1_218' title='bbox 948 2041 1005 2078; x_wconf 90' lang='lat' dir='ltr'>vel</span> <span class='ocrx_word' id='word_1_219' title='bbox 1033 2042 1101 2079; x_wconf 89' lang='lat' dir='ltr'>erit</span> <span class='ocrx_word' id='word_1_220' title='bbox 1121 2042 1265 2079; x_wconf 90' lang='lat' dir='ltr'>nedum</span> <span class='ocrx_word' id='word_1_221' title='bbox 1296 2048 1352 2079; x_wconf 86' lang='lat' dir='ltr'>est</span> <span class='ocrx_word' id='word_1_222' title='bbox 1380 2054 1450 2092; x_wconf 89' lang='lat' dir='ltr'>pro</span> <span class='ocrx_word' id='word_1_223' title='bbox 1477 2053 1547 2079; x_wconf 88' lang='lat' dir='ltr'>suo</span> <span class='ocrx_word' id='word_1_224' title='bbox 1576 2048 1759 2091; x_wconf 87' lang='lat' dir='ltr'>tempore,</span> 
     </span>
     <span class='ocr_line' id='line_1_29' title="bbox 433 2112 1760 2162; baseline -0.001 -11"><span class='ocrx_word' id='word_1_225' title='bbox 433 2117 443 2135; x_wconf 87' lang='lat'><em>‘</em></span> <span class='ocrx_word' id='word_1_226' title='bbox 456 2114 524 2151; x_wconf 89' lang='lat' dir='ltr'>sed</span> <span class='ocrx_word' id='word_1_227' title='bbox 546 2125 695 2162; x_wconf 89' lang='lat' dir='ltr'>semper</span> <span class='ocrx_word' id='word_1_228' title='bbox 713 2124 783 2161; x_wconf 93' lang='lat' dir='ltr'>pro</span> <span class='ocrx_word' id='word_1_229' title='bbox 799 2112 970 2162; x_wconf 88' lang='lat' dir='ltr'>quolibet</span> <span class='ocrx_word' id='word_1_230' title='bbox 988 2112 1145 2149; x_wconf 85' lang='lat' dir='ltr'>instanti</span> <span class='ocrx_word' id='word_1_231' title='bbox 1165 2112 1348 2161; x_wconf 87' lang='lat' dir='ltr'>temporis</span> <span class='ocrx_word' id='word_1_232' title='bbox 1368 2112 1627 2161; x_wconf 65' lang='lat' dir='ltr'>assignando!</span> <span class='ocrx_word' id='word_1_233' title='bbox 1683 2113 1760 2150; x_wconf 89' lang='lat' dir='ltr'>Hic</span> 
     </span>
     <span class='ocr_line' id='line_1_30' title="bbox 432 2182 1767 2232; baseline -0.001 -11"><span class='ocrx_word' id='word_1_234' title='bbox 432 2184 569 2222; x_wconf 87' lang='lat' dir='ltr'>dicitur</span> <span class='ocrx_word' id='word_1_235' title='bbox 590 2182 695 2232; x_wconf 90' lang='lat' dir='ltr'>quod</span> <span class='ocrx_word' id='word_1_236' title='bbox 722 2194 802 2219; x_wconf 93' lang='lat' dir='ltr'>non</span> <span class='ocrx_word' id='word_1_237' title='bbox 832 2182 1014 2231; x_wconf 88' lang='lat' dir='ltr'>sequitur,</span> <span class='ocrx_word' id='word_1_238' title='bbox 1037 2182 1148 2219; x_wconf 90' lang='lat' dir='ltr'>‘Hec</span> <span class='ocrx_word' id='word_1_239' title='bbox 1177 2182 1325 2230; x_wconf 86' lang='lat' dir='ltr'>species</span> <span class='ocrx_word' id='word_1_240' title='bbox 1354 2194 1457 2219; x_wconf 88' lang='lat' dir='ltr'>nunc</span> <span class='ocrx_word' id='word_1_241' title='bbox 1486 2187 1543 2219; x_wconf 88' lang='lat' dir='ltr'>est</span> <span class='ocrx_word' id='word_1_242' title='bbox 1572 2183 1642 2220; x_wconf 91' lang='lat' dir='ltr'>sub</span> <span class='ocrx_word' id='word_1_243' title='bbox 1671 2182 1767 2220; x_wconf 87' lang='lat' dir='ltr'>dato.</span> 
     </span>
     <span class='ocr_line' id='line_1_31' title="bbox 433 2252 1760 2304; baseline -0.002 -13"><span class='ocrx_word' id='word_1_244' title='bbox 433 2254 575 2304; x_wconf 87' lang='lat' dir='ltr'>‘gradu</span> <span class='ocrx_word' id='word_1_245' title='bbox 605 2252 830 2291; x_wconf 86' lang='lat' dir='ltr'>universalis</span> <span class='ocrx_word' id='word_1_246' title='bbox 858 2252 917 2290; x_wconf 87' lang='lat' dir='ltr'>vel</span> <span class='ocrx_word' id='word_1_247' title='bbox 945 2252 1174 2297; x_wconf 87' lang='lat' dir='ltr'>communis,</span> <span class='ocrx_word' id='word_1_248' title='bbox 1197 2264 1290 2301; x_wconf 86' lang='lat' dir='ltr'>ergo</span> <span class='ocrx_word' id='word_1_249' title='bbox 1320 2263 1424 2289; x_wconf 92' lang='lat' dir='ltr'>nunc</span> <span class='ocrx_word' id='word_1_250' title='bbox 1454 2253 1760 2290; x_wconf 85' lang='lat' dir='ltr'>communicatur</span> 
     </span>
     <span class='ocr_line' id='line_1_32' title="bbox 432 2320 1814 2373; baseline -0.003 -11"><span class='ocrx_word' id='word_1_251' title='bbox 432 2328 440 2343; x_wconf 86' lang='lat'>‘</span> <span class='ocrx_word' id='word_1_252' title='bbox 455 2323 711 2373; x_wconf 87' lang='lat' dir='ltr'>singularibus</span> <span class='ocrx_word' id='word_1_253' title='bbox 731 2329 809 2360; x_wconf 89' lang='lat' dir='ltr'>tam</span> <span class='ocrx_word' id='word_1_254' title='bbox 829 2329 984 2360; x_wconf 86' lang='lat' dir='ltr'>extense</span> <span class='ocrx_word' id='word_1_255' title='bbox 1000 2320 1032 2368; x_wconf 87' lang='lat'>;&#39;</span> <span class='ocrx_word' id='word_1_256' title='bbox 1055 2322 1123 2360; x_wconf 86' lang='lat' dir='ltr'>sed</span> <span class='ocrx_word' id='word_1_257' title='bbox 1142 2322 1231 2360; x_wconf 85' lang='lat' dir='ltr'>satis</span> <span class='ocrx_word' id='word_1_258' title='bbox 1251 2328 1306 2359; x_wconf 88' lang='lat' dir='ltr'>est</span> <span class='ocrx_word' id='word_1_259' title='bbox 1322 2321 1427 2371; x_wconf 92' lang='lat' dir='ltr'>quod</span> <span class='ocrx_word' id='word_1_260' title='bbox 1447 2334 1549 2359; x_wconf 91' lang='lat' dir='ltr'>nunc</span> <span class='ocrx_word' id='word_1_261' title='bbox 1571 2322 1617 2359; x_wconf 91' lang='lat' dir='ltr'>sit</span> <span class='ocrx_word' id='word_1_262' title='bbox 1637 2322 1758 2360; x_wconf 87' lang='lat' dir='ltr'>forma</span> <span class='ocrx_word' id='word_1_263' title='bbox 1773 2336 1814 2368; x_wconf 78' lang='lat'>30</span> 
     </span>
     <span class='ocr_line' id='line_1_33' title="bbox 430 2392 1758 2442; baseline -0.002 -11"><span class='ocrx_word' id='word_1_264' title='bbox 430 2395 489 2431; x_wconf 91' lang='lat' dir='ltr'>vel</span> <span class='ocrx_word' id='word_1_265' title='bbox 509 2394 645 2431; x_wconf 88' lang='lat' dir='ltr'>veritas</span> <span class='ocrx_word' id='word_1_266' title='bbox 674 2405 749 2441; x_wconf 87' lang='lat' dir='ltr'>que</span> <span class='ocrx_word' id='word_1_267' title='bbox 780 2392 1085 2430; x_wconf 89' lang='lat' dir='ltr'>communicatur</span> <span class='ocrx_word' id='word_1_268' title='bbox 1109 2392 1158 2430; x_wconf 89' lang='lat' dir='ltr'>ad</span> <span class='ocrx_word' id='word_1_269' title='bbox 1188 2398 1337 2429; x_wconf 87' lang='lat' dir='ltr'>tantum</span> <span class='ocrx_word' id='word_1_270' title='bbox 1366 2405 1436 2442; x_wconf 91' lang='lat' dir='ltr'>pro</span> <span class='ocrx_word' id='word_1_271' title='bbox 1465 2404 1536 2431; x_wconf 87' lang='lat' dir='ltr'>suo</span> <span class='ocrx_word' id='word_1_272' title='bbox 1564 2399 1758 2441; x_wconf 88' lang='lat' dir='ltr'>tempore:</span> 
     </span>
     <span class='ocr_line' id='line_1_34' title="bbox 430 2462 1760 2513; baseline -0.001 -11"><span class='ocrx_word' id='word_1_273' title='bbox 430 2471 560 2502; x_wconf 88' lang='lat' dir='ltr'>manet</span> <span class='ocrx_word' id='word_1_274' title='bbox 589 2476 682 2513; x_wconf 87' lang='lat' dir='ltr'>ergo</span> <span class='ocrx_word' id='word_1_275' title='bbox 701 2463 899 2511; x_wconf 89' lang='lat' dir='ltr'>quodlibet</span> <span class='ocrx_word' id='word_1_276' title='bbox 928 2462 1141 2500; x_wconf 89' lang='lat' dir='ltr'>universale</span> <span class='ocrx_word' id='word_1_277' title='bbox 1172 2463 1352 2500; x_wconf 88' lang='lat' dir='ltr'>continue</span> <span class='ocrx_word' id='word_1_278' title='bbox 1379 2463 1450 2499; x_wconf 92' lang='lat' dir='ltr'>sub</span> <span class='ocrx_word' id='word_1_279' title='bbox 1473 2463 1611 2501; x_wconf 89' lang='lat' dir='ltr'>eodem</span> <span class='ocrx_word' id='word_1_280' title='bbox 1637 2463 1760 2512; x_wconf 86' lang='lat' dir='ltr'>gradu</span> 
     </span>
     <span class='ocr_line' id='line_1_35' title="bbox 429 2532 1760 2583; baseline -0.002 -10"><span class='ocrx_word' id='word_1_281' title='bbox 429 2534 713 2573; x_wconf 85' lang='lat' dir='ltr'>communitatis</span> <span class='ocrx_word' id='word_1_282' title='bbox 726 2539 763 2571; x_wconf 86' lang='lat' dir='ltr'>et</span> <span class='ocrx_word' id='word_1_283' title='bbox 776 2533 1016 2583; x_wconf 86' lang='lat' dir='ltr'>specialitatis</span> <span class='ocrx_word' id='word_1_284' title='bbox 1022 2545 1030 2579; x_wconf 87' lang='lat'>;</span> <span class='ocrx_word' id='word_1_285' title='bbox 1046 2533 1136 2583; x_wconf 87' lang='lat' dir='ltr'>quia</span> <span class='ocrx_word' id='word_1_286' title='bbox 1151 2533 1181 2569; x_wconf 90' lang='lat' dir='ltr'>si</span> <span class='ocrx_word' id='word_1_287' title='bbox 1194 2532 1298 2571; x_wconf 87' lang='lat' dir='ltr'>nulla</span> <span class='ocrx_word' id='word_1_288' title='bbox 1312 2532 1506 2571; x_wconf 89' lang='lat' dir='ltr'>individua</span> <span class='ocrx_word' id='word_1_289' title='bbox 1518 2533 1760 2582; x_wconf 84' lang='lat' dir='ltr'>singularitas</span> 
     </span>
    </p>
   </div>
   <div class='ocr_carea' id='block_1_4' title="bbox 426 2659 1761 2762">
    <p class='ocr_par' dir='ltr' id='par_1_5' title="bbox 426 2659 1761 2762">
     <span class='ocr_line' id='line_1_36' title="bbox 462 2659 1761 2693; baseline -0.006 -4"><span class='ocrx_word' id='word_1_290' title='bbox 462 2664 486 2688; x_wconf 90' lang='lat'>6.</span> <span class='ocrx_word' id='word_1_291' title='bbox 505 2663 585 2689; x_wconf 78' lang='lat' dir='ltr'>dzcta</span> <span class='ocrx_word' id='word_1_292' title='bbox 604 2662 646 2687; x_wconf 88' lang='lat' dir='ltr'>A:</span> <span class='ocrx_word' id='word_1_293' title='bbox 675 2662 788 2687; x_wconf 80' lang='lat' dir='ltr'>zntenta</span> <span class='ocrx_word' id='word_1_294' title='bbox 808 2660 873 2687; x_wconf 91' lang='lat' dir='ltr'>BC.</span> <span class='ocrx_word' id='word_1_295' title='bbox 1004 2661 1027 2686; x_wconf 85' lang='lat'>8.</span> <span class='ocrx_word' id='word_1_296' title='bbox 1048 2668 1166 2686; x_wconf 81' lang='lat' dir='ltr'>manens</span> <span class='ocrx_word' id='word_1_297' title='bbox 1183 2660 1222 2686; x_wconf 84' lang='lat' dir='ltr'>A2</span> <span class='ocrx_word' id='word_1_298' title='bbox 1244 2659 1283 2692; x_wconf 84' lang='grc' dir='ltr'>(ἰη</span> <span class='ocrx_word' id='word_1_299' title='bbox 1302 2659 1403 2693; x_wconf 82' lang='lat' dir='ltr'>marg.)</span> <span class='ocrx_word' id='word_1_300' title='bbox 1422 2659 1488 2687; x_wconf 92' lang='lat' dir='ltr'>BC.</span> <span class='ocrx_word' id='word_1_301' title='bbox 1515 2669 1628 2687; x_wconf 82' lang='lat' dir='ltr'>movens</span> <span class='ocrx_word' id='word_1_302' title='bbox 1645 2662 1683 2688; x_wconf 91' lang='grc' dir='ltr'>Α1</span> <span class='ocrx_word' id='word_1_303' title='bbox 1702 2665 1761 2688; x_wconf 74' lang='lat' dir='ltr'>non·</span> 
     </span>
     <span class='ocr_line' id='line_1_37' title="bbox 428 2693 1757 2753; baseline -0.003 -31"><span class='ocrx_word' id='word_1_304' title='bbox 428 2702 608 2729; x_wconf 86' lang='lat' dir='ltr'>expunctum.</span> <span class='ocrx_word' id='word_1_305' title='bbox 643 2695 830 2720; x_wconf 24' lang='lat' dir='ltr'>szwnonzmzce</span> <span class='ocrx_word' id='word_1_306' title='bbox 847 2693 904 2720; x_wconf 68' lang='lat' dir='ltr'>si‘n</span> <span class='ocrx_word' id='word_1_307' title='bbox 906 2693 970 2719; x_wconf 72' lang='lat' dir='ltr'>‘At</span> <span class='ocrx_word' id='word_1_308' title='bbox 990 2694 1062 2719; x_wconf 73' lang='lat' dir='ltr'>sino‘</span> <span class='ocrx_word' id='word_1_309' title='bbox 1064 2693 1155 2719; x_wconf 71' lang='lat' dir='ltr'>‘BQ</span> <span class='ocrx_word' id='word_1_310' title='bbox 1238 2694 1500 2753; x_wconf 49' lang='lat' dir='ltr'>qgeneralzssimo</span> <span class='ocrx_word' id='word_1_311' title='bbox 1513 2694 1582 2720; x_wconf 83' lang='lat' dir='ltr'>AC.</span> <span class='ocrx_word' id='word_1_312' title='bbox 1599 2696 1757 2728; x_wconf 78' lang='lat' dir='ltr'>generali-s</span> 
     </span>
     <span class='ocr_line' id='line_1_38' title="bbox 426 2726 1757 2762; baseline -0.002 -6"><span class='ocrx_word' id='word_1_313' title='bbox 426 2739 499 2756; x_wconf 73' lang='lat' dir='ltr'>sime</span> <span class='ocrx_word' id='word_1_314' title='bbox 512 2730 542 2755; x_wconf 77' lang='lat' dir='ltr'>B.</span> <span class='ocrx_word' id='word_1_315' title='bbox 622 2736 661 2754; x_wconf 83' lang='lat'>20.</span> <span class='ocrx_word' id='word_1_316' title='bbox 680 2728 856 2754; x_wconf 81' lang='lat' dir='ltr'>solummodo</span> <span class='ocrx_word' id='word_1_317' title='bbox 867 2727 907 2753; x_wconf 93' lang='lat' dir='ltr'>C.</span> <span class='ocrx_word' id='word_1_318' title='bbox 929 2728 1022 2752; x_wconf 82' lang='lat' dir='ltr'>solum</span> <span class='ocrx_word' id='word_1_319' title='bbox 1035 2726 1083 2759; x_wconf 85' lang='lat' dir='ltr'>A(</span> <span class='ocrx_word' id='word_1_320' title='bbox 1072 2726 1129 2759; x_wconf 88' lang='lat' dir='ltr'>(cui</span> <span class='ocrx_word' id='word_1_321' title='bbox 1144 2727 1224 2752; x_wconf 82' lang='lat' dir='ltr'>modo</span> <span class='ocrx_word' id='word_1_322' title='bbox 1237 2727 1273 2753; x_wconf 78' lang='lat' dir='ltr'>ad</span> <span class='ocrx_word' id='word_1_323' title='bbox 1297 2733 1351 2753; x_wconf 82' lang='lat' dir='ltr'>itur</span> <span class='ocrx_word' id='word_1_324' title='bbox 1364 2736 1391 2753; x_wconf 87' lang='lat' dir='ltr'>m</span> <span class='ocrx_word' id='word_1_325' title='bbox 1406 2736 1485 2760; x_wconf 82' lang='lat' dir='ltr'>marg</span> <span class='ocrx_word' id='word_1_326' title='bbox 1508 2728 1597 2755; x_wconf 82' lang='lat' dir='ltr'>altera</span> <span class='ocrx_word' id='word_1_327' title='bbox 1611 2730 1708 2762; x_wconf 83' lang='lat' dir='ltr'>manu)</span> <span class='ocrx_word' id='word_1_328' title='bbox 1726 2728 1757 2754; x_wconf 90' lang='lat' dir='ltr'>B.</span> 
     </span>
    </p>
   </div>
   <div class='ocr_carea' id='block_1_5' title="bbox 427 2760 1247 2795">
    <p class='ocr_par' dir='ltr' id='par_1_6' title="bbox 427 2760 1247 2795">
     <span class='ocr_line' id='line_1_39' title="bbox 427 2760 1247 2795; baseline -0.005 -6"><span class='ocrx_word' id='word_1_329' title='bbox 427 2773 467 2795; x_wconf 88' lang='lat'>25.</span> <span class='ocrx_word' id='word_1_330' title='bbox 490 2764 574 2789; x_wconf 88' lang='lat' dir='ltr'>znA.</span> <span class='ocrx_word' id='word_1_331' title='bbox 595 2771 648 2788; x_wconf 87' lang='lat' dir='ltr'>om.</span> <span class='ocrx_word' id='word_1_332' title='bbox 665 2762 728 2788; x_wconf 88' lang='lat' dir='ltr'>BC.</span> <span class='ocrx_word' id='word_1_333' title='bbox 832 2770 871 2793; x_wconf 83' lang='lat'>3²·</span> <span class='ocrx_word' id='word_1_334' title='bbox 890 2760 1078 2793; x_wconf 70' lang='lat' dir='ltr'>graduBC:</span> <span class='ocrx_word' id='word_1_335' title='bbox 1096 2761 1247 2792; x_wconf 79' lang='lat' dir='ltr'>genereA.</span> 
     </span>
    </p>
   </div>
  </div>
 </body>
</html>
