2008 3305
158 174 239 216 216

160 1523 204 1549 Or
224 1519 315 1548 Gon's
334 1522 391 1547 RE-

161 1563 287 1582 CEIVING.

162 1601 225 1627 God
239 1601 290 1626 has
303 1599 360 1625 and

161 1634 284 1660 receives
297 1633 384 1658 what-

838 184 903 215 DE
936 182 1154 216 DOMINIO
1188 182 1364 215 D1ero
1563 172 1667 231 [CAP.
1687 186 1752 215 111.

433 298 573 337 Melius
594 311 687 348 ergo
707 306 764 337 est
783 312 852 349 pro
868 300 1002 337 ordine
1022 301 1186 337 universi
1204 299 1307 350 quod
1328 305 1532 349 peccantes
1552 300 1758 349 puniantur
1774 303 1872 345 [¹74D

432 369 646 407 secundum
659 369 763 419 leges
776 369 978 407 hominum
995 371 1071 407 iam
1093 377 1262 417 statutas,
1280 377 1316 408 et
1337 370 1595 419 dampnentur
1607 370 1760 420 plurimi

432 439 593 477 finaliter
625 440 903 489 delinquentes,
932 452 1051 489 quam
1081 441 1186 490 quod
1213 448 1368 478 maneat
1398 441 1560 479 ecclesia
1593 441 1762 478 militans

433 511 482 547 ab
512 510 670 547 offensis
700 510 858 547 adextra
888 511 1187 548 exercitantibus
1215 511 1410 560 inquieta:
1452 523 1559 559 ymo,
1590 518 1631 547 ut
1661 517 1764 561 patet

433 581 613 625 anterius,
634 579 742 617 Deus
762 592 842 617 non
866 586 991 629 potest
1011 587 1225 618 creaturam
1246 588 1326 618 tam
1346 593 1461 629 parce
1482 581 1642 618 liberam
1664 581 1762 618 ordi·
1776 593 1793 624 5

433 662 536 687 nare.
567 649 671 687 Nam
692 651 722 688 si
742 650 849 688 Deus
870 651 990 689 aufert
1010 664 1032 688 a
1053 658 1227 689 creatura
1243 651 1440 701 quodlibet
1454 652 1601 688 bonum
1617 651 1764 689 donum

434 732 557 765 suum,
578 727 668 758 tunc
692 721 813 758 aufert
842 723 891 759 ab
911 734 956 759 ea
976 734 1072 767 esse,
1093 722 1445 767 conservacionem,
1466 728 1549 768 etc„
1572 722 1653 759 sine
1682 721 1766 770 qui-

434 792 506 828 bus
531 791 647 828 nichil
668 798 840 829 creatum
871 798 997 841 potest
1021 792 1205 830 existere:
1235 792 1323 830 ideo
1350 792 1380 829 si
1403 791 1510 829 Deus
1537 792 1766 841 cuicumque

434 863 609 910 peccanti
635 862 798 900 auferret
825 874 941 901 omne
970 862 1116 900 donum
1137 862 1242 912 quod
1266 863 1393 911 ipsum
1414 862 1453 898 in
1472 874 1615 899 vanum
1637 862 1768 911 recipit

437 933 514 969 sive
534 933 714 979 abutitur,
731 945 812 971 non
831 939 932 971 esset
952 933 1135 982 possibile
1149 933 1254 982 quod
1275 933 1411 981 aliquis
1432 938 1607 981 peccaret
1627 939 1767 970 morta·
1784 937 1823 959 10

436 1003 528 1048 liter,
551 1003 642 1052 quia
662 1009 753 1040 tunc
775 1003 888 1040 simul
915 1010 1017 1041 esset
1037 1009 1074 1041 et
1098 1016 1177 1040 non
1198 1010 1308 1048 esset,
1330 1010 1367 1040 et
1396 1003 1449 1040 sic
1470 1003 1622 1040 libertas
1642 1009 1769 1040 creata

440 1073 657 1111 inflexibilis
687 1074 802 1111 simul
831 1080 931 1111 esset
960 1074 1114 1111 libertas
1144 1080 1181 1111 et
1210 1086 1290 1111 non
1319 1073 1496 1111 libertas:
1528 1073 1635 1111 Deus
1665 1073 1769 1110 enim

436 1156 516 1181 non
535 1150 665 1193 posset
686 1156 813 1182 creare
834 1144 995 1182 omnino
1016 1143 1263 1181 inflexibilem
1284 1144 1506 1181 libertatem.

884 1396 1213 1438 CAPITULUM
1254 1396 1326 1437 ΙΙΙ.

494 1512 584 1550 CUM
602 1518 754 1549 constat
768 1512 1026 1550 donacionem
1040 1511 1126 1550 Deo
1141 1512 1403 1561 propriissime
1419 1512 1638 1558 convenire,
1654 1523 1771 1549 nemo
1790 1521 1828 1553 15

440 1583 554 1621 debet
587 1583 785 1631 ambigere
821 1583 914 1632 quin
944 1583 1119 1630 accipere
1150 1583 1221 1619 sibi
1251 1583 1481 1620 correlatum
1505 1582 1592 1619 Deo
1622 1594 1772 1620 summe

161 1677 226 1693 ever
239 1668 287 1693 the
302 1672 429 1693 creature
441 1654 657 1699 conveniat,
679 1665 727 1691 eo
748 1653 856 1702 quod
877 1665 957 1690 non
978 1660 1034 1690 est
1064 1653 1245 1702 possibile
1266 1653 1432 1702 quodvis
1454 1652 1636 1690 donabile
1657 1665 1773 1701 gene-

161 1702 212 1727 has
223 1709 230 1734 ;

171 2581 312 2606 whatever
326 2579 390 2605 God

171 2614 249 2646 gives
263 2614 296 2638 he
310 2613 432 2638 receives

172 2649 243 2673 from
256 2647 373 2672 himself.

441 1725 516 1761 rari
540 1725 612 1761 nisi
641 1736 688 1761 eo
718 1723 939 1772 ipso-Deus
970 1724 1096 1772 ipsum
1126 1724 1299 1772 accipiat.
1357 1723 1467 1760 Patet
1496 1724 1571 1760 sic:
1600 1723 1661 1760 Eo
1690 1724 1775 1771 ipso

441 1795 549 1844 quod
571 1795 656 1844 quis
676 1794 915 1832 volunrtarie
947 1795 1094 1831 noviter
1119 1794 1334 1843 quidquam
1364 1794 1491 1838 habet,
1513 1793 1605 1830 illud
1626 1794 1775 1842 accipit,
1789 1796 1872 1828 75A

441 1866 585 1914 recipit,
605 1864 663 1901 vel
684 1871 858 1913 acceptat
874 1875 883 1910 3
915 1864 983 1901 sed
1003 1863 1111 1901 Deus
1136 1864 1284 1901 noviter
1303 1863 1418 1901 habet
1439 1864 1651 1913 quamlibet
1670 1876 1775 1900 crea·
1792 1874 1831 1896 20

442 1942 567 1972 turam
587 1947 659 1984 pro
679 1934 869 1983 principio
893 1934 950 1972 sui
982 1946 1065 1971 esse
1081 1947 1090 1980 ;
1120 1945 1212 1983 ergo
1233 1934 1443 1972 conclusio.
1502 1934 1565 1971 Sic
1586 1935 1690 1971 enim
1711 1934 1777 1977 suit

444 2006 618 2043 Verbum
623 2006 798 2056 sormam
818 2006 922 2041 servz'
937 2006 1131 2054 accipiens,
1153 2004 1202 2041 ad
1221 2004 1383 2053 Philipp.
1405 2004 1440 2041 ii.
1460 2012 1494 2052 7,
1513 2004 1603 2053 quia
1621 2010 1775 2053 yposta-

444 2078 518 2114 tice
540 2077 612 2114 sibi
632 2077 781 2121 uniens,
803 2087 920 2124 quam
941 2076 1218 2124 accepcionem
1235 2082 1347 2113 vocat
1368 2075 1569 2124 apostolus
1584 2075 1721 2125 (Hebr.
1742 2075 1777 2111 ii.

451 2148 515 2198 16)
540 2146 890 2195 apprehensionem
912 2159 919 2182 z
950 2145 1181 2194 Numquam,
1204 2146 1337 2195 inquit,
1358 2147 1507 2194 angelos
1527 2146 1777 2194 apprehendit,

445 2219 512 2255 sed
535 2230 649 2254 semen
676 2217 839 2254 Abrahe.
896 2216 1100 2254 Psalmista
1125 2223 1254 2253 autem
1279 2216 1374 2254 sicut
1403 2216 1508 2253 scola
1527 2222 1667 2253 vocant
1691 2227 1778 2252 eam
1795 2224 1833 2257 25

447 2289 760 2337 assumpcionem
778 2301 786 2325 :
818 2286 970 2332 Beatus,
1002 2287 1135 2336 inquit,
1167 2298 1270 2336 quem
1305 2287 1446 2335 elegisti
1476 2291 1510 2323 el
1535 2288 1778 2335 assumpsisti,

448 2359 588 2396 Psalm.
606 2359 691 2395 lxiv.
711 2368 744 2405 5.
777 2357 853 2394 Sed
873 2369 990 2394 omne
1012 2363 1185 2394 creatum
1206 2357 1311 2406 quod
1331 2356 1439 2394 Deus
1459 2357 1595 2405 accipit
1616 2357 1779 2394 auctori-

449 2436 524 2467 tate
545 2429 698 2478 propria
719 2428 790 2465 sibi
810 2428 923 2476 capit.
953 2427 1004 2463 Et
1025 2434 1140 2476 patet,
1162 2439 1251 2464 cum
1272 2433 1327 2464 tot
1348 2428 1422 2464 sint
1442 2427 1548 2464 modi
1569 2427 1780 2475 accipiendi

450 2507 544 2549 quot
559 2506 596 2537 et
617 2498 796 2544 habendi,
810 2497 916 2546 quod
933 2497 1038 2534 Deus
1059 2508 1208 2534 summe
1226 2497 1429 2534 donativus
1443 2498 1487 2534 sit
1504 2498 1779 2546 proporciona-

452 2571 572 2607 biliter
592 2569 760 2606 maxime
790 2569 1021 2617 acceptivus.
1080 2567 1188 2604 Patet
1209 2579 1256 2604 ex
1286 2567 1360 2604 hoc
1390 2567 1496 2616 quod
1526 2568 1564 2603 in
1594 2573 1780 2616 quantum
1796 2575 1838 2606 30

452 2641 572 2678 donat
585 2639 738 2689 aliquid,
760 2639 798 2675 in
818 2646 966 2675 tanturn
987 2638 1078 2674 illud
1100 2638 1237 2686 accipit
1252 2650 1273 2674 a
1294 2650 1333 2674 se
1350 2638 1445 2686 ipso.
1489 2637 1604 2674 Unde
1625 2643 1781 2686 propter

486 2752 508 2773 3.
529 2742 607 2773 quod
617 2740 655 2766 A?
667 2738 704 2773 (in
720 2741 820 2773 mariz.)
836 2742 857 2766 Β
867 2741 889 2766 C
902 2748 906 2766 :
928 2750 980 2766 om.
996 2742 1039 2766 A&
1196 2750 1233 2772 15.
1256 2749 1335 2766 nemo
1350 2741 1372 2765 B
1382 2740 1424 2766 C2
1437 2740 1476 2772 (in
1489 2740 1604 2773 marg.):
1625 2749 1679 2766 nme
1693 2740 1718 2766 A
1728 2740 1750 2766 C
1763 2741 1778 2765 ¹.

452 2785 494 2808 24.
514 2777 687 2808 Numquam
704 2776 742 2800 B:
765 2776 923 2807 Numquid
935 2775 999 2800 AC.
1116 2784 1154 2807 27.
1178 2775 1268 2800 [xiva
1289 2774 1370 2800 codd.
1388 2774 1439 2806 44⁰.
