2095 3278
211 217 293 272 378

521 228 726 261 RICARDI
758 228 1061 260 ARMACHANI
1093 228 1157 259 DE
1190 227 1436 261 PAUPERIE
1468 227 1783 261 SALVATORIS.
1859 215 1962 274 [LIB.
1981 229 2029 258 ΙΙ.

534 332 761 367 RICARDUS.
797 333 884 366 Non
915 343 981 376 pro
1012 337 1109 366 statu
1143 331 1358 367 innocencie
1386 343 1455 367 nec
1488 332 1535 367 de
1565 330 1729 366 dominio
1758 329 1930 371 i110[25A

486 389 697 434 pri*mario,
717 396 771 425 set
789 400 857 434 pro
874 389 1059 433 presentis
1078 395 1176 424 statu
1194 389 1351 432 miserie,
1363 396 1398 424 et
1415 390 1509 425 forte
1527 389 1573 424 de
1591 388 1813 432 adventicio,
1829 392 1859 421 B

486 453 585 482 recte
614 446 786 490 inferres;
826 447 1002 491 quoniam
1030 446 1247 491 primarium
1273 446 1480 482 dominium
1509 447 1632 482 Adam
1664 446 1814 491 recepit,

485 504 574 549 quia
591 510 735 539 creatus
754 504 820 539 fuit
841 504 889 538 ad
908 503 980 538 Dei
1002 503 1213 548 ymaginem
1231 509 1267 539 et
1286 503 1563 539 similitudinem
1581 504 1619 538 in
1636 503 1761 538 anima
1777 509 1813 539 et

487 562 525 597 in
554 573 717 607 corpore,
744 573 857 606 egens
882 567 1135 597 creaturarum
1161 562 1340 607 obsequio
1371 568 1521 607 propter
1549 561 1846 601 mortalitatem5

487 619 624 665 ipsius:
652 619 751 654 unde
776 625 816 653 ut
840 625 1052 654 vesceretur
1077 619 1124 654 de
1149 618 1258 663 lignis
1278 619 1446 654 Paradisi
1469 626 1684 664 preceptum
1709 630 1814 654 acce·
1827 624 1858 652 et
1874 628 1903 652 Β.

485 684 599 723 perat,
618 677 671 712 sic
688 677 789 723 quod
807 677 947 711 nudam
965 683 1135 711 naturam
1159 676 1295 711 iustam
1318 677 1552 722 consequitur
1569 677 1643 712 ista
1659 676 1813 712 auctori-

484 742 565 779 tas;
592 742 629 770 et
656 734 704 769 ob
731 735 814 778 hoc,
841 734 1010 779 quamvis
1037 734 1073 768 in
1099 734 1255 779 posteris
1280 735 1449 779 personis
1478 735 1643 780 corporis
1669 741 1813 778 natura,

484 793 579 828 sicut
597 800 633 828 et
651 792 785 836 anime,
798 793 845 827 ab
860 791 1025 837 ipsorum
1039 792 1178 837 origine
1195 792 1323 828 fuisset
1335 793 1372 828 in
1386 793 1642 828 accidentibus
1659 793 1813 835 variata,

484 851 571 896 quia
595 857 720 886 tamen
746 850 783 884 in
807 850 975 886 essencia
999 861 1070 885 nec
1095 851 1259 895 corporis
1284 861 1353 886 nec
1377 850 1499 886 anime
1522 857 1663 886 mutata
1683 851 1813 885 fuisset
1829 860 1869 882 10

483 909 662 952 essencia,
696 919 766 953 que
799 907 967 943 essencia
997 914 1052 942 est
1086 919 1200 943 causa
1233 908 1450 943 immediata
1483 908 1591 944 huius
1621 909 1814 954 originalis

485 966 653 1010 dominii,
671 966 755 1002 ideo
777 965 875 1000 istud
893 965 1100 1000 dominium
1118 972 1206 1001 tunc
1223 966 1424 1002 mansisset
1446 972 1482 1002 et
1508 978 1606 1001 nunc
1630 973 1755 1001 manet
1777 967 1815 1001 in

484 1025 657 1060 omnibus
685 1023 920 1059 immutatum
948 1030 984 1058 et
1014 1023 1051 1058 in
1080 1023 1220 1058 cunctis
1248 1024 1389 1069 equale,
1416 1023 1510 1059 sicut
1536 1025 1648 1059 michi
1671 1025 1816 1059 videtur

484 1082 675 1128 probabile
689 1094 696 1126 3
716 1088 752 1116 et
765 1081 990 1126 probabilius
1005 1081 1224 1116 suadentem
1239 1082 1463 1117 contrarium
1477 1082 1634 1117 libenter
1647 1082 1814 1117 audirem

484 1152 530 1176 ac
551 1141 630 1175 eius
657 1139 890 1175 suasionibus
908 1139 1102 1184 quietarer.
1146 1139 1326 1184 Nunquid
1344 1151 1430 1175 vero
1457 1139 1529 1174 ista
1555 1140 1725 1175 condicio
1750 1146 1813 1175 aut
1830 1151 1867 1182 15

485 1198 657 1245 prioritas
674 1197 828 1241 originis
848 1208 912 1232 seu
930 1196 1058 1242 quevis
1081 1197 1166 1233 talis
1184 1196 1353 1232 condicio
1372 1198 1427 1232 ius
1451 1197 1600 1243 aliquod
1626 1198 1814 1243 proprium

484 1255 677 1298 attulisset,
692 1254 879 1300 proximus
893 1253 985 1289 liber
999 1254 1181 1290 ostendet.
1213 1255 1329 1300 Perge
1343 1256 1391 1291 ad
1404 1262 1572 1291 nostrum
1585 1256 1815 1302 propositum

486 1313 747 1359 exequendum
765 1312 930 1348 ulterius.

903 1406 1079 1452 Explicit
1102 1406 1196 1442 liber
1208 1407 1399 1444 secundus.
