2008 3305
156 200 239 241 274
810 200 1012 231 RICARDI
1047 199 1348 232 ARMACHANI
1815 191 1915 249 [Lis.
1939 205 1966 234 1.

431 309 572 346 septem
596 314 679 337 curn
704 310 898 347 prenotata
924 304 1168 339 distinccione
1193 305 1436 349 capitulorum
1464 315 1612 340 suorum
1639 305 1752 340 conti-
1769 309 1840 350 [lA

429 367 539 395 nente
566 361 720 403 libellos,
748 372 839 406 quos
865 362 1007 407 peperit
1034 374 1107 397 non
1133 369 1276 397 tanturn
1302 363 1467 398 radicum
1492 363 1570 398 eius
1595 364 1753 399 latencia

429 424 483 452 set
518 418 631 463 ipsius
665 419 819 454 materie
850 420 1057 464 difficultas,
1093 421 1211 466 ipsam
1240 421 1433 456 materiam
1463 422 1670 467 compilavi,
1696 423 1753 456 De

150 475 407 540 sssrdyssflvrvggffiirjt
423 479 606 520 pauperie
628 479 843 512 Salvatoris
866 479 985 522 ipsum
1009 480 1200 523 appellans
1218 492 1224 513 :
1251 481 1349 524 quod
1368 491 1461 524 opus
1479 486 1517 514 ut
1535 480 1647 514 vestri
1665 491 1752 524 apo-

149 541 255 579 qafion,
268 551 372 569 correc-
429 535 547 569 stolici
567 536 736 580 pectoris,
757 537 905 570 armarii
926 537 1208 581 Scripturarurn‚
1227 538 1389 582 graciam
1412 537 1589 572 examinis
1611 539 1751 581 subeat,
1767 544 1785 576 5

149 577 288 640 gss’g'v'affffd
301 585 350 609 ἂρ’
427 594 727 628 benevolenciam
745 595 989 629 correccionis
1008 595 1199 638 sustineat,
1217 595 1373 639 gloriam
1391 596 1673 640 approbacionis
1691 607 1752 630 ac-

428 651 550 696 cipiat,
572 653 804 687 studentibus
827 653 985 687 fructum
1008 653 1168 698 aliquem
1193 655 1331 697 afferat,
1353 666 1374 688 a
1398 654 1605 698 legentibus
1627 655 1752 689 decre-

426 711 519 744 tales
546 710 647 755 ipsas
677 711 862 745 maculam
888 711 1020 746 erroris
1046 712 1246 756 abstergat,
1273 712 1474 756 apostolice
1500 718 1621 747 vestre
1647 713 1751 747 celsi-

425 768 544 802 tudini
564 769 689 803 censui
715 770 955 813 offerendum,
974 770 1116 804 eisdem
1140 770 1272 804 vestris
1296 770 1414 805 beatis
1439 770 1595 815 pedibus
1619 782 1751 815 provo-

424 828 533 869 lutus,
553 827 826 871 indulgenciam
843 839 1011 862 meorum
1030 828 1226 862 criminum
1244 829 1437 873 postulans
1455 829 1637 863 mercede.
1766 836 1806 858 10

144 881 261 942 ξέξὲξῗῒ
275 883 362 910 ofthe
477 886 561 919 Hoc
585 896 689 930 opus,
708 886 815 930 primi
842 886 952 920 libelli
971 885 993 907 ἦε
1011 886 1179 931 capitulis
1203 886 1404 931 prelibatis,
1424 887 1476 921 sic
1500 886 1647 931 incipit:
1685 888 1792 922 Io-B

426 951 607 978 HANNES.
653 944 753 988 Quia
766 945 864 978 circa
877 947 1165 989 rerumpropter
1174 945 1357 978 hominem
1371 949 1593 986 creatarum,
1607 945 1751 979 habens

424 1002 521 1036 hanc
538 1002 696 1036 formam
715 1003 813 1047 quod
837 1003 1023 1037 Iohannes
1043 1009 1237 1037 censeatur
1261 1003 1490 1047 interrogans
1509 1010 1544 1037 et
1568 1002 1750 1037 Ricardus

376 1062 400 1087 1.
425 1061 605 1095 habeatur
619 1061 854 1096 sentencians
869 1061 945 1096 sive
958 1061 1148 1095 suadendo
1163 1062 1403 1106 respondens.
1502 1061 1646 1095 Primus
1659 1061 1752 1095 liber

424 1119 567 1153 habens
586 1129 631 1162 34
648 1118 811 1163 capitula
828 1125 961 1153 tractat
984 1119 1029 1153 de
1053 1118 1179 1153 divino
1204 1126 1312 1164 atque
1333 1118 1500 1164 angelico
1524 1119 1690 1153 dominio
1707 1130 1751 1153 ac
1767 1128 1805 1160 15

358 1180 399 1206 ΙΙ.
424 1176 659 1220 possessione
683 1188 805 1211 rerum
828 1183 864 1211 et
888 1189 955 1211 usu
979 1176 1141 1221 ipsarum
1164 1177 1211 1211 ab
1232 1177 1296 1211 eis.
1440 1177 1634 1212 Secundus
1660 1177 1752 1211 liber

422 1241 555 1269 tractat
570 1235 616 1268 de
631 1235 795 1269 humano
809 1234 977 1279 originali
992 1234 1167 1278 dominio,
1182 1235 1302 1279 ipsum
1317 1235 1532 1270 describens
1547 1247 1590 1269 ac
1607 1241 1752 1280 partem

340 1296 399 1323 111.
422 1292 536 1337 ipsius
554 1292 820 1337 descripcionis
840 1293 1043 1328 declarans.
1195 1293 1348 1327 Tercius
1366 1293 1458 1328 liber
1474 1293 1752 1338 possessionem

419 1350 614 1394 distinguit
648 1350 900 1395 multiplicem,
931 1352 1078 1395 qualem
1112 1351 1242 1385 habuit
1275 1350 1416 1395 primus
1449 1362 1583 1395 parens
1615 1357 1750 1394 noster,

419 1409 620 1443 ostendens
655 1408 949 1454 descripcionem
982 1409 1171 1453 originalis
1197 1409 1350 1443 dominii
1378 1410 1500 1453 quoad
1535 1408 1613 1443 eius
1641 1420 1750 1443 usum
1766 1422 1807 1444 20

343 1477 393 1503 IV.
418 1472 454 1501 et
479 1466 569 1502 alias
596 1467 899 1502 circumstancias
923 1467 1160 1502 declarando.
1305 1468 1467 1511 Quartus
1491 1467 1582 1501 liber
1599 1468 1645 1502 de
1667 1478 1750 1512 pro-

418 1524 574 1569 prietate
592 1531 628 1559 et
648 1525 724 1560 iure
745 1524 883 1567 utendi,
903 1536 947 1559 ac
970 1525 1017 1559 de
1040 1525 1197 1569 positivo
1216 1524 1295 1559 sive
1319 1524 1414 1559 civili
1437 1524 1600 1559 dominio
1618 1531 1654 1559 et
1672 1525 1750 1559 eius

358 1593 392 1619 v.
418 1583 652 1627 possessione
670 1589 705 1618 et
724 1595 792 1617 usu
811 1595 855 1617 ac
874 1583 950 1618 iure
967 1583 1107 1625 utendi,
1126 1589 1339 1628 pertractat.
1477 1582 1637 1627 Quintus
1656 1582 1750 1617 liber

417 1642 463 1676 de
486 1641 678 1686 principiis
702 1641 907 1676 ditantibus
931 1642 1066 1684 Deum,
1085 1642 1236 1685 angelos
1261 1642 1379 1675 bonos
1402 1647 1439 1675 et
1461 1641 1590 1683 malos,
1609 1652 1653 1675 ac
1679 1641 1747 1675 ho-

340 1708 391 1734 VI.
416 1699 534 1734 mines
552 1700 671 1734 bonos
689 1705 725 1734 et
743 1700 861 1734 malos
879 1705 1090 1743 pertractat.
1236 1700 1366 1733 Sextus
1384 1698 1477 1732 liber
1493 1699 1538 1733 de
1556 1698 1745 1743 principiis
1761 1705 1799 1737 25

416 1757 768 1802 depauperantibus‚
795 1757 919 1802 quoad
948 1757 1083 1798 Deum,
1113 1757 1273 1800 angelos.
1299 1763 1335 1791 et
1364 1756 1535 1790 homines
1563 1757 1682 1791 bonos
1711 1762 1747 1790 et

416 1817 545 1858 malos,
576 1821 798 1860 pertractat3
838 1814 955 1859 qualis
982 1821 1059 1849 erat
1092 1814 1295 1849 Salvatoris
1325 1814 1441 1849 nostri
1471 1821 1685 1859 paupertas,
1712 1821 1749 1849 et

415 1875 667 1918 apostolorum
686 1886 729 1908 ac
748 1873 1014 1918 discipulorum
1033 1872 1148 1917 ipsius
1167 1879 1202 1907 et
1219 1872 1374 1907 fratrum
1399 1872 1583 1907 minorum
1603 1879 1639 1907 et
1659 1872 1749 1907 alio-

415 1943 495 1966 rum
516 1932 771 1976 religiosorum
795 1943 1030 1966 communem
1048 1931 1164 1965 vitam
1185 1937 1249 1966 aut
1272 1930 1519 1965 monasticam
1543 1930 1748 1975 profitentis

322 2000 391 2027 VII.
416 1991 474 2024 vel
492 1990 758 2034 profitencium‚
774 1990 967 2024 suadendo
986 1990 1201 2023 ostendens.
1346 1988 1534 2033 Septimus
1553 1989 1646 2023 liber
1662 1999 1748 2023 con-
1762 1996 1803 2027 30

415 2049 625 2084 trarietates
647 2049 809 2083 famosas
830 2055 867 2082 et
890 2047 981 2082 alias
1006 2047 1124 2091 magis
1150 2047 1314 2081 occultas
1338 2047 1433 2081 inter
1456 2047 1657 2081 decretales
1681 2047 1748 2081 do-

412 2106 597 2140 minorum
612 2117 841 2141 summorum
853 2105 1069 2151 pontificum
1084 2104 1244 2139 felicium
1259 2104 1562 2139 recordacionum
1575 2106 1609 2138 N
1616 2104 1749 2139 icholai

415 2166 471 2199 III
493 2172 528 2199 et
555 2165 733 2199 Iohannis
756 2165 870 2199 XXII
892 2175 1002 2208 super
1019 2162 1246 2207 paupertatis
1272 2162 1410 2197 Christi
1436 2168 1471 2196 et
1496 2163 1748 2207 apostolorum

413 2223 528 2268 ipsius
548 2223 714 2266 materia,
732 2234 802 2267 que
820 2223 943 2266 regule
956 2222 1109 2255 fratrum
1125 2220 1308 2255 minorum
1324 2220 1519 2254 ascribitur
1533 2221 1580 2254 ab
1594 2220 1747 2264 eisdem,

414 2281 523 2316 certis
538 2281 684 2316 traditis
700 2280 931 2316 documentis
946 2279 1105 2314 absolvit
1119 2291 1124 2314 :
1150 2286 1185 2313 et
1200 2279 1251 2313 sic
1266 2278 1366 2323 operi
1383 2279 1745 2313 consummacionem
1761 2282 1800 2314 35

413 2340 579 2385 imponit.

768 2482 964 2525 Incipiunt
980 2480 1145 2525 capitula
1158 2480 1283 2524 primi
1298 2479 1396 2512 libri.

376 2579 401 2600 1.
459 2569 603 2598 Primum
635 2566 818 2607 capitulum
850 2566 946 2607 primi
975 2566 1049 2596 libri
1080 2565 1235 2606 proponit
1258 2564 1432 2595 materiam
1456 2566 1689 2605 supratactam,
1713 2566 1746 2594 et

416 2620 551 2650 modurn
568 2629 632 2649 non
651 2618 830 2649 diffiniendi
847 2623 894 2648 set
913 2618 1067 2648 suadendi
1086 2617 1116 2646 in
1135 2621 1206 2647 toto
1222 2616 1338 2646 libello
1356 2615 1517 2646 describit.

374 2683 402 2703 2.
459 2671 644 2702 Secundum
668 2670 848 2710 capitulum
866 2670 1035 2709 distinguit
1059 2668 1231 2699 ditacionis
1255 2668 1380 2698 famosa
1404 2667 1586 2709 principia;
1610 2665 1744 2705 scilicet,
1757 2675 1800 2705 40

415 2722 607 2759 dominium,
625 2722 868 2763 proprietatem,
888 2722 1134 2761 possessionem,
1155 2725 1185 2750 et
1203 2720 1251 2749 ius
1268 2719 1388 2750 utendi.

371 2785 399 2815 3.
458 2774 611 2805 Tercium
638 2773 817 2813 capitulum
844 2776 972 2810 tractat,
1000 2771 1136 2812 nunquit
1164 2772 1253 2801 Deus
1279 2770 1398 2811 incepit
1427 2780 1495 2801 esse
1523 2769 1683 2808 dominus,
1712 2772 1743 2799 et

414 2826 544 2867 quando
560 2831 590 2856 et
608 2835 665 2866 per
681 2835 776 2865 quem
794 2824 860 2854 sive
877 2834 895 2853 a
913 2834 986 2864 quo.
