2095 3278
59 193 146 223 CAP.
161 181 315 238 xxm]
602 194 664 224 DE
698 193 941 226 PAUPERIE
974 193 1287 225 SALVATORIS.
1801 194 1877 236 321

160 298 258 340 12A]
275 295 432 329 crudelis
466 295 611 338 tiranni,
646 303 708 331 aut
742 308 808 341 pro
842 297 1101 341 redempcione
1131 296 1253 330 delicti
1285 296 1320 330 in
1348 296 1507 330 eundem
1536 295 1599 329 do-

273 353 414 386 minum
443 364 549 387 suum
579 354 778 395 commissi,
810 366 873 389 seu
907 367 951 388 ex
984 355 1055 388 alia
1089 365 1201 388 causa
1236 354 1476 395 huiusmodi),
1511 354 1600 387 satis
1615 357 1746 383 thatlord
1760 358 1881 396 receives

273 417 415 444 constat
434 411 532 454 quod
550 411 720 445 dominus
736 411 793 445 ille
809 412 1010 445 dominium
1025 423 1162 445 novum
1177 411 1304 455 recipit
1321 411 1415 445 illius
1429 411 1600 453 hominis,
1615 392 1887 457 ξῑὲῖᾬὲοῖἓῗέζξίῧῗ

274 468 375 502 cuius
411 468 583 502 dominus
617 475 701 503 ante
735 475 822 511 erat,
852 475 887 503 et
917 469 1081 513 precium
1112 469 1239 512 recipit
1270 469 1369 513 quod
1397 475 1452 503 est
1484 479 1602 502 suurn.

241 531 259 562 5
276 526 379 567 Item,
400 537 482 559 cum
509 537 569 560 rex
595 526 790 570 quisquam
816 538 838 560 a
864 527 957 560 duce
983 526 1051 560 sibi
1079 527 1244 560 subiecto
1266 527 1440 560 ducatum
1459 525 1600 570 recipit,
1615 525 1872 584 {ysdosgnaiffggossf

271 594 315 616 ex
342 594 452 616 causa
478 583 599 627 aliqua
624 589 845 627 supratacta‚
865 595 926 617 rex
952 584 1030 627 ipse
1056 583 1186 628 recipit
1212 595 1233 617 a
1260 583 1407 617 subdito
1430 595 1496 617 suo
1518 595 1599 627 pre·
1614 579 1764 623 Ιοὲᾱεὶιῑρς,

272 639 368 673 cium
396 641 495 684 quod
521 647 576 674 est
603 652 735 682 suum3
762 647 798 675 et
821 641 933 675 habet
960 641 995 675 in
1019 641 1123 675 terris
1142 641 1211 674 illis
1230 641 1303 675 duo
1322 641 1495 682 dominia,
1515 652 1600 674 cum

272 703 380 730 antea
404 708 480 730 non
506 698 634 732 habuit
659 698 811 732 forsitan
838 698 908 732 nisi
936 710 1072 732 unum:
1108 698 1168 732 ubi
1197 698 1226 732 si
1253 698 1340 732 libet
1367 698 1525 742 primurn
1556 709 1600 732 ac

272 753 430 798 primum
460 755 555 798 regis
584 755 788 789 dominium
816 755 852 789 in
881 756 1016 789 ducatu
1046 767 1216 801 regnum,
1244 762 1279 790 et
1306 756 1509 789 secundum
1536 756 1599 789 do-

222 821 260 842 10
273 811 425 845 minium
450 813 625 846 ducatum
652 813 852 857 poterimus
878 814 1072 857 appellare.
1124 815 1229 855 Item,
1254 813 1283 847 si
1310 825 1331 847 a
1358 813 1489 847 comite
1516 813 1599 847 duci

56 867 121 915 {pse
139 876 197 896 rex
272 868 321 902 illi
349 869 511 904 subiecto
537 882 598 903 rex
623 870 837 904 comitatum
864 882 969 905 suurn
995 883 1038 905 ex
1063 871 1140 915 pari
1168 882 1279 905 causa
1305 871 1495 914 reciperet,
1520 870 1600 915 ipse

56 914 172 982 ἓίὲηῗίἑῖ
271 938 333 961 rex
350 927 478 961 iterum
498 927 676 972 reciperet
694 928 792 973 quod
813 936 868 963 est
891 940 1008 971 suum,
1028 936 1064 963 et
1091 930 1243 963 haberet
1271 928 1307 962 in
1334 929 1511 963 comitatu
1537 928 1599 962 illo

55 1000 86 1025 et
101 995 171 1025 hab*
187 1003 234 1026 M:
270 984 339 1018 tria
365 984 529 1019 dominia
554 997 718 1029 regnum,
738 987 922 1029 ducatum,
948 993 983 1021 et
1010 986 1247 1021 comitatum:
1285 998 1328 1020 ac
1355 987 1383 1020 si
1411 987 1509 1020 idem
1537 998 1599 1020 rex

55 1038 172 1068 sillab-
191 1046 220 1068 B·
270 1054 292 1075 a
309 1043 447 1076 barone
469 1043 659 1077 comitatui
684 1043 732 1077 illi
758 1044 923 1078 subiecto
946 1056 989 1078 ex
1010 1056 1121 1078 causa
1143 1044 1323 1078 consimili
1345 1044 1510 1088 (scilicet,
1530 1055 1596 1088 pro

219 1107 256 1138 15
271 1099 392 1143 precio
410 1101 678 1145 redempcionis
698 1101 752 1135 sui
772 1102 894 1136 delicti
914 1101 951 1135 in
970 1101 1101 1146 ipsum,
1116 1109 1178 1136 aut
1197 1102 1269 1136 alio
1288 1102 1398 1136 modo
1416 1100 1596 1146 predicto)

271 1158 463 1192 baroniam
490 1170 595 1192 suam
622 1159 809 1203 reciperet,
828 1165 864 1194 et
890 1159 988 1193 idem
1013 1171 1075 1194 rex
1101 1160 1154 1194 sic
1179 1171 1256 1194 rem
1283 1172 1387 1194 suam
1408 1160 1597 1204 reciperet,

271 1222 307 1250 et
333 1216 484 1250 haberet
509 1216 545 1250 in
571 1216 866 1261 possessionibus
893 1217 1044 1251 baronie
1071 1217 1164 1251 illius
1189 1225 1358 1262 quartum
1378 1217 1598 1255 dominium,

273 1274 422 1317 scilicet,
441 1274 643 1308 baroniam.
696 1275 836 1309 Pariter
859 1275 1007 1319 insuper
1031 1275 1059 1309 si
1086 1287 1107 1308 a
1132 1275 1246 1310 milite
1265 1276 1415 1309 baronie
1434 1275 1598 1309 subiecto

271 1330 381 1365 simili
415 1331 632 1365 condicione
665 1344 726 1366 rex
766 1344 849 1366 suas
880 1339 994 1367 terras
1026 1329 1216 1377 reciperet,
1246 1333 1344 1377 quod
1380 1345 1487 1367 suum
1521 1339 1599 1366 erat

219 1399 258 1421 20
271 1396 379 1423 antea
419 1389 609 1433 reciperet,
651 1396 686 1424 et
724 1391 876 1424 haberet
918 1390 953 1424 in
996 1390 1133 1424 milicia
1176 1391 1254 1425 sive
1296 1391 1405 1425 feodo
1450 1390 1597 1424 militari

271 1446 438 1491 quintum
477 1447 705 1489 dominium;
741 1454 777 1482 et
824 1447 874 1481 ita
914 1454 1053 1482 sextum
1089 1449 1251 1491 haberet,
1298 1448 1326 1482 si
1369 1461 1391 1482 a
1433 1449 1600 1482 subiecto

270 1504 405 1539 milicie
438 1504 486 1538 illi
522 1516 606 1539 suas
639 1505 895 1549 possessiones
938 1506 1124 1550 reciperet.
1177 1507 1220 1540 In
1256 1506 1409 1549 singulis
1452 1506 1599 1539 casibus

270 1562 448 1606 reciperet
475 1574 539 1607 pro
565 1563 689 1607 precio
715 1563 813 1608 quod
839 1570 893 1598 est
921 1575 1048 1598 suum:
1083 1563 1257 1598 nimirum
1284 1564 1394 1608 igitur
1427 1564 1456 1598 si
1493 1565 1596 1598 Deus
1610 1568 1700 1590 30t00
1713 1572 1765 1590 can
1778 1564 1850 1590 God.

272 1620 309 1654 id
327 1620 454 1664 possit,

220 1750 256 1780 25
321 1736 546 1770 IOHANNES.
574 1736 751 1780 Quamvis
785 1742 917 1770 cuncta
951 1737 1019 1771 hec
1048 1736 1211 1770 habeant
1240 1737 1443 1778 veritatem,
1473 1742 1597 1770 tamen
1611 1736 1775 1770 XXVII.

271 1804 343 1826 non
369 1793 479 1828 michi
498 1794 642 1828 videtur
667 1806 709 1828 ex
735 1794 804 1828 illis
829 1794 1004 1838 exemplis
1024 1794 1126 1838 sequi
1147 1795 1192 1828 de
1212 1795 1315 1837 Deo;
1344 1794 1518 1838 quoniam
1538 1792 1595 1827 isti
1612 1793 1716 1830 IfG0d
1731 1802 1784 1851 canl
1799 1801 1842 1851 ag-

271 1850 409 1884 domini
437 1851 583 1885 diversa
609 1858 762 1896 possunt
788 1852 926 1886 habere
950 1852 1122 1893 dominia,
1142 1858 1177 1885 et
1201 1852 1345 1885 illorum
1364 1863 1436 1885 uno
1455 1858 1596 1885 retento
1608 1835 1688 1892 ssfflgff
1703 1835 1763 1851 new
1787 1835 1817 1852 or
1840 1841 1847 1845 ⁸

270 1915 424 1953 possunt
442 1908 511 1942 alia
531 1909 716 1951 abdicare,
735 1916 769 1944 et
788 1921 842 1952 ea,
862 1910 890 1943 si
916 1910 968 1944 eis
992 1910 1201 1952 offerantur,
1220 1909 1382 1954 recipere
1401 1910 1542 1951 iterato,
1562 1916 1597 1943 et

270 1967 317 2001 ob
347 1967 416 2000 hoc
447 1974 602 2011 possunt
631 1967 683 2001 eis
715 1967 793 2001 dari
824 1979 888 2012 pro
915 1967 1060 2012 precio:
1101 1969 1204 2001 Deus
1234 1979 1320 2001 vero
1350 1979 1421 2001 non
1452 1967 1598 2001 videtur
1611 1973 1677 1998 does
1691 1972 1746 1997 this
1760 1977 1807 2010 net
1822 1971 1870 2010 5113-

217 2033 257 2063 30
271 2035 387 2069 capax
405 2025 647 2059 dominiorum
666 2025 886 2067 huiusmodi,
906 2026 955 2059 ita
973 2032 1010 2059 ut
1036 2025 1151 2069 possit
1176 2026 1376 2069 aliquando
1402 2025 1597 2059 admittere
1610 2006 1832 2065 Effigimabuny
1849 2014 1876 2031 ¹¹¹

269 2089 305 2116 et
330 2082 420 2117 alias
438 2095 482 2117 ea
500 2083 643 2117 abicere
660 2094 668 2125 ;
695 2083 867 2127 quoniam
888 2095 930 2117 ex
948 2084 1017 2116 hoc
1036 2083 1228 2126 videretur,
1247 2090 1286 2117 ut
1310 2083 1488 2126 homines,
1508 2094 1597 2127 quo-

271 2142 455 2185 quomodo
483 2141 693 2175 mutabilis:
721 2148 757 2174 et
787 2141 834 2174 ob
862 2141 930 2174 hoc
960 2152 1034 2174 non
1062 2141 1173 2174 michi
1198 2141 1342 2175 videtur
1369 2140 1466 2185 quod
1492 2142 1596 2175 Deus

269 2198 383 2243 possit
400 2199 560 2243 aliquam
579 2210 655 2233 rem
673 2210 736 2243 pro
755 2199 876 2243 precio
895 2198 963 2232 sibi
982 2199 1107 2232 datam
1125 2198 1299 2243 recipere.

317 2258 543 2290 RICARDUS.
572 2257 676 2290 Istud
711 2267 783 2289 non
819 2256 1004 2300 sequitur;
1049 2256 1135 2300 quia
1176 2268 1249 2290 non
1292 2257 1449 2300 amplius
1492 2255 1709 2300 arguiAmzm
1726 2269 1847 2298 mayac-

8 2317 11 2363 9*
216 2326 254 2356 35
270 2317 390 2356 potest
420 2312 522 2345 Deus
552 2311 738 2344 mutabilis
766 2310 989 2355 acquirendo
1021 2311 1095 2345 sive
1119 2311 1350 2345 admittendo
1379 2311 1592 2353 dominium,
1606 2295 1819 2360 ἓέζξῗὲζζὲῗωῑ

0 2379 3 2399 ἔ
52 2376 223 2416 conformi—
271 2376 309 2403 ut
350 2375 471 2403 tecum
513 2369 640 2413 loquar
673 2368 709 2402 in
743 2368 812 2402 isto
846 2368 1093 2410 consimiliter,
1127 2380 1238 2413 quarn
1271 2369 1382 2402 homo
1416 2375 1594 2403 terrenus.

0 2423 13 2464 ’,
54 2424 104 2450 ²³⁷
116 2428 154 2450 Μ·
271 2428 356 2461 Non
384 2433 506 2460 autem
534 2438 678 2470 semper
704 2432 739 2460 et
767 2426 974 2460 necessario
1003 2432 1166 2460 mutatur
1190 2427 1312 2468 homo,
1332 2438 1415 2460 cum
1441 2426 1594 2471 acquirit

270 2483 486 2526 dominium,
505 2491 566 2518 aut
594 2486 723 2518 saltem
748 2484 814 2524 ius,
842 2485 940 2528 quod
967 2490 1022 2518 est
1050 2483 1250 2518 materialis
1277 2495 1389 2517 causa
1416 2484 1592 2526 dominii;

270 2552 355 2575 cum
394 2541 587 2576 dormienti
622 2553 887 2586 nonnunquam
922 2541 1051 2574 iuniori
1086 2541 1198 2583 fratri,
1230 2541 1369 2576 seniore
1404 2541 1594 2584 moriente,

214 2614 257 2644 40
270 2600 455 2633 hereditas
483 2611 546 2633 seu
573 2599 629 2634 ius
656 2599 872 2634 hereditatis
900 2599 946 2633 de
976 2610 1070 2632 novo
1098 2599 1324 2643 acquiritur3
1360 2610 1428 2633 nec
1460 2599 1495 2632 in
1526 2601 1595 2634 hoc

270 2656 390 2690 iunior
414 2657 599 2691 dormiens
627 2664 680 2691 est
707 2663 879 2690 mutatus.
931 2657 1081 2699 Pariter,
1102 2656 1130 2690 si
1150 2656 1268 2689 iunior
1285 2668 1306 2690 3
1325 2657 1465 2691 seniore
1483 2658 1594 2692 fratre

270 2714 473 2748 dominium
500 2721 678 2748 terrarum
705 2714 871 2748 habuerit
899 2714 946 2747 ad
973 2714 1087 2747 vitam
1115 2714 1279 2756 senioris,
1304 2715 1494 2749 dumtaxat
1517 2727 1593 2748 mo-

270 2772 386 2807 riente
406 2772 559 2817 seniore,
579 2772 695 2806 iunior
713 2772 886 2816 ignorans
910 2779 944 2806 et
963 2772 1115 2806 forsitan
1140 2772 1326 2807 dormiens
1349 2772 1433 2806 illud
1459 2773 1594 2808 amittit

907 2845 936 2875 Y

13 2896 22 3133 ᾼΑε-ῌμψ-ᾠρμ
12 2756 18 2866 ,ΛΑᾼᾼᾸᾼᾈᾼἋ
14 2707 15 2711 Α
5 2671 16 2683 >1
8 2630 15 2636 r
13 2606 15 2614 s
12 2523 13 2539 a„
