2095 3278
57 206 146 240 CAP.
165 194 291 250 xxm]
624 205 688 237 DE
721 206 967 239 PAUPERIE
1001 204 1314 238 SALVATORIS.
1799 207 1884 251 413

165 307 258 347 3313]
273 307 436 353 sequitur
454 307 553 353 quod
572 308 736 354 ipsorum
759 308 966 344 dominium
989 309 1207 353 habeamUS,
1225 308 1311 344 licet
1335 313 1486 343 econtra
1509 307 1604 343 bene

55 366 128 398 bene
145 377 209 398 om.
227 374 257 398 B.
272 372 455 410 sequatur.

320 425 410 458 IOH.
438 425 526 458 Non
557 435 601 458 ea
628 435 783 469 corpora
814 424 992 459 sumimus
1020 436 1088 459 nec
1114 436 1158 459 ea
1184 430 1397 467 tractamus,
1423 429 1462 458 ut
1491 421 1679 469 michiOqe
1692 440 1745 471 cari
1758 441 1839 459 usea

270 480 413 515 videtur
430 493 436 515 :
464 481 563 516 unde
581 493 655 516 non
673 482 783 517 video
802 482 987 526 quomodo
1006 481 1059 516 eis
1077 482 1129 516 uti
1148 482 1350 516 valeamus.
1616 465 1831 532 ξξᾜξῑζέῗξυῑ

238 552 255 582 5
319 539 403 573 RIC.
432 540 489 573 Ita
514 540 622 574 rebus
649 539 784 574 utimur
809 551 875 585 per
901 551 1031 574 sensus
1058 540 1225 582 olfactus,
1251 539 1410 581 auditus,
1428 544 1465 573 et
1490 538 1602 581 visus,

270 595 375 630 sicuti
393 608 459 642 per
477 609 626 632 sensum
645 604 776 642 gustus
794 604 856 632 aut
874 604 1005 632 tactus.
1059 598 1152 632 Cum
1179 597 1276 631 enim
1302 608 1455 642 pomum
1479 595 1602 631 odori·
1618 610 1641 627 1.

267 654 383 688 ferum
412 655 502 690 velis
533 655 727 691 comedere
757 662 793 690 et
822 655 924 700 prius
950 655 1028 690 eius
1059 655 1229 689 delectari
1262 655 1364 699 cupis
1395 654 1521 696 odore,
1552 653 1604 688 ita

268 724 381 757 pomo
401 713 512 748 uteris
531 713 734 757 odorando,
754 713 861 748 sicuti
881 713 1003 758 ipsum
1020 713 1206 757 gustando
1225 719 1336 757 atque
1354 712 1552 756 tangendo,
1567 718 1604 747 et

270 771 321 805 ita
338 771 613 806 racionabiliter
630 782 784 816 pomum
801 777 950 805 tractas.
997 771 1058 806 Sic
1076 770 1122 805 de
1141 770 1227 805 vino
1247 770 1430 805 odorifero
1448 776 1483 805 et
1502 769 1601 804 omni

218 841 257 863 10
270 828 352 863 cibo
378 840 422 863 ac
446 835 534 874 potu
561 829 781 863 immutante
808 840 958 863 sensum
985 828 1155 863 olfactus.
1207 829 1313 870 Item,
1340 839 1424 862 cum
1451 833 1601 862 cantum
1615 839 1639 856 2-

269 886 415 920 dulcem
446 885 606 920 attendis
637 892 673 920 et
708 886 744 920 in
777 886 849 920 hoc
878 886 1154 921 racionabiliter
1183 884 1391 929 delectaris,
1423 891 1459 920 et
1489 891 1602 919 cantu

269 943 380 978 uteris
406 950 441 978 et
467 944 712 978 instrumento
739 943 934 988 cantantis,
962 944 1087 987 immo,
1115 943 1196 988 ipso
1225 950 1410 986 cantante,
1437 954 1523 978 cum
1550 942 1601 977 in-

268 1008 514 1036 strumentum
532 1013 597 1047 per
614 1014 653 1037 se
670 1001 784 1036 nichil
802 1001 937 1037 efficiat
954 1014 961 1037 :
989 1013 1054 1037 cur
1072 1001 1171 1036 enim
1189 1002 1259 1036 illis
1277 1013 1352 1036 non
1370 1001 1508 1036 debeas
1528 1000 1601 1035 dici

268 1059 320 1093 uti
354 1071 428 1094 non
456 1060 576 1103 video,
607 1072 691 1094 cum
724 1060 916 1095 voluntate
947 1066 1011 1094 tua
1041 1059 1107 1094 tibi
1139 1059 1277 1095 utiliter
1305 1071 1350 1094 ea
1378 1065 1600 1093 contractes.

214 1129 252 1161 15
270 1118 376 1161 Item,
403 1128 487 1152 cum
517 1129 670 1162 pomum
699 1119 867 1162 pulcrum
897 1117 1023 1162 (veluti
1054 1118 1173 1162 prima
1199 1123 1318 1152 mater
1345 1123 1474 1152 nostra
1502 1116 1599 1161 Eva)
1615 1130 1638 1154 3-

42 1183 212 1225 pulcrz‘tu-
267 1175 464 1220 conspicis,
499 1175 615 1220 ipsius
652 1175 925 1210 racionabiliter
957 1175 1206 1220 pulcritudine
1239 1176 1454 1219 delectatus,
1488 1185 1601 1219 pomo

48 1228 159 1258 dinem
178 1235 208 1258 Β·
265 1244 332 1277 per
357 1233 477 1267 visum
506 1233 631 1277 uteris,
659 1233 766 1268 sicuti
793 1245 838 1268 eo
867 1233 979 1268 uteris
1010 1245 1094 1268 cum
1122 1232 1212 1278 ipsis
1239 1233 1411 1268 dentibus
1442 1231 1601 1267 conteris

265 1291 512 1326 masticando.
565 1291 626 1326 Sic
652 1291 752 1326 enim
778 1291 890 1326 uteris
917 1291 1071 1326 canibus
1098 1297 1135 1326 et
1162 1290 1293 1326 avibus
1312 1290 1502 1333 venaticis,
1520 1289 1600 1324 ani·
1612 1298 1637 1322 4-

226 1349 436 1393 Omalibus,
471 1350 674 1393 arboribus,
710 1349 846 1393 herbis,
883 1348 900 1368 ’¹‘
921 1360 964 1384 ac
997 1349 1158 1383 floribus.
1215 1350 1321 1392 Item,
1357 1360 1441 1383 cum
1477 1347 1599 1392 tangis
1613 1358 1636 1380 5-

213 1420 253 1442 20
266 1418 416 1452 pomum
442 1407 583 1452 pollice,
610 1407 826 1453 inquirendo
851 1406 1033 1452 numquid
1063 1406 1109 1441 sit
1139 1407 1250 1441 molle
1277 1413 1339 1441 aut
1365 1407 1510 1450 durum,
1536 1407 1599 1441 tali

265 1465 543 1500 examinacione
568 1465 841 1500 racionabiliter
866 1465 1082 1508 delectatus,
1101 1475 1213 1509 pomo
1241 1464 1353 1499 uteris
1379 1464 1501 1509 ipsum
1517 1470 1598 1498 tan-

265 1524 398 1567 gendo.
450 1524 557 1566 Item,
577 1535 660 1558 cum
677 1534 799 1568 poma,
817 1522 913 1567 vina,
933 1534 998 1558 seu
1021 1522 1094 1557 alia
1111 1522 1238 1567 quevis
1257 1534 1328 1568 que
1355 1522 1535 1558 sumimus
1561 1522 1598 1557 in
1611 1527 1637 1553 6-

266 1581 390 1615 cibum
422 1588 485 1616 aut
518 1588 658 1627 potum,
688 1588 750 1616 aut
784 1592 930 1626 equum,
961 1592 1062 1624 vasa,
1090 1587 1244 1625 vestem,
1279 1580 1356 1616 sive
1389 1580 1598 1626 pecuniam,

266 1639 439 1674 ancillam
469 1639 546 1674 sive
576 1651 734 1682 servum,
763 1645 827 1673 aut
857 1638 992 1674 similia
1017 1639 1135 1673 habes
1165 1644 1254 1683 aput
1282 1644 1318 1673 te
1346 1638 1384 1673 in
1412 1639 1523 1673 domo
1554 1650 1599 1673 ex

213 1706 250 1737 25
265 1697 481 1732 racionabili
512 1709 624 1732 causa
649 1697 820 1742 reposita,
846 1698 905 1731 vel
930 1697 1083 1731 domum
1112 1696 1232 1741 ipsam
1260 1707 1372 1741 quam
1401 1695 1598 1739 inhabitas,

265 1761 390 1790 mente
425 1755 576 1800 cogitas,
609 1761 645 1790 et
680 1766 725 1790 ex
757 1756 829 1789 hoc
862 1754 1030 1789 fortassis
1067 1753 1120 1799 (ut
1154 1754 1230 1789 fieri
1265 1760 1388 1799 potest
1422 1753 1459 1788 in
1494 1753 1597 1799 casu)

265 1813 538 1848 racionabiliter
570 1812 774 1856 delectaris,
805 1824 850 1847 ex
883 1824 955 1858 quo
988 1823 1047 1847 res
1081 1811 1182 1857 ipsas
1212 1811 1264 1847 sic
1291 1813 1479 1846 voluntate
1513 1823 1600 1846 con-

266 1877 402 1906 tractas
432 1872 531 1916 quod
557 1870 753 1906 utilitatem
779 1870 912 1915 recipis
939 1871 986 1905 de
1018 1870 1186 1914 eisdem3
1216 1881 1292 1904 non
1317 1870 1431 1904 michi
1457 1869 1602 1905 videtur

265 1929 352 1974 quin
370 1928 423 1964 sic
440 1930 549 1964 rebus
575 1928 646 1964 illis
664 1928 789 1964 utaris.
840 1929 890 1963 Et
910 1927 962 1973 (ut
981 1927 1083 1963 brevi
1106 1939 1278 1964 sermone
1301 1928 1483 1973 premissa
1500 1939 1600 1962 com-

210 1997 251 2027 30
265 1985 419 2031 plectar)
457 1987 753 2032 quandocunque
786 1998 866 2021 rem
907 1985 1069 2031 aliquam
1111 1985 1234 2030 aliqua
1274 1985 1497 2021 necessitate
1534 1996 1599 2021 seu

263 2044 421 2079 utilitate
442 2044 530 2079 huic
546 2044 620 2079 vite
643 2044 801 2088 mortali,
820 2043 1035 2079 racionabili
1062 2044 1251 2079 voluntate
1275 2044 1364 2086 sola,
1382 2050 1517 2086 mente,
1535 2050 1599 2079 aut

265 2102 384 2137 eciam
401 2114 512 2137 sensu
530 2102 658 2147 quovis
677 2102 871 2146 adiunctis,
891 2102 942 2137 ita
960 2108 1169 2136 contractas
1187 2102 1285 2147 quod
1304 2113 1347 2136 ex
1364 2102 1437 2136 hoc
1454 2101 1597 2136 racion-

47 2163 141 2194 Prov.
155 2162 231 2194 xvii.
264 2160 412 2195 abiliter
436 2160 643 2204 delectaris,
671 2160 757 2205 quia
783 2161 936 2194 animus
961 2159 1100 2194 hilaris
1127 2163 1260 2194 elatem
1280 2159 1467 2205 floridam
1490 2160 1597 2204 fecit,

49 2215 100 2238 2²·
264 2219 496 2263 spiritusque
527 2219 652 2252 tristis
680 2218 840 2252 exsiccat
871 2229 964 2260 ossa,
995 2224 1030 2252 et
1061 2217 1148 2263 quia
1178 2218 1416 2253 commodum
1448 2218 1501 2253 sic
1529 2218 1597 2253 tibi

210 2287 249 2318 35
265 2275 446 2320 acquiris3
473 2276 582 2310 rebus
609 2275 680 2309 illis
706 2275 758 2310 uti
784 2276 1061 2310 racionabiliter
1079 2275 1286 2319 affirmaris,
1306 2287 1391 2311 cum
1409 2276 1599 2320 apostolus

48 2336 109 2368 vii.
122 2346 132 2368 .·
157 2338 251 2368 codd.
267 2332 367 2368 dicat
387 2333 435 2378 (Ι.
453 2334 503 2368 ad
522 2335 604 2368 Cor.
622 2333 683 2367 vii.
701 2331 775 2377 31),
797 2334 875 2379 Qui
890 2337 1057 2368 utuntur
1071 2333 1140 2368 hoc
1162 2334 1301 2368 mundo
1319 2338 1502 2378 tanquam
1525 2345 1600 2368 non

48 2379 79 2411 6·
266 2394 418 2435 utentes,
444 2391 593 2426 nomine
623 2392 759 2425 mundi
786 2391 967 2426 mundum
998 2391 1119 2436 ipsum
1151 2391 1363 2426 inferiorem
1393 2398 1456 2426 aut
1481 2397 1600 2427 totum

266 2449 446 2483 mundum
471 2455 508 2484 et
533 2449 707 2494 quicquid
733 2449 770 2483 in
796 2460 839 2484 eo
866 2456 922 2484 est
945 2448 998 2493 (ut
1024 2448 1136 2483 michi
1156 2449 1317 2493 videtur)
1339 2450 1599 2494 complectens,

267 2507 435 2552 quamvis
461 2507 560 2552 prior
586 2519 715 2542 sensus
743 2507 788 2542 sit
810 2507 1043 2542 communior
1065 2507 1102 2542 in
1121 2508 1236 2542 sacris
1256 2506 1476 2552 Scripturis;
1504 2507 1600 2552 licet,

211 2579 254 2611 40
267 2565 352 2610 quia
380 2565 576 2600 utilitatem
605 2566 835 2610 corporalem
867 2566 1007 2599 nullam
1036 2564 1250 2600 immediate
1280 2565 1517 2610 consequeris
1547 2565 1599 2600 sic

266 2622 414 2664 utendo,
433 2624 597 2658 humane
622 2624 723 2667 leges
749 2634 857 2658 usum
883 2622 1029 2667 proprie
1053 2622 1194 2657 dictum
1221 2623 1258 2657 in
1276 2623 1340 2657 tali
1358 2629 1443 2658 actu
1462 2634 1599 2668 nequa-

266 2691 377 2725 quam
397 2681 622 2715 constituant
641 2692 748 2715 usum
766 2680 914 2725 proprie
931 2680 1086 2724 dictum,
1105 2687 1280 2715 vocantes
1299 2681 1400 2715 illum
1419 2680 1480 2725 qui
1500 2681 1599 2725 apud

47 2748 133 2786 corp.
145 2738 442 2782 om.B.popu1um
466 2739 582 2772 solam
600 2737 794 2772 utilitatem
819 2737 1047 2782 corporalem
1073 2737 1219 2783 proprie
1238 2738 1377 2774 dictam
1403 2737 1598 2773 utilitatem

267 2795 503 2831 estimantem
522 2807 608 2832 usus
627 2796 873 2831 communiter
890 2802 945 2831 est
964 2802 1127 2831 vocatus.
