2008 3305
141 189 224 228 214
817 184 882 215 DE
914 183 1137 216 DOMrNro
1169 183 1348 216 D1V1No
1577 170 1680 229 [CAP.
1703 183 1748 213 11.

418 302 428 321 ‘
444 298 755 350 quandocunque
769 299 966 337 abutendo
979 299 1192 349 disponitur
1205 299 1252 337 ad
1267 297 1508 349 peccandum
1517 309 1526 343 ;
1543 306 1635 335 ωηο
1649 296 1752 334 enim
1769 298 1870 340 [74A

419 374 428 391 ‘
442 370 729 408 abscinderetur
761 370 947 419 peccandi
981 371 1146 417 occasio,
1179 370 1276 407 sicut
1307 368 1517 406 auferendo
1551 380 1574 405 a
1607 367 1753 405 furioso

421 444 429 460 ‘
446 440 618 490 gladium
639 441 745 490 prius
766 440 923 477 datum.'

142 521 201 547 The
213 528 354 546 answm.
473 511 537 548 Ad
557 511 725 560 primum
746 511 882 548 dicitur
902 510 1009 559 quod
1035 510 1145 548 Deus
1173 509 1437 561 propriissime
1463 508 1528 546 dat
1557 508 1753 558 seipsum:

137 569 405 635 ἰζῑξςζῗξῆξξξοῗεά
417 581 521 619 unde
543 581 592 618 ad
613 580 699 619 Gal.
721 581 743 618 i.
761 595 783 627 4
802 581 936 619 dicitur
956 581 1063 631 quod
1078 580 1187 619 Deus
1204 581 1302 617 dedit
1318 593 1354 617 se
1374 581 1493 628 zjhsum
1506 586 1582 628 pro
1593 579 1756 628 peccatis
1768 580 1786 614 5

138 638 176 670 by
190 637 343 670 Scripture.
417 653 555 689 nostris
568 664 587 695 ,·
625 658 664 688 et
694 651 797 688 idem
830 651 880 688 ad
909 651 1055 700 Tytum
1090 651 1112 688 i.
1142 657 1179 688 et
1210 650 1260 688 ad
1291 650 1386 687 Phil.
1418 650 1454 687 ii.
1485 649 1621 686 dicitur
1650 647 1757 698 quod

417 722 525 760 Deus
542 721 648 759 dedit
667 722 780 759 nobis
803 721 987 770 Spiritum
1007 727 1196 768 sanctum,
1218 721 1315 759 sicut
1335 733 1425 770 sepe
1451 726 1564 757 sonat
1580 731 1758 768 ewange-

418 793 512 830 lium
533 791 720 830 Iohannis
741 797 778 829 et
799 791 920 829 Actus
941 791 1233 841 Apostolorum.
1291 792 1342 829 Et
1367 790 1535 836 indubie,
1553 790 1583 827 si
1605 789 1757 827 abscin-

419 863 546 901 dimus
576 875 599 900 a
627 862 791 900 dacione
819 863 925 912 quod
952 862 1285 912 inperfeccionem
1311 862 1442 911 sapiat,
1475 860 1691 898 invenimus
1718 860 1758 896 in

420 934 500 972 istis
531 933 800 971 locucionibus
839 932 1035 982 Scripture
1065 933 1371 982 propriissimam
1401 931 1623 977 veritatem;
1666 942 1758 967 nam
1774 940 1814 962 10

421 1005 566 1043 donare
601 1010 658 1042 est
692 1003 904 1041 donantem
936 1003 1053 1052 gratis
1087 1014 1246 1040 causare
1279 1002 1338 1040 vel
1368 1002 1494 1040 facere
1525 1001 1631 1050 quod
1664 1000 1760 1037 alius

421 1075 563 1113 habeat
594 1085 709 1111 suum
743 1073 902 1111 datum:
948 1085 1038 1111 cum
1067 1073 1181 1122 igitur
1211 1072 1318 1110 Deus
1347 1072 1611 1121 propriissime
1641 1071 1760 1120 gratis

422 1146 513 1183 facit
547 1144 652 1194 quod
684 1145 807 1181 iustus
843 1144 1000 1193 speciali
1034 1150 1071 1181 et
1100 1144 1280 1192 gracioso
1311 1143 1431 1180 modo
1465 1142 1606 1179 habeat
1642 1147 1763 1179 semet

423 1217 551 1265 ipsum
573 1227 692 1265 quare
716 1227 798 1252 non
824 1215 980 1263 proprie
1003 1213 1021 1233 *
1044 1214 1165 1252 donat
1186 1226 1226 1251 se
1246 1214 1404 1263 ipsum?
1461 1212 1522 1250 De
1544 1212 1629 1249 Deo
1651 1211 1806 1250 PatreB

424 1295 555 1325 tamen
590 1298 670 1324 non
710 1285 919 1334 explicatur
956 1285 1108 1332 passiva
1143 1284 1306 1322 donacio
1340 1290 1496 1333 propter
1532 1283 1763 1332 primitatem
1779 1298 1817 1331 15

426 1358 597 1407 originis.
656 1357 708 1394 Et
732 1362 835 1406 patet
856 1355 962 1405 quod
982 1355 1054 1393 alia
1078 1361 1135 1393 est
1156 1355 1322 1392 donacio
1344 1354 1392 1391 ad
1415 1353 1706 1403 possidendum,
1727 1358 1764 1390 et

426 1429 500 1466 alia
521 1427 744 1476 simpliciter
768 1427 817 1464 ad
839 1425 1074 1464 habendum.
1132 1425 1247 1462 Unde
1267 1437 1348 1462 non
1370 1425 1550 1474 sequitur,
1574 1423 1636 1460 ‘Si
1656 1422 1764 1460 Deus

429 1503 437 1518 ‘
452 1499 571 1537 donat
590 1497 707 1535 michi
727 1497 881 1547 aliquid,
910 1496 1016 1545 quod
1040 1496 1131 1533 illud
1150 1493 1355 1545 possideo‚’
1378 1495 1446 1532 sed
1475 1501 1568 1531 tunc
1588 1493 1647 1531 vel
1674 1492 1765 1529 illud

427 1570 554 1607 habeo
574 1569 623 1606 ad
651 1568 854 1606 fruendum
874 1567 932 1604 vel
956 1567 1046 1604 illud
1066 1566 1251 1616 possideo
1274 1566 1323 1603 ad
1343 1565 1541 1602 utendum.
1597 1563 1764 1601 Verum-

428 1640 570 1686 tamen,
591 1639 678 1677 licet
698 1639 809 1676 dacio
829 1637 904 1675 Dei
924 1650 1004 1675 non
1017 1637 1130 1674 infert
1151 1649 1265 1686 super
1285 1637 1371 1685 ipso
1393 1635 1618 1680 dominium,
1635 1640 1764 1671 tamen
1780 1650 1821 1672 20

431 1724 478 1748 ex
507 1710 661 1759 speciali
691 1709 866 1747 dominio
896 1707 971 1745 Dei
1005 1719 1116 1756 super
1147 1706 1391 1744 donatorium
1423 1718 1511 1743 vere
1540 1705 1654 1742 infert
1685 1704 1767 1742 eius

432 1781 647 1819 dominium
682 1792 797 1829 super
828 1779 901 1816 alia
932 1784 968 1815 et
997 1790 1082 1815 vere
1115 1777 1269 1814 divitem
1304 1788 1393 1814 eum
1426 1776 1525 1813 facit.
1582 1774 1632 1811 Et
1662 1780 1768 1823 patet

432 1852 538 1902 quod
558 1851 666 1889 Deus
687 1863 767 1888 non
791 1857 918 1899 potest
938 1850 1045 1888 alteri
1067 1848 1277 1899 quidquam
1299 1848 1388 1885 dare
1417 1847 1489 1883 nisi
1509 1846 1769 1895 principaliter

432 1923 497 1960 det
521 1935 561 1960 se
581 1923 721 1971 ipsum.
779 1920 883 1958 Nam
904 1921 934 1958 si
954 1920 1062 1958 Deus
1092 1919 1203 1957 alicui
1233 1919 1380 1956 noviter
1403 1918 1523 1955 donat
1549 1917 1768 1967 quicquam,

432 2000 525 2030 tunc
546 1992 636 2030 facit
656 1992 900 2030 donatorium
925 1992 996 2028 sub
1017 2002 1118 2028 nova
1138 1990 1293 2027 racione
1313 1989 1454 2026 habere
1475 1987 1604 2025 Deum
1623 1986 1764 2025 benefi-
1783 1996 1822 2027 25

434 2075 534 2108 cum,
574 2069 611 2100 et
650 2074 717 2110 per
765 2073 1023 2111 consequens,
1064 2061 1170 2098 iuxta
1209 2059 1518 2108 descripcionem
1566 2058 1767 2103 donancie,

434 2134 599 2183 ipsemet
632 2132 895 2181 principaliter
930 2138 987 2169 est
1019 2131 1197 2175 donatus,
1227 2136 1264 2168 et
1300 2134 1582 2178 consequenter
1611 2128 1768 2165 indubie

435 2204 568 2242 omnia
584 2215 658 2253 que
679 2209 768 2240 sunt
788 2214 869 2248 sua,
887 2203 976 2251 quia
996 2201 1141 2239 donato
1162 2200 1363 2250 principali
1378 2199 1624 2248 consequitur
1643 2210 1770 2235 acces—

437 2274 595 2319 sorium,
608 2280 649 2310 ut
669 2274 699 2310 si
719 2273 846 2310 habeo
867 2272 995 2309 Deum
1011 2284 1080 2321 per
1100 2272 1282 2324 graciam,
1296 2271 1427 2308 omnia
1446 2276 1537 2307 tunc
1550 2275 1637 2306 sunt
1657 2281 1768 2306 mea:

437 2357 509 2382 nec
531 2345 642 2382 obest
662 2344 802 2380 habere
829 2342 960 2380 Deum
985 2342 1198 2379 secundum
1226 2353 1366 2378 novam
1388 2341 1585 2377 racionem
1605 2339 1770 2377 habendi
1785 2348 1825 2378 30

437 2422 647 2464 postquam
677 2414 831 2451 habitus
851 2420 908 2450 est
929 2419 969 2450 ut
988 2418 1147 2458 creator,
1168 2418 1426 2457 conservator,
1447 2412 1692 2460 gubernator,
1714 2410 1772 2447 vel

439 2486 514 2523 alio
534 2485 677 2535 dispari
698 2484 862 2522 racione.

475 2606 498 2629 5.
517 2600 525 2627 ΙΙ
539 2598 616 2630 quod
627 2598 649 2623 B
664 2598 680 2623 f.
698 2606 745 2629 245
760 2606 782 2623 B.
957 2605 995 2628 31.
1012 2598 1169 2627 postquam
1184 2595 1222 2620 B:
1238 2595 1417 2627 priusquam
1431 2594 1455 2620 A
1466 2594 1496 2621 C.
1542 2597 1576 2620 ut
1587 2596 1702 2620 creator
1712 2603 1772 2620 con-

438 2635 572 2658 servator
578 2631 760 2664 gubernator
770 2630 818 2656 vel
827 2630 887 2655 alio
898 2629 1017 2661 dispari
1028 2638 1143 2654 raczone
1158 2629 1180 2654 B
1193 2637 1197 2654 z
1217 2637 1270 2654 om.
1288 2629 1312 2653 A
1322 2629 1353 2654 C.

854 2721 884 2751 6.
909 2720 1053 2760 Perhaps
1070 2720 1137 2750 Tit.
1158 2720 1204 2752 iii.
1221 2719 1251 2749 6.

837 2782 887 2812 23.
915 2772 966 2802 Cf.
985 2772 1025 2803 de
1043 2772 1103 2802 civ.
1128 2772 1223 2802 Dom.
1244 2771 1264 2801 i.
1285 2777 1300 2810 7
1320 2781 1351 2811 p.
1372 2779 1422 2810 50.
