2095 3278
234 196 321 236 424
889 195 1093 229 RICARDI
1125 195 1430 229 ARMACHANI
1852 183 1955 243 [ΠΒ.
1983 198 2050 228 111.
2094 173 2095 184 ¹

514 297 683 341 gitimum
709 297 759 333 rei
787 299 924 334 donate
949 300 1030 334 loco
1057 299 1224 343 dominii,
1248 300 1278 334 si
1302 300 1400 342 velit,
1422 305 1546 344 potest
1572 298 1621 334 illi
1648 299 1836 344 sufficere;
1853 300 1951 341 [3512

514 367 559 391 ex
586 367 658 400 quo
688 356 801 391 nichil
828 357 1054 393 extrinsecus
1088 358 1157 392 sibi
1188 356 1331 393 obstat:
1372 358 1469 392 unde
1502 368 1577 392 non
1610 358 1731 392 solum
1763 369 1839 393 non

515 415 726 449 necessario
756 421 844 449 tunc
877 415 1007 460 recipit
1041 415 1148 450 civile
1183 415 1402 458 dominium,
1431 421 1486 450 set
1517 421 1661 450 tantum
1690 422 1841 460 propter

515 471 824 516 inperfeccionem
843 484 948 507 suam
968 479 1031 508 aut
1048 474 1183 507 frustra
1202 473 1292 507 illud
1310 472 1501 517 reciperet.
1544 473 1658 508 Unde
1673 473 1841 508 clarescit

515 530 616 574 quod
641 531 713 565 tale
739 530 946 565 dominium
970 542 1035 575 per
1052 531 1300 565 donacionem
1322 542 1514 576 nunquam
1538 530 1588 565 illi
1612 530 1747 565 accidit
1771 531 1841 566 nisi
1856 534 1874 567 5

514 588 606 622 forte
632 599 697 632 per
721 589 896 623 accidens
922 588 975 633 (ut
1002 589 1077 623 iam
1105 588 1206 633 dixi),
1233 588 1384 631 scilicet,
1411 588 1497 634 quia
1521 590 1596 623 vult
1622 589 1710 623 illud
1737 589 1843 623 civile

517 645 721 680 dominium
747 646 933 691 optinere3
967 658 1037 691 que
1055 648 1226 681 voluntas
1251 645 1447 681 donacioni
1471 652 1527 681 est
1552 646 1703 681 omnino
1726 653 1843 681 extra-

515 714 598 748 nea,
618 715 702 738 cum
721 704 880 739 donacio
899 704 1148 739 consummari
1166 704 1300 748 poterit
1326 704 1405 739 sine
1428 704 1499 738 illa.
1551 705 1657 739 Idem
1680 704 1844 749 intelligo

516 762 564 796 de
594 762 830 806 possessione
859 762 969 805 civili,
999 763 1101 807 quod
1129 762 1175 797 de
1205 762 1300 796 civili
1334 761 1498 797 dominio
1530 762 1629 797 racio
1659 762 1845 807 patefacit,

516 819 740 864 quod*eius
766 820 964 854 translacio
994 832 1067 854 non
1093 827 1150 855 est
1175 831 1243 854 nec
1268 831 1352 854 esse
1381 825 1504 863 potest
1535 825 1651 863 actu5‚
1678 819 1748 854 nisi
1779 831 1845 864 per
1858 828 1941 859 36Α

516 877 703 921 accidens,
718 877 907 922 originalis
923 877 1075 912 dominii
1095 884 1157 912 aut
1177 877 1304 920 civilis,
1319 877 1496 922 quoniam
1509 878 1630 912 nullus
1644 890 1666 912 a
1680 878 1844 912 donante

517 935 587 969 sibi
618 947 698 970 rem
727 936 889 981 aliquam
919 937 1032 970 talem
1061 935 1340 980 possessionem
1374 941 1518 970 tenetur
1547 936 1744 970 admittere
1773 935 1843 970 nisi

517 994 614 1037 velit,
633 993 802 1038 quamvis
820 1005 899 1028 rem
917 993 986 1028 sibi
1011 994 1189 1028 donatam
1212 1005 1256 1028 ex
1280 993 1486 1028 donacione
1510 993 1722 1036 admiserit;
1759 994 1845 1038 quia

515 1052 694 1087 naturalis
711 1052 898 1096 possessio
916 1063 1001 1086 cum
1018 1052 1175 1086 naturali
1192 1051 1357 1086 dominio
1375 1053 1422 1086 ad
1440 1062 1590 1087 omnem
1604 1063 1711 1086 usum
1724 1062 1848 1087 rerum

517 1110 737 1154 legitimum,
767 1121 877 1154 quern
911 1109 1066 1154 quisque
1100 1116 1260 1144 sectator
1288 1109 1380 1153 legis
1414 1116 1545 1144 nature
1573 1110 1651 1145 vult
1678 1121 1847 1145 exercere
1865 1121 1900 1153 15

518 1167 555 1202 in
572 1168 692 1210 rebus,
710 1174 831 1212 potest
850 1167 919 1201 sibi
939 1167 1104 1202 sufficere
1122 1179 1130 1210 ;
1156 1174 1191 1201 et
1210 1167 1471 1201 nichilominus
1490 1179 1569 1202 rem
1593 1167 1644 1202 ita
1666 1167 1847 1212 recipiens

517 1238 540 1260 a
574 1226 749 1268 donante,
784 1224 882 1259 civili
917 1225 1083 1259 dominio
1120 1225 1306 1267 abdicatO,
1340 1231 1464 1269 potest
1504 1225 1708 1259 secundum
1745 1226 1847 1270 leges
1860 1223 2002 1254 abdicate
2019 1230 2050 1254 B·

518 1284 702 1317 humanas
721 1282 927 1317 dominium
946 1283 1052 1317 civile
1070 1283 1185 1317 libere
1203 1294 1288 1317 cum
1305 1282 1461 1317 voluerit
1478 1283 1622 1318 efficere
1640 1282 1677 1317 in
1696 1295 1735 1318 se
1754 1283 1846 1328 ipso,

519 1353 604 1376 cum
637 1340 717 1385 ipse
750 1352 828 1375 rem
862 1341 964 1375 illam
997 1347 1164 1385 occupet,
1194 1347 1230 1375 et
1264 1352 1322 1375 res
1357 1341 1438 1384 ipsa
1470 1352 1544 1375 non
1579 1341 1625 1375 sit
1659 1347 1747 1375 tunc
1780 1341 1848 1375 sub

518 1399 673 1433 alicuius
704 1398 801 1433 civili
834 1398 1019 1433 dominio:
1057 1398 1140 1433 talis
1170 1399 1269 1433 enim
1296 1410 1355 1433 res
1382 1398 1579 1444 occupanti
1610 1399 1825 1434 conceditur
1840 1413 1850 1442 ;
1873 1401 1953 1432 tales
1968 1407 1999 1431 Β.

518 1457 602 1493 ideo
621 1468 848 1502 supervacue
867 1456 1123 1492 admitteretur
1141 1456 1247 1492 civile
1265 1457 1472 1491 dominium
1490 1468 1512 1491 a
1530 1457 1701 1493 donante.

375 1573 505 1606 XXXI.
567 1574 798 1608 IOHANNES.
834 1573 1051 1607 Secundum
1079 1573 1152 1607 hoc
1183 1572 1368 1617 superflua
1398 1578 1482 1607 sunt
1513 1578 1548 1608 et
1578 1583 1686 1607 cassa
1716 1578 1852 1607 cuncta

519 1630 685 1665 dominia
714 1629 919 1675 acquisita:
959 1637 996 1665 et
1027 1630 1078 1665 ita
1108 1630 1267 1665 dicendo
1302 1630 1339 1664 in
1373 1629 1651 1675 providenciam
1685 1630 1851 1665 divinam

518 1688 706 1733 impingis,
720 1688 818 1733 quod
833 1688 914 1732 ipsa
932 1688 1097 1723 dominia
1116 1688 1237 1722 civilia
1256 1688 1326 1722 ista
1344 1687 1513 1730 instituit,
1527 1687 1648 1722 eciam
1666 1688 1853 1724 ordinavit

518 1753 629 1791 atque
663 1745 857 1790 disposuit,
893 1745 1199 1780 distribucionem
1232 1752 1329 1780 terre
1364 1745 1620 1790 promissionis
1655 1746 1732 1780 fieri
1765 1745 1849 1781 filiis
1866 1752 1903 1784 25

520 1803 678 1846 Israelis,
698 1803 845 1846 scilicet,
866 1803 1063 1838 duodecim
1086 1803 1266 1846 tribubus,
1286 1803 1337 1837 ita
1360 1810 1398 1838 ut
1422 1803 1564 1847 singule
1583 1803 1699 1838 tribus
1725 1803 1849 1847 singu-

519 1863 638 1896 larum
676 1861 836 1896 sorcium
874 1862 1053 1896 haberent
1092 1873 1200 1895 suum
1238 1861 1466 1904 dominium3
1510 1861 1610 1906 quod
1644 1861 1850 1896 dominium

520 1926 663 1954 constat
684 1931 765 1954 esse
783 1919 984 1964 positivum
1002 1919 1079 1954 sive
1098 1919 1213 1962 civile,
1233 1919 1319 1964 quia
1337 1919 1514 1963 originale
1532 1931 1607 1953 non
1624 1919 1753 1953 fuerat.

242 1983 455 2023 Civillorgjship
571 1979 800 2013 RICARDUS.
828 1979 932 2012 Deus
957 1977 1062 2011 civile
1088 1977 1293 2011 dominium
1318 1988 1554 2022 nequaquam
1580 1976 1762 2018 instituit3
1797 1983 1851 2012 set

241 2024 459 2085 Χιῗῖἇὶἷζυξῗζὲ
524 2036 644 2071 verius
675 2035 796 2080 ipsum
825 2035 930 2070 civile
961 2035 1177 2077 dominium,
1208 2035 1308 2079 prius
1343 2046 1409 2079 per
1438 2046 1619 2069 annorum
1653 2034 1755 2069 milia
1788 2046 1853 2079 per
1867 2045 1906 2075 30

451 2101 474 2119 1-
522 2093 694 2128 homines
724 2093 943 2135 institutum,
970 2093 1216 2128 exercendum
1245 2094 1293 2127 ab
1320 2093 1372 2127 eis
1403 2093 1549 2135 utiliter,
1577 2104 1669 2137 quos
1698 2099 1851 2127 noverat

523 2163 605 2187 esse
632 2158 780 2195 gentem
806 2151 895 2185 dure
919 2150 1082 2194 cervicis,
1103 2151 1275 2185 ostendit.
1324 2152 1461 2185 Annon
1484 2151 1677 2185 Abraham
1695 2157 1731 2185 et
1757 2151 1852 2185 Loth

523 2217 659 2245 terram
678 2209 876 2243 australem
895 2215 930 2243 et
948 2208 1134 2252 borialem‚
1154 2215 1189 2243 et
1208 2215 1293 2243 ante
1311 2220 1373 2243 eos
1398 2208 1460 2242 filii
1486 2210 1580 2251 Noe,
1601 2208 1700 2251 Sem,
1721 2209 1852 2250 Cham,

523 2274 560 2303 et
587 2268 719 2311 Iaphet
745 2274 862 2301 totam
887 2273 1034 2309 terram,
1058 2274 1094 2302 et
1119 2266 1156 2301 in
1182 2267 1311 2301 mundi
1337 2266 1539 2311 primordio
1567 2267 1670 2310 Cayn
1697 2272 1731 2300 et
1758 2266 1855 2300 Abel

526 2325 697 2370 (quorum
723 2325 863 2369 primus
891 2331 968 2359 erat
995 2324 1167 2368 agricola,
1194 2325 1319 2358 ovium
1345 2330 1470 2369 pastor
1493 2323 1691 2368 secundus)
1719 2330 1853 2358 terram
1867 2334 1906 2366 35

524 2383 736 2427 pascualem
762 2389 872 2427 atque
897 2382 1120 2426 frugiferam,
1139 2382 1238 2416 iuxta
1264 2382 1483 2426 scripturam
1511 2381 1677 2425 Genesis,
1701 2381 1854 2416 civiliter

526 2441 727 2475 diviserunt
746 2453 752 2475 :
776 2452 820 2474 ex
839 2451 911 2484 quo
930 2440 1136 2474 communis
1155 2452 1283 2475 eorum
1301 2451 1503 2475 consensus
1527 2439 1646 2474 effecit
1664 2446 1703 2474 ut
1722 2439 1853 2483 singuli

525 2499 728 2534 eorundem
752 2510 857 2533 suam
880 2498 1095 2542 porcionem
1121 2510 1205 2532 cum
1231 2498 1306 2532 suis
1333 2497 1537 2532 commodis
1564 2497 1743 2531 universis
1771 2509 1854 2531 cum

526 2557 737 2591 exclusione
772 2557 858 2590 iuris
889 2557 1014 2590 utendi
1046 2556 1082 2590 in
1112 2563 1214 2601 parte
1248 2568 1315 2591 sua
1349 2555 1495 2600 proprie
1529 2567 1592 2590 seu
1626 2555 1855 2600 peculiariter

529 2615 748 2648 detinerent.
805 2615 914 2658 Quod
944 2621 1067 2649 autem
1095 2614 1241 2656 astruis,
1269 2626 1312 2648 ex
1342 2615 1411 2648 hoc
1442 2614 1541 2658 quod
1575 2613 1752 2657 originale
1786 2613 1852 2647 do-
1866 2626 1907 2657 40

528 2673 681 2706 minium
701 2685 784 2706 cum
804 2672 870 2706 sibi
890 2673 1123 2716 possessione
1142 2672 1320 2706 conformi
1345 2671 1478 2706 sufficit
1503 2672 1551 2705 ad
1574 2683 1722 2705 omnem
1747 2683 1854 2705 usum

529 2741 660 2771 rerum,
696 2730 799 2774 sequi
838 2741 947 2764 omne
985 2729 1090 2764 civile
1129 2729 1335 2763 dominium
1369 2741 1450 2764 esse
1485 2729 1709 2773 superfluum
1743 2734 1854 2772 atque

531 2799 699 2822 cassum:
742 2787 1041 2832 superfluitatem,
1073 2794 1251 2832 tanquam
1286 2787 1321 2821 in
1356 2798 1442 2823 casu
1477 2787 1598 2822 utilem
1636 2785 1854 2831 imperfectis
