<?xml version="1.0" encoding="UTF-8"?>
<!DOCTYPE html PUBLIC "-//W3C//DTD XHTML 1.0 Transitional//EN"
    "http://www.w3.org/TR/xhtml1/DTD/xhtml1-transitional.dtd">
<html xmlns="http://www.w3.org/1999/xhtml" xml:lang="en" lang="en">
 <head>
  <title>
</title>
<meta http-equiv="Content-Type" content="text/html;charset=utf-8" />
  <meta name='ocr-system' content='tesseract 3.04.00' />
  <meta name='ocr-capabilities' content='ocr_page ocr_carea ocr_par ocr_line ocrx_word'/>
</head>
<body>
  <div class='ocr_page' id='page_1' title='image "./dedominiodivinol00wycl_0296.png"; bbox 0 0 2008 3305; ppageno 0'>
   <div class='ocr_carea' id='block_1_1' title="bbox 202 203 1809 265">
    <p class='ocr_par' dir='ltr' id='par_1_1' title="bbox 202 203 1809 265">
     <span class='ocr_line' id='line_1_1' title="bbox 202 203 1809 265; baseline -0.001 -16"><span class='ocrx_word' id='word_1_1' title='bbox 202 217 283 255; x_wconf 78' lang='lat'>240</span> <span class='ocrx_word' id='word_1_2' title='bbox 884 218 948 248; x_wconf 88' lang='lat' dir='ltr'>DE</span> <span class='ocrx_word' id='word_1_3' title='bbox 980 217 1199 250; x_wconf 84' lang='lat' dir='ltr'>DOMINIO</span> <span class='ocrx_word' id='word_1_4' title='bbox 1232 217 1406 249; x_wconf 83' lang='lat' dir='ltr'>DIVINo</span> <span class='ocrx_word' id='word_1_5' title='bbox 1647 203 1753 265; x_wconf 84' lang='lat' dir='ltr'>[CAP.</span> <span class='ocrx_word' id='word_1_6' title='bbox 1770 220 1809 248; x_wconf 86' lang='lat' dir='ltr'>v.</span> 
     </span>
    </p>
   </div>
   <div class='ocr_carea' id='block_1_2' title="bbox 201 329 1920 1014">
    <p class='ocr_par' dir='ltr' id='par_1_2' title="bbox 479 329 1920 943">
     <span class='ocr_line' id='line_1_2' title="bbox 482 329 1920 380; baseline -0.001 -14"><span class='ocrx_word' id='word_1_7' title='bbox 482 329 617 375; x_wconf 91' lang='lat' dir='ltr'>dimus,</span> <span class='ocrx_word' id='word_1_8' title='bbox 643 336 679 366; x_wconf 92' lang='lat' dir='ltr'>et</span> <span class='ocrx_word' id='word_1_9' title='bbox 699 342 810 367; x_wconf 87' lang='lat' dir='ltr'>casus</span> <span class='ocrx_word' id='word_1_10' title='bbox 838 343 987 368; x_wconf 88' lang='lat' dir='ltr'>summe</span> <span class='ocrx_word' id='word_1_11' title='bbox 1016 331 1274 380; x_wconf 89' lang='lat' dir='ltr'>impossibiles</span> <span class='ocrx_word' id='word_1_12' title='bbox 1305 344 1349 368; x_wconf 91' lang='lat' dir='ltr'>ac</span> <span class='ocrx_word' id='word_1_13' title='bbox 1377 331 1660 380; x_wconf 89' lang='lat' dir='ltr'>occupaciones</span> <span class='ocrx_word' id='word_1_14' title='bbox 1681 342 1811 379; x_wconf 90' lang='lat' dir='ltr'>super·</span> <span class='ocrx_word' id='word_1_15' title='bbox 1828 333 1920 375; x_wconf 84' lang='lat'>[830</span> 
     </span>
     <span class='ocr_line' id='line_1_3' title="bbox 480 400 1811 451; baseline 0.001 -15"><span class='ocrx_word' id='word_1_16' title='bbox 480 400 576 437; x_wconf 89' lang='lat' dir='ltr'>fluas</span> <span class='ocrx_word' id='word_1_17' title='bbox 597 406 801 450; x_wconf 81' lang='lat' dir='ltr'>sequentes</span> <span class='ocrx_word' id='word_1_18' title='bbox 823 401 1043 439; x_wconf 88' lang='lat' dir='ltr'>scolasticas</span> <span class='ocrx_word' id='word_1_19' title='bbox 1057 408 1315 451; x_wconf 89' lang='lat' dir='ltr'>acceptamus.</span> <span class='ocrx_word' id='word_1_20' title='bbox 1352 401 1583 447; x_wconf 84' lang='lat' dir='ltr'>Quocontra</span> <span class='ocrx_word' id='word_1_21' title='bbox 1603 401 1811 450; x_wconf 84' lang='lat' dir='ltr'>apostolus,</span> 
     </span>
     <span class='ocr_line' id='line_1_4' title="bbox 479 470 1814 521; baseline 0.001 -14"><span class='ocrx_word' id='word_1_22' title='bbox 479 470 732 520; x_wconf 81' lang='lat' dir='ltr'>Augustinus,</span> <span class='ocrx_word' id='word_1_23' title='bbox 747 478 784 508; x_wconf 89' lang='lat' dir='ltr'>et</span> <span class='ocrx_word' id='word_1_24' title='bbox 805 472 866 508; x_wconf 89' lang='lat' dir='ltr'>alii</span> <span class='ocrx_word' id='word_1_25' title='bbox 888 471 1064 509; x_wconf 88' lang='lat' dir='ltr'>viderunt</span> <span class='ocrx_word' id='word_1_26' title='bbox 1085 472 1192 521; x_wconf 88' lang='lat' dir='ltr'>quod</span> <span class='ocrx_word' id='word_1_27' title='bbox 1208 484 1279 509; x_wconf 91' lang='lat' dir='ltr'>nec</span> <span class='ocrx_word' id='word_1_28' title='bbox 1300 478 1429 521; x_wconf 90' lang='lat' dir='ltr'>potest</span> <span class='ocrx_word' id='word_1_29' title='bbox 1450 478 1622 509; x_wconf 89' lang='lat' dir='ltr'>creatura</span> <span class='ocrx_word' id='word_1_30' title='bbox 1634 471 1814 509; x_wconf 89' lang='lat' dir='ltr'>inherens</span> 
     </span>
     <span class='ocr_line' id='line_1_5' title="bbox 481 542 1813 591; baseline 0.002 -14"><span class='ocrx_word' id='word_1_31' title='bbox 481 542 697 578; x_wconf 88' lang='lat' dir='ltr'>substancie</span> <span class='ocrx_word' id='word_1_32' title='bbox 727 554 797 590; x_wconf 89' lang='lat' dir='ltr'>per</span> <span class='ocrx_word' id='word_1_33' title='bbox 828 554 868 579; x_wconf 88' lang='lat' dir='ltr'>se</span> <span class='ocrx_word' id='word_1_34' title='bbox 897 554 992 587; x_wconf 86' lang='lat' dir='ltr'>esse,</span> <span class='ocrx_word' id='word_1_35' title='bbox 1024 555 1094 580; x_wconf 88' lang='lat' dir='ltr'>nec</span> <span class='ocrx_word' id='word_1_36' title='bbox 1128 543 1247 580; x_wconf 88' lang='lat' dir='ltr'>horno</span> <span class='ocrx_word' id='word_1_37' title='bbox 1277 543 1335 579; x_wconf 91' lang='lat' dir='ltr'>vel</span> <span class='ocrx_word' id='word_1_38' title='bbox 1367 542 1528 591; x_wconf 82' lang='lat' dir='ltr'>angelus</span> <span class='ocrx_word' id='word_1_39' title='bbox 1561 542 1765 591; x_wconf 90' lang='lat' dir='ltr'>gratificari</span> <span class='ocrx_word' id='word_1_40' title='bbox 1790 554 1813 579; x_wconf 89' lang='lat' dir='ltr'>a</span> 
     </span>
     <span class='ocr_line' id='line_1_6' title="bbox 480 611 1843 660; baseline 0.001 -13"><span class='ocrx_word' id='word_1_41' title='bbox 480 611 578 657; x_wconf 94' lang='lat' dir='ltr'>Deo,</span> <span class='ocrx_word' id='word_1_42' title='bbox 601 612 674 648; x_wconf 93' lang='lat' dir='ltr'>nisi</span> <span class='ocrx_word' id='word_1_43' title='bbox 699 612 890 649; x_wconf 81' lang='lat' dir='ltr'>mediante</span> <span class='ocrx_word' id='word_1_44' title='bbox 917 613 1046 660; x_wconf 88' lang='lat' dir='ltr'>gracia</span> <span class='ocrx_word' id='word_1_45' title='bbox 1073 613 1127 650; x_wconf 89' lang='lat' dir='ltr'>eis</span> <span class='ocrx_word' id='word_1_46' title='bbox 1155 612 1442 650; x_wconf 81' lang='lat' dir='ltr'>accidentaliter</span> <span class='ocrx_word' id='word_1_47' title='bbox 1465 611 1690 659; x_wconf 87' lang='lat' dir='ltr'>inherente;</span> <span class='ocrx_word' id='word_1_48' title='bbox 1722 623 1843 655; x_wconf 81' lang='lat' dir='ltr'>cums</span> 
     </span>
     <span class='ocr_line' id='line_1_7' title="bbox 480 682 1812 732; baseline 0.002 -14"><span class='ocrx_word' id='word_1_49' title='bbox 480 694 560 719; x_wconf 92' lang='lat' dir='ltr'>non</span> <span class='ocrx_word' id='word_1_50' title='bbox 596 689 760 731; x_wconf 86' lang='lat' dir='ltr'>possunt</span> <span class='ocrx_word' id='word_1_51' title='bbox 794 683 866 720; x_wconf 90' lang='lat' dir='ltr'>nisi</span> <span class='ocrx_word' id='word_1_52' title='bbox 896 683 1178 720; x_wconf 85' lang='lat' dir='ltr'>accidentaliter</span> <span class='ocrx_word' id='word_1_53' title='bbox 1204 695 1226 720; x_wconf 89' lang='lat' dir='ltr'>a</span> <span class='ocrx_word' id='word_1_54' title='bbox 1256 682 1343 720; x_wconf 90' lang='lat' dir='ltr'>Deo</span> <span class='ocrx_word' id='word_1_55' title='bbox 1377 683 1591 732; x_wconf 83' lang='lat' dir='ltr'>acceptari;</span> <span class='ocrx_word' id='word_1_56' title='bbox 1624 695 1695 720; x_wconf 90' lang='lat' dir='ltr'>nec</span> <span class='ocrx_word' id='word_1_57' title='bbox 1727 683 1812 720; x_wconf 91' lang='lat' dir='ltr'>talis</span> 
     </span>
     <span class='ocr_line' id='line_1_8' title="bbox 479 753 1810 802; baseline 0.002 -13"><span class='ocrx_word' id='word_1_58' title='bbox 479 765 550 797; x_wconf 92' lang='lat' dir='ltr'>res,</span> <span class='ocrx_word' id='word_1_59' title='bbox 582 765 699 802; x_wconf 83' lang='lat' dir='ltr'>quam</span> <span class='ocrx_word' id='word_1_60' title='bbox 730 753 880 802; x_wconf 88' lang='lat' dir='ltr'>fingunt</span> <span class='ocrx_word' id='word_1_61' title='bbox 905 753 1205 802; x_wconf 84' lang='lat' dir='ltr'>superadditam,</span> <span class='ocrx_word' id='word_1_62' title='bbox 1238 765 1305 802; x_wconf 91' lang='lat' dir='ltr'>per</span> <span class='ocrx_word' id='word_1_63' title='bbox 1337 765 1376 790; x_wconf 94' lang='lat' dir='ltr'>se</span> <span class='ocrx_word' id='word_1_64' title='bbox 1410 754 1610 801; x_wconf 86' lang='lat' dir='ltr'>sufficeret,</span> <span class='ocrx_word' id='word_1_65' title='bbox 1642 753 1714 790; x_wconf 90' lang='lat' dir='ltr'>nisi</span> <span class='ocrx_word' id='word_1_66' title='bbox 1742 765 1810 802; x_wconf 93' lang='lat' dir='ltr'>po-</span> 
     </span>
     <span class='ocr_line' id='line_1_9' title="bbox 480 823 1812 874; baseline 0.002 -15"><span class='ocrx_word' id='word_1_67' title='bbox 480 823 611 860; x_wconf 91' lang='lat' dir='ltr'>nendo</span> <span class='ocrx_word' id='word_1_68' title='bbox 631 823 935 873; x_wconf 85' lang='lat' dir='ltr'>disposicionem</span> <span class='ocrx_word' id='word_1_69' title='bbox 956 823 1244 861; x_wconf 84' lang='lat' dir='ltr'>accidentaliter</span> <span class='ocrx_word' id='word_1_70' title='bbox 1265 824 1505 861; x_wconf 91' lang='lat' dir='ltr'>inherentem</span> <span class='ocrx_word' id='word_1_71' title='bbox 1526 836 1574 861; x_wconf 88' lang='lat' dir='ltr'>ex</span> <span class='ocrx_word' id='word_1_72' title='bbox 1594 823 1670 862; x_wconf 90' lang='lat' dir='ltr'>Dei</span> <span class='ocrx_word' id='word_1_73' title='bbox 1682 824 1812 874; x_wconf 84' lang='lat' dir='ltr'>gracia</span> 
     </span>
     <span class='ocr_line' id='line_1_10' title="bbox 481 893 1596 943; baseline 0.001 -13"><span class='ocrx_word' id='word_1_74' title='bbox 481 893 693 931; x_wconf 90' lang='lat' dir='ltr'>secundum</span> <span class='ocrx_word' id='word_1_75' title='bbox 715 906 831 942; x_wconf 89' lang='lat' dir='ltr'>quam</span> <span class='ocrx_word' id='word_1_76' title='bbox 853 900 1025 931; x_wconf 87' lang='lat' dir='ltr'>creatura</span> <span class='ocrx_word' id='word_1_77' title='bbox 1045 900 1101 931; x_wconf 90' lang='lat' dir='ltr'>est</span> <span class='ocrx_word' id='word_1_78' title='bbox 1122 894 1330 931; x_wconf 83' lang='lat' dir='ltr'>formaliter</span> <span class='ocrx_word' id='word_1_79' title='bbox 1351 894 1404 931; x_wconf 91' lang='lat' dir='ltr'>sic</span> <span class='ocrx_word' id='word_1_80' title='bbox 1425 900 1596 943; x_wconf 84' lang='lat' dir='ltr'>accepta.</span> 
     </span>
    </p>

    <p class='ocr_par' dir='ltr' id='par_1_3' title="bbox 201 963 1867 1014">
     <span class='ocr_line' id='line_1_11' title="bbox 201 963 1867 1014; baseline 0.002 -17"><span class='ocrx_word' id='word_1_81' title='bbox 201 971 248 997; x_wconf 81' lang='lat' dir='ltr'>No</span> <span class='ocrx_word' id='word_1_82' title='bbox 262 980 326 997; x_wconf 80' lang='lat' dir='ltr'>man</span> <span class='ocrx_word' id='word_1_83' title='bbox 340 980 392 997; x_wconf 81' lang='lat' dir='ltr'>can</span> <span class='ocrx_word' id='word_1_84' title='bbox 535 963 675 1001; x_wconf 88' lang='lat' dir='ltr'>Talem</span> <span class='ocrx_word' id='word_1_85' title='bbox 703 977 798 1013; x_wconf 89' lang='lat' dir='ltr'>ergo</span> <span class='ocrx_word' id='word_1_86' title='bbox 825 964 1011 1013; x_wconf 90' lang='lat' dir='ltr'>ponendo</span> <span class='ocrx_word' id='word_1_87' title='bbox 1039 965 1119 1001; x_wconf 88' lang='lat' dir='ltr'>sine</span> <span class='ocrx_word' id='word_1_88' title='bbox 1145 964 1241 1014; x_wconf 90' lang='lat' dir='ltr'>pluri</span> <span class='ocrx_word' id='word_1_89' title='bbox 1270 964 1387 1013; x_wconf 87' lang='lat' dir='ltr'>plana</span> <span class='ocrx_word' id='word_1_90' title='bbox 1415 971 1472 1001; x_wconf 89' lang='lat' dir='ltr'>est</span> <span class='ocrx_word' id='word_1_91' title='bbox 1503 964 1694 1014; x_wconf 86' lang='lat' dir='ltr'>Scripture</span> <span class='ocrx_word' id='word_1_92' title='bbox 1725 977 1810 1003; x_wconf 90' lang='lat' dir='ltr'>sen·</span> <span class='ocrx_word' id='word_1_93' title='bbox 1827 979 1867 1001; x_wconf 91' lang='lat'>10</span> 
     </span>
    </p>
   </div>
   <div class='ocr_carea' id='block_1_3' title="bbox 198 1004 1812 1085">
    <p class='ocr_par' dir='ltr' id='par_1_4' title="bbox 198 1004 1812 1085">
     <span class='ocr_line' id='line_1_12' title="bbox 198 1004 1812 1085; baseline 0.001 -14"><span class='ocrx_word' id='word_1_94' title='bbox 198 1004 605 1076; x_wconf 38' lang='lat' dir='ltr'>giiiesigrsseeisstlxgitalietencia</span> <span class='ocrx_word' id='word_1_95' title='bbox 645 1034 847 1083; x_wconf 87' lang='lat' dir='ltr'>quomodo</span> <span class='ocrx_word' id='word_1_96' title='bbox 890 1047 1005 1072; x_wconf 90' lang='lat' dir='ltr'>nemo</span> <span class='ocrx_word' id='word_1_97' title='bbox 1047 1041 1174 1083; x_wconf 90' lang='lat' dir='ltr'>potest</span> <span class='ocrx_word' id='word_1_98' title='bbox 1212 1035 1348 1072; x_wconf 89' lang='lat' dir='ltr'>mereri</span> <span class='ocrx_word' id='word_1_99' title='bbox 1388 1035 1468 1072; x_wconf 89' lang='lat' dir='ltr'>sine</span> <span class='ocrx_word' id='word_1_100' title='bbox 1499 1036 1653 1084; x_wconf 89' lang='lat' dir='ltr'>speciali</span> <span class='ocrx_word' id='word_1_101' title='bbox 1682 1036 1812 1085; x_wconf 85' lang='lat' dir='ltr'>gracia</span> 
     </span>
    </p>
   </div>
   <div class='ocr_carea' id='block_1_4' title="bbox 197 1072 1864 2494">
    <p class='ocr_par' dir='ltr' id='par_1_5' title="bbox 197 1072 1864 2494">
     <span class='ocr_line' id='line_1_13' title="bbox 197 1072 1811 1155; baseline 0.001 -14"><span class='ocrx_word' id='word_1_102' title='bbox 197 1078 364 1105; x_wconf 72' lang='lat' dir='ltr'>prevemmg</span> <span class='ocrx_word' id='word_1_103' title='bbox 378 1072 446 1098; x_wconf 39' lang='lat' dir='ltr'>hun·</span> <span class='ocrx_word' id='word_1_104' title='bbox 479 1104 606 1153; x_wconf 88' lang='lat' dir='ltr'>previe</span> <span class='ocrx_word' id='word_1_105' title='bbox 626 1111 889 1150; x_wconf 89' lang='lat' dir='ltr'>concurrente,</span> <span class='ocrx_word' id='word_1_106' title='bbox 913 1105 1008 1142; x_wconf 81' lang='lat' dir='ltr'>sicut</span> <span class='ocrx_word' id='word_1_107' title='bbox 1039 1104 1323 1142; x_wconf 91' lang='lat' dir='ltr'>Lincolniensis</span> <span class='ocrx_word' id='word_1_108' title='bbox 1353 1106 1513 1154; x_wconf 87' lang='lat' dir='ltr'>exponit</span> <span class='ocrx_word' id='word_1_109' title='bbox 1542 1106 1811 1155; x_wconf 84' lang='lat' dir='ltr'>exemplariter</span> 
     </span>
     <span class='ocr_line' id='line_1_14' title="bbox 479 1174 1816 1225; baseline 0.001 -13"><span class='ocrx_word' id='word_1_110' title='bbox 479 1174 526 1212; x_wconf 89' lang='lat' dir='ltr'>de</span> <span class='ocrx_word' id='word_1_111' title='bbox 547 1175 748 1224; x_wconf 80' lang='lat' dir='ltr'>vegetabili</span> <span class='ocrx_word' id='word_1_112' title='bbox 770 1175 979 1212; x_wconf 88' lang='lat' dir='ltr'>sublunari.</span> <span class='ocrx_word' id='word_1_113' title='bbox 1034 1176 1156 1221; x_wconf 81' lang='lat' dir='ltr'>Patet,</span> <span class='ocrx_word' id='word_1_114' title='bbox 1178 1176 1312 1225; x_wconf 89' lang='lat' dir='ltr'>inquit,</span> <span class='ocrx_word' id='word_1_115' title='bbox 1332 1177 1431 1224; x_wconf 81' lang='lat' dir='ltr'>quod</span> <span class='ocrx_word' id='word_1_116' title='bbox 1449 1189 1549 1213; x_wconf 89' lang='lat' dir='ltr'>omne</span> <span class='ocrx_word' id='word_1_117' title='bbox 1567 1177 1698 1214; x_wconf 77' lang='lat' dir='ltr'>bonum</span> <span class='ocrx_word' id='word_1_118' title='bbox 1718 1177 1816 1225; x_wconf 82' lang='lat' dir='ltr'>quod</span> 
     </span>
     <span class='ocr_line' id='line_1_15' title="bbox 479 1243 1856 1295; baseline 0.003 -14"><span class='ocrx_word' id='word_1_119' title='bbox 479 1246 518 1281; x_wconf 88' lang='lat' dir='ltr'>in</span> <span class='ocrx_word' id='word_1_120' title='bbox 539 1245 641 1283; x_wconf 80' lang='lat' dir='ltr'>nobis</span> <span class='ocrx_word' id='word_1_121' title='bbox 660 1250 720 1292; x_wconf 85' lang='lat' dir='ltr'>est,</span> <span class='ocrx_word' id='word_1_122' title='bbox 749 1247 825 1283; x_wconf 84' lang='lat' dir='ltr'>sive</span> <span class='ocrx_word' id='word_1_123' title='bbox 846 1246 1058 1295; x_wconf 79' lang='lat' dir='ltr'>gratuitum</span> <span class='ocrx_word' id='word_1_124' title='bbox 1081 1243 1099 1264; x_wconf 73' lang='lat'>’¹‘</span> <span class='ocrx_word' id='word_1_125' title='bbox 1122 1247 1196 1283; x_wconf 82' lang='lat' dir='ltr'>sive</span> <span class='ocrx_word' id='word_1_126' title='bbox 1220 1247 1402 1292; x_wconf 88' lang='lat' dir='ltr'>naturale,</span> <span class='ocrx_word' id='word_1_127' title='bbox 1424 1259 1447 1283; x_wconf 87' lang='lat' dir='ltr'>a</span> <span class='ocrx_word' id='word_1_128' title='bbox 1467 1248 1606 1295; x_wconf 77' lang='lat' dir='ltr'>gracia</span> <span class='ocrx_word' id='word_1_129' title='bbox 1633 1246 1713 1284; x_wconf 83' lang='lat' dir='ltr'>Dei</span> <span class='ocrx_word' id='word_1_130' title='bbox 1736 1251 1790 1284; x_wconf 85' lang='lat' dir='ltr'>est</span> <span class='ocrx_word' id='word_1_131' title='bbox 1798 1258 1856 1286; x_wconf 84' lang='lat' dir='ltr'>:D</span> 
     </span>
     <span class='ocr_line' id='line_1_16' title="bbox 478 1317 1863 1367; baseline 0.002 -15"><span class='ocrx_word' id='word_1_132' title='bbox 478 1318 566 1364; x_wconf 86' lang='lat' dir='ltr'>quia</span> <span class='ocrx_word' id='word_1_133' title='bbox 596 1318 738 1354; x_wconf 88' lang='lat' dir='ltr'>nullum</span> <span class='ocrx_word' id='word_1_134' title='bbox 767 1322 819 1353; x_wconf 89' lang='lat' dir='ltr'>est</span> <span class='ocrx_word' id='word_1_135' title='bbox 846 1317 975 1354; x_wconf 79' lang='lat' dir='ltr'>bonum</span> <span class='ocrx_word' id='word_1_136' title='bbox 1005 1317 1104 1365; x_wconf 85' lang='lat' dir='ltr'>quod</span> <span class='ocrx_word' id='word_1_137' title='bbox 1130 1318 1203 1365; x_wconf 86' lang='lat' dir='ltr'>ipse</span> <span class='ocrx_word' id='word_1_138' title='bbox 1232 1329 1302 1353; x_wconf 89' lang='lat' dir='ltr'>non</span> <span class='ocrx_word' id='word_1_139' title='bbox 1332 1317 1419 1353; x_wconf 82' lang='lat' dir='ltr'>velit</span> <span class='ocrx_word' id='word_1_140' title='bbox 1444 1329 1516 1353; x_wconf 89' lang='lat' dir='ltr'>esse</span> <span class='ocrx_word' id='word_1_141' title='bbox 1532 1330 1551 1360; x_wconf 85' lang='lat'>,·</span> <span class='ocrx_word' id='word_1_142' title='bbox 1581 1321 1615 1354; x_wconf 89' lang='lat' dir='ltr'>et</span> <span class='ocrx_word' id='word_1_143' title='bbox 1632 1330 1713 1354; x_wconf 88' lang='lat' dir='ltr'>cum</span> <span class='ocrx_word' id='word_1_144' title='bbox 1734 1319 1810 1354; x_wconf 83' lang='lat' dir='ltr'>eius</span> <span class='ocrx_word' id='word_1_145' title='bbox 1825 1335 1863 1367; x_wconf 89' lang='lat'>15</span> 
     </span>
     <span class='ocr_line' id='line_1_17' title="bbox 477 1387 1810 1437; baseline 0.001 -13"><span class='ocrx_word' id='word_1_146' title='bbox 477 1388 563 1424; x_wconf 84' lang='lat' dir='ltr'>velle</span> <span class='ocrx_word' id='word_1_147' title='bbox 581 1389 632 1424; x_wconf 84' lang='lat' dir='ltr'>sit</span> <span class='ocrx_word' id='word_1_148' title='bbox 648 1401 753 1424; x_wconf 88' lang='lat' dir='ltr'>suum</span> <span class='ocrx_word' id='word_1_149' title='bbox 765 1388 914 1437; x_wconf 84' lang='lat' dir='ltr'>facere,</span> <span class='ocrx_word' id='word_1_150' title='bbox 927 1392 1032 1436; x_wconf 86' lang='lat' dir='ltr'>patet</span> <span class='ocrx_word' id='word_1_151' title='bbox 1057 1388 1156 1436; x_wconf 81' lang='lat' dir='ltr'>quod</span> <span class='ocrx_word' id='word_1_152' title='bbox 1175 1400 1245 1424; x_wconf 91' lang='lat' dir='ltr'>non</span> <span class='ocrx_word' id='word_1_153' title='bbox 1274 1391 1327 1424; x_wconf 85' lang='lat' dir='ltr'>est</span> <span class='ocrx_word' id='word_1_154' title='bbox 1353 1387 1483 1424; x_wconf 82' lang='lat' dir='ltr'>bonum</span> <span class='ocrx_word' id='word_1_155' title='bbox 1513 1388 1611 1436; x_wconf 83' lang='lat' dir='ltr'>quod</span> <span class='ocrx_word' id='word_1_156' title='bbox 1635 1389 1710 1437; x_wconf 85' lang='lat' dir='ltr'>zpse</span> <span class='ocrx_word' id='word_1_157' title='bbox 1738 1401 1810 1425; x_wconf 89' lang='lat' dir='ltr'>non</span> 
     </span>
     <span class='ocr_line' id='line_1_18' title="bbox 460 1458 1816 1507; baseline 0.001 -13"><span class='ocrx_word' id='word_1_158' title='bbox 460 1458 606 1507; x_wconf 86' lang='lat' dir='ltr'>faciat.</span> <span class='ocrx_word' id='word_1_159' title='bbox 664 1458 904 1495; x_wconf 81' lang='lat' dir='ltr'>Aversionem</span> <span class='ocrx_word' id='word_1_160' title='bbox 925 1470 1011 1506; x_wconf 74' lang='lat' dir='ltr'>ergo</span> <span class='ocrx_word' id='word_1_161' title='bbox 1040 1459 1240 1495; x_wconf 86' lang='lat' dir='ltr'>voluntatis</span> <span class='ocrx_word' id='word_1_162' title='bbox 1260 1471 1283 1494; x_wconf 91' lang='lat' dir='ltr'>a</span> <span class='ocrx_word' id='word_1_163' title='bbox 1303 1459 1399 1494; x_wconf 87' lang='lat' dir='ltr'>malo</span> <span class='ocrx_word' id='word_1_164' title='bbox 1422 1463 1455 1494; x_wconf 87' lang='lat' dir='ltr'>et</span> <span class='ocrx_word' id='word_1_165' title='bbox 1476 1460 1742 1495; x_wconf 74' lang='lat' dir='ltr'>conversionem</span> <span class='ocrx_word' id='word_1_166' title='bbox 1762 1459 1816 1495; x_wconf 86' lang='lat' dir='ltr'>ad</span> 
     </span>
     <span class='ocr_line' id='line_1_19' title="bbox 478 1528 1810 1578; baseline 0.001 -13"><span class='ocrx_word' id='word_1_167' title='bbox 478 1529 608 1566; x_wconf 82' lang='lat' dir='ltr'>bonum</span> <span class='ocrx_word' id='word_1_168' title='bbox 629 1541 673 1565; x_wconf 90' lang='lat' dir='ltr'>ac</span> <span class='ocrx_word' id='word_1_169' title='bbox 684 1529 1006 1577; x_wconf 77' lang='lat' dir='ltr'>perseveranciam</span> <span class='ocrx_word' id='word_1_170' title='bbox 1022 1530 1060 1565; x_wconf 89' lang='lat' dir='ltr'>in</span> <span class='ocrx_word' id='word_1_171' title='bbox 1077 1528 1164 1565; x_wconf 78' lang='lat' dir='ltr'>bono</span> <span class='ocrx_word' id='word_1_172' title='bbox 1180 1530 1254 1577; x_wconf 86' lang='lat' dir='ltr'>ipse</span> <span class='ocrx_word' id='word_1_173' title='bbox 1256 1529 1369 1578; x_wconf 83' lang='lat' dir='ltr'>facit</span> <span class='ocrx_word' id='word_1_174' title='bbox 1380 1542 1393 1565; x_wconf 94' lang='lat'>.·</span> <span class='ocrx_word' id='word_1_175' title='bbox 1415 1529 1677 1566; x_wconf 75' lang='lat' dir='ltr'>nichilominus</span> <span class='ocrx_word' id='word_1_176' title='bbox 1690 1533 1810 1566; x_wconf 88' lang='lat' dir='ltr'>tamen</span> 
     </span>
     <span class='ocr_line' id='line_1_20' title="bbox 478 1599 1813 1649; baseline 0.001 -14"><span class='ocrx_word' id='word_1_177' title='bbox 478 1599 539 1635; x_wconf 83' lang='lat' dir='ltr'>lzec</span> <span class='ocrx_word' id='word_1_178' title='bbox 559 1600 678 1636; x_wconf 87' lang='lat' dir='ltr'>eadem</span> <span class='ocrx_word' id='word_1_179' title='bbox 693 1600 804 1649; x_wconf 81' lang='lat' dir='ltr'>facit</span> <span class='ocrx_word' id='word_1_180' title='bbox 829 1604 957 1636; x_wconf 88' lang='lat' dir='ltr'>nostra</span> <span class='ocrx_word' id='word_1_181' title='bbox 986 1600 1155 1636; x_wconf 84' lang='lat' dir='ltr'>voluntas</span> <span class='ocrx_word' id='word_1_182' title='bbox 1185 1599 1302 1644; x_wconf 79' lang='lat' dir='ltr'>libere,</span> <span class='ocrx_word' id='word_1_183' title='bbox 1332 1600 1430 1635; x_wconf 83' lang='lat' dir='ltr'>sicut</span> <span class='ocrx_word' id='word_1_184' title='bbox 1440 1611 1607 1647; x_wconf 65' lang='lat' dir='ltr'>&lt;granum</span> <span class='ocrx_word' id='word_1_185' title='bbox 1621 1600 1813 1648; x_wconf 80' lang='lat' dir='ltr'>germinat</span> 
     </span>
     <span class='ocr_line' id='line_1_21' title="bbox 477 1670 1864 1718; baseline 0.001 -11"><span class='ocrx_word' id='word_1_186' title='bbox 477 1674 511 1706; x_wconf 87' lang='lat' dir='ltr'>et</span> <span class='ocrx_word' id='word_1_187' title='bbox 527 1671 614 1707; x_wconf 86' lang='lat' dir='ltr'>solis</span> <span class='ocrx_word' id='word_1_188' title='bbox 634 1671 754 1707; x_wconf 85' lang='lat' dir='ltr'>calore</span> <span class='ocrx_word' id='word_1_189' title='bbox 773 1675 806 1707; x_wconf 88' lang='lat' dir='ltr'>et</span> <span class='ocrx_word' id='word_1_190' title='bbox 823 1674 918 1707; x_wconf 85' lang='lat' dir='ltr'>terre</span> <span class='ocrx_word' id='word_1_191' title='bbox 938 1671 1087 1707; x_wconf 80' lang='lat' dir='ltr'>humore</span> <span class='ocrx_word' id='word_1_192' title='bbox 1105 1674 1139 1706; x_wconf 88' lang='lat' dir='ltr'>et</span> <span class='ocrx_word' id='word_1_193' title='bbox 1159 1670 1320 1717; x_wconf 85' lang='lat' dir='ltr'>quadam</span> <span class='ocrx_word' id='word_1_194' title='bbox 1347 1671 1392 1706; x_wconf 85' lang='lat' dir='ltr'>vi</span> <span class='ocrx_word' id='word_1_195' title='bbox 1399 1670 1652 1718; x_wconf 76' lang='lat' dir='ltr'>germinativa</span> <span class='ocrx_word' id='word_1_196' title='bbox 1672 1670 1806 1706; x_wconf 83' lang='lat' dir='ltr'>intrin-</span> <span class='ocrx_word' id='word_1_197' title='bbox 1823 1687 1864 1709; x_wconf 88' lang='lat'>20</span> 
     </span>
     <span class='ocr_line' id='line_1_22' title="bbox 476 1739 1808 1788; baseline -0.001 -11"><span class='ocrx_word' id='word_1_198' title='bbox 476 1753 568 1778; x_wconf 84' lang='lat' dir='ltr'>seca.</span> <span class='ocrx_word' id='word_1_199' title='bbox 626 1739 678 1778; x_wconf 85' lang='lat' dir='ltr'>Si</span> <span class='ocrx_word' id='word_1_200' title='bbox 701 1742 795 1777; x_wconf 89' lang='lat' dir='ltr'>enim</span> <span class='ocrx_word' id='word_1_201' title='bbox 824 1753 896 1777; x_wconf 92' lang='lat' dir='ltr'>non</span> <span class='ocrx_word' id='word_1_202' title='bbox 920 1744 1161 1777; x_wconf 75' lang='lat' dir='ltr'>averteremus</span> <span class='ocrx_word' id='word_1_203' title='bbox 1189 1752 1253 1776; x_wconf 90' lang='lat' dir='ltr'>nos</span> <span class='ocrx_word' id='word_1_204' title='bbox 1281 1741 1378 1788; x_wconf 86' lang='lat' dir='ltr'>ipsos</span> <span class='ocrx_word' id='word_1_205' title='bbox 1401 1752 1424 1776; x_wconf 94' lang='lat' dir='ltr'>a</span> <span class='ocrx_word' id='word_1_206' title='bbox 1451 1740 1547 1776; x_wconf 89' lang='lat' dir='ltr'>mali</span> <span class='ocrx_word' id='word_1_207' title='bbox 1569 1744 1604 1776; x_wconf 88' lang='lat' dir='ltr'>et</span> <span class='ocrx_word' id='word_1_208' title='bbox 1629 1745 1808 1777; x_wconf 80' lang='lat' dir='ltr'>converte-</span> 
     </span>
     <span class='ocr_line' id='line_1_23' title="bbox 476 1810 1810 1855; baseline -0.001 -7"><span class='ocrx_word' id='word_1_209' title='bbox 476 1824 598 1848; x_wconf 83' lang='lat' dir='ltr'>remus</span> <span class='ocrx_word' id='word_1_210' title='bbox 629 1812 741 1848; x_wconf 85' lang='lat' dir='ltr'>eciam</span> <span class='ocrx_word' id='word_1_211' title='bbox 771 1823 835 1848; x_wconf 88' lang='lat' dir='ltr'>nos</span> <span class='ocrx_word' id='word_1_212' title='bbox 865 1811 919 1847; x_wconf 85' lang='lat' dir='ltr'>ad</span> <span class='ocrx_word' id='word_1_213' title='bbox 946 1810 1086 1855; x_wconf 80' lang='lat' dir='ltr'>bonum,</span> <span class='ocrx_word' id='word_1_214' title='bbox 1112 1823 1183 1847; x_wconf 90' lang='lat' dir='ltr'>non</span> <span class='ocrx_word' id='word_1_215' title='bbox 1213 1810 1294 1847; x_wconf 86' lang='lat' dir='ltr'>inde</span> <span class='ocrx_word' id='word_1_216' title='bbox 1321 1822 1474 1847; x_wconf 78' lang='lat' dir='ltr'>essemus</span> <span class='ocrx_word' id='word_1_217' title='bbox 1502 1810 1715 1855; x_wconf 76' lang='lat' dir='ltr'>laudabiles,</span> <span class='ocrx_word' id='word_1_218' title='bbox 1748 1823 1810 1846; x_wconf 87' lang='lat' dir='ltr'>nec</span> 
     </span>
     <span class='ocr_line' id='line_1_24' title="bbox 468 1880 1811 1931; baseline -0.001 -13"><span class='ocrx_word' id='word_1_219' title='bbox 468 1883 725 1930; x_wconf 75' lang='lat' dir='ltr'>preciperetur</span> <span class='ocrx_word' id='word_1_220' title='bbox 739 1881 840 1918; x_wconf 77' lang='lat' dir='ltr'>nobis</span> <span class='ocrx_word' id='word_1_221' title='bbox 860 1882 897 1918; x_wconf 87' lang='lat' dir='ltr'>in</span> <span class='ocrx_word' id='word_1_222' title='bbox 915 1880 1116 1929; x_wconf 74' lang='lat' dir='ltr'>Scriptura</span> <span class='ocrx_word' id='word_1_223' title='bbox 1136 1881 1202 1917; x_wconf 76' lang='lat' dir='ltr'>hoe</span> <span class='ocrx_word' id='word_1_224' title='bbox 1207 1881 1342 1931; x_wconf 88' lang='lat' dir='ltr'>facere</span> <span class='ocrx_word' id='word_1_225' title='bbox 1354 1894 1367 1917; x_wconf 93' lang='lat'>.·</span> <span class='ocrx_word' id='word_1_226' title='bbox 1395 1885 1428 1917; x_wconf 85' lang='lat' dir='ltr'>et</span> <span class='ocrx_word' id='word_1_227' title='bbox 1445 1882 1483 1917; x_wconf 83' lang='lat' dir='ltr'>si</span> <span class='ocrx_word' id='word_1_228' title='bbox 1498 1881 1574 1916; x_wconf 86' lang='lat' dir='ltr'>sine</span> <span class='ocrx_word' id='word_1_229' title='bbox 1587 1881 1726 1929; x_wconf 76' lang='lat' dir='ltr'>gracia</span> <span class='ocrx_word' id='word_1_230' title='bbox 1746 1881 1811 1917; x_wconf 81' lang='lat' dir='ltr'>lzoc</span> 
     </span>
     <span class='ocr_line' id='line_1_25' title="bbox 468 1950 1808 2001; baseline -0.001 -12"><span class='ocrx_word' id='word_1_231' title='bbox 468 1960 657 2001; x_wconf 81' lang='lat' dir='ltr'>possemus</span> <span class='ocrx_word' id='word_1_232' title='bbox 681 1952 866 2001; x_wconf 88' lang='lat' dir='ltr'>perficere,</span> <span class='ocrx_word' id='word_1_233' title='bbox 903 1964 973 1988; x_wconf 91' lang='lat' dir='ltr'>non</span> <span class='ocrx_word' id='word_1_234' title='bbox 999 1958 1074 2000; x_wconf 84' lang='lat' dir='ltr'>pro</span> <span class='ocrx_word' id='word_1_235' title='bbox 1107 1951 1181 1987; x_wconf 75' lang='lat' dir='ltr'>hiis</span> <span class='ocrx_word' id='word_1_236' title='bbox 1216 1952 1407 1999; x_wconf 77' lang='lat' dir='ltr'>rogandus</span> <span class='ocrx_word' id='word_1_237' title='bbox 1437 1955 1525 1988; x_wconf 89' lang='lat' dir='ltr'>esset</span> <span class='ocrx_word' id='word_1_238' title='bbox 1559 1950 1674 1987; x_wconf 88' lang='lat' dir='ltr'>Deus.</span> <span class='ocrx_word' id='word_1_239' title='bbox 1722 1950 1808 1988; x_wconf 91' lang='lat' dir='ltr'>Hee</span> 
     </span>
     <span class='ocr_line' id='line_1_26' title="bbox 478 2021 1861 2071; baseline -0.001 -11"><span class='ocrx_word' id='word_1_240' title='bbox 478 2023 624 2060; x_wconf 89' lang='lat' dir='ltr'>doctor.</span> <span class='ocrx_word' id='word_1_241' title='bbox 681 2022 937 2071; x_wconf 85' lang='lat' dir='ltr'>Ymaginatur</span> <span class='ocrx_word' id='word_1_242' title='bbox 958 2022 1114 2071; x_wconf 90' lang='lat' dir='ltr'>quidem</span> <span class='ocrx_word' id='word_1_243' title='bbox 1134 2021 1240 2071; x_wconf 88' lang='lat' dir='ltr'>quod</span> <span class='ocrx_word' id='word_1_244' title='bbox 1266 2022 1394 2071; x_wconf 89' lang='lat' dir='ltr'>gracia</span> <span class='ocrx_word' id='word_1_245' title='bbox 1424 2029 1554 2059; x_wconf 88' lang='lat' dir='ltr'>eterna</span> <span class='ocrx_word' id='word_1_246' title='bbox 1575 2021 1807 2059; x_wconf 88' lang='lat' dir='ltr'>coadiuvans</span> <span class='ocrx_word' id='word_1_247' title='bbox 1824 2036 1861 2068; x_wconf 87' lang='lat'>25</span> 
     </span>
     <span class='ocr_line' id='line_1_27' title="bbox 478 2092 1807 2143; baseline -0.002 -13"><span class='ocrx_word' id='word_1_248' title='bbox 478 2094 524 2130; x_wconf 90' lang='lat' dir='ltr'>sit</span> <span class='ocrx_word' id='word_1_249' title='bbox 548 2093 656 2143; x_wconf 86' lang='lat' dir='ltr'>quasi</span> <span class='ocrx_word' id='word_1_250' title='bbox 678 2093 783 2130; x_wconf 89' lang='lat' dir='ltr'>calor</span> <span class='ocrx_word' id='word_1_251' title='bbox 805 2093 894 2130; x_wconf 87' lang='lat' dir='ltr'>solis</span> <span class='ocrx_word' id='word_1_252' title='bbox 915 2093 1086 2130; x_wconf 86' lang='lat' dir='ltr'>excitans</span> <span class='ocrx_word' id='word_1_253' title='bbox 1102 2092 1341 2141; x_wconf 86' lang='lat' dir='ltr'>germinare;</span> <span class='ocrx_word' id='word_1_254' title='bbox 1372 2092 1439 2129; x_wconf 91' lang='lat' dir='ltr'>sed</span> <span class='ocrx_word' id='word_1_255' title='bbox 1455 2098 1622 2129; x_wconf 87' lang='lat' dir='ltr'>creatam</span> <span class='ocrx_word' id='word_1_256' title='bbox 1637 2092 1807 2140; x_wconf 88' lang='lat' dir='ltr'>graciam</span> 
     </span>
     <span class='ocr_line' id='line_1_28' title="bbox 477 2162 1806 2213; baseline -0.001 -12"><span class='ocrx_word' id='word_1_257' title='bbox 477 2163 645 2201; x_wconf 90' lang='lat' dir='ltr'>infusam</span> <span class='ocrx_word' id='word_1_258' title='bbox 680 2164 790 2213; x_wconf 89' lang='lat' dir='ltr'>ponit</span> <span class='ocrx_word' id='word_1_259' title='bbox 830 2164 868 2200; x_wconf 91' lang='lat' dir='ltr'>in</span> <span class='ocrx_word' id='word_1_260' title='bbox 906 2163 1153 2201; x_wconf 87' lang='lat' dir='ltr'>similitudine</span> <span class='ocrx_word' id='word_1_261' title='bbox 1191 2162 1345 2200; x_wconf 89' lang='lat' dir='ltr'>humori</span> <span class='ocrx_word' id='word_1_262' title='bbox 1384 2168 1508 2200; x_wconf 89' lang='lat' dir='ltr'>terreo</span> <span class='ocrx_word' id='word_1_263' title='bbox 1547 2162 1806 2212; x_wconf 84' lang='lat' dir='ltr'>respondere:</span> 
     </span>
     <span class='ocr_line' id='line_1_29' title="bbox 477 2233 1806 2284; baseline -0.001 -13"><span class='ocrx_word' id='word_1_264' title='bbox 477 2235 552 2271; x_wconf 89' lang='lat' dir='ltr'>vim</span> <span class='ocrx_word' id='word_1_265' title='bbox 576 2240 704 2272; x_wconf 91' lang='lat' dir='ltr'>autem</span> <span class='ocrx_word' id='word_1_266' title='bbox 732 2234 1021 2284; x_wconf 85' lang='lat' dir='ltr'>germinativam</span> <span class='ocrx_word' id='word_1_267' title='bbox 1053 2233 1298 2270; x_wconf 88' lang='lat' dir='ltr'>intrinsecam</span> <span class='ocrx_word' id='word_1_268' title='bbox 1327 2233 1402 2270; x_wconf 89' lang='lat' dir='ltr'>vult</span> <span class='ocrx_word' id='word_1_269' title='bbox 1434 2233 1733 2282; x_wconf 87' lang='lat' dir='ltr'>correspondere</span> <span class='ocrx_word' id='word_1_270' title='bbox 1764 2233 1806 2270; x_wconf 90' lang='lat' dir='ltr'>li-</span> 
     </span>
     <span class='ocr_line' id='line_1_30' title="bbox 476 2303 1807 2354; baseline -0.002 -12"><span class='ocrx_word' id='word_1_271' title='bbox 476 2306 571 2342; x_wconf 86' lang='lat' dir='ltr'>bero</span> <span class='ocrx_word' id='word_1_272' title='bbox 592 2305 745 2342; x_wconf 88' lang='lat' dir='ltr'>arbitrio</span> <span class='ocrx_word' id='word_1_273' title='bbox 766 2305 1029 2354; x_wconf 88' lang='lat' dir='ltr'>promerentis.</span> <span class='ocrx_word' id='word_1_274' title='bbox 1087 2303 1201 2341; x_wconf 90' lang='lat' dir='ltr'>Unde</span> <span class='ocrx_word' id='word_1_275' title='bbox 1221 2303 1316 2341; x_wconf 87' lang='lat' dir='ltr'>sicut</span> <span class='ocrx_word' id='word_1_276' title='bbox 1336 2303 1484 2340; x_wconf 90' lang='lat' dir='ltr'>nullum</span> <span class='ocrx_word' id='word_1_277' title='bbox 1501 2303 1707 2341; x_wconf 88' lang='lat' dir='ltr'>sublunare</span> <span class='ocrx_word' id='word_1_278' title='bbox 1727 2316 1807 2342; x_wconf 92' lang='lat' dir='ltr'>non</span> 
     </span>
     <span class='ocr_line' id='line_1_31' title="bbox 476 2373 1862 2424; baseline -0.001 -12"><span class='ocrx_word' id='word_1_279' title='bbox 476 2376 638 2412; x_wconf 87' lang='lat' dir='ltr'>liberum</span> <span class='ocrx_word' id='word_1_280' title='bbox 659 2381 784 2424; x_wconf 90' lang='lat' dir='ltr'>potest</span> <span class='ocrx_word' id='word_1_281' title='bbox 814 2388 860 2412; x_wconf 91' lang='lat' dir='ltr'>ex</span> <span class='ocrx_word' id='word_1_282' title='bbox 891 2386 931 2411; x_wconf 90' lang='lat' dir='ltr'>se</span> <span class='ocrx_word' id='word_1_283' title='bbox 959 2386 1125 2420; x_wconf 88' lang='lat' dir='ltr'>movere,</span> <span class='ocrx_word' id='word_1_284' title='bbox 1148 2374 1215 2411; x_wconf 91' lang='lat' dir='ltr'>sed</span> <span class='ocrx_word' id='word_1_285' title='bbox 1235 2380 1385 2422; x_wconf 87' lang='lat' dir='ltr'>oportet</span> <span class='ocrx_word' id='word_1_286' title='bbox 1406 2373 1512 2423; x_wconf 86' lang='lat' dir='ltr'>quod</span> <span class='ocrx_word' id='word_1_287' title='bbox 1531 2386 1578 2411; x_wconf 91' lang='lat' dir='ltr'>ex</span> <span class='ocrx_word' id='word_1_288' title='bbox 1600 2374 1675 2411; x_wconf 90' lang='lat' dir='ltr'>celi</span> <span class='ocrx_word' id='word_1_289' title='bbox 1696 2373 1805 2410; x_wconf 88' lang='lat' dir='ltr'>influ-</span> <span class='ocrx_word' id='word_1_290' title='bbox 1820 2389 1862 2421; x_wconf 82' lang='lat'>30</span> 
     </span>
     <span class='ocr_line' id='line_1_32' title="bbox 476 2444 1807 2494; baseline -0.002 -11"><span class='ocrx_word' id='word_1_291' title='bbox 476 2446 585 2483; x_wconf 88' lang='lat' dir='ltr'>encia</span> <span class='ocrx_word' id='word_1_292' title='bbox 606 2446 802 2491; x_wconf 86' lang='lat' dir='ltr'>excitetur,</span> <span class='ocrx_word' id='word_1_293' title='bbox 824 2445 862 2482; x_wconf 90' lang='lat' dir='ltr'>in</span> <span class='ocrx_word' id='word_1_294' title='bbox 884 2451 1031 2482; x_wconf 86' lang='lat' dir='ltr'>tantum</span> <span class='ocrx_word' id='word_1_295' title='bbox 1054 2445 1169 2494; x_wconf 88' lang='lat' dir='ltr'>quod,</span> <span class='ocrx_word' id='word_1_296' title='bbox 1193 2444 1406 2483; x_wconf 86' lang='lat' dir='ltr'>secundum</span> <span class='ocrx_word' id='word_1_297' title='bbox 1427 2445 1663 2483; x_wconf 85' lang='lat' dir='ltr'>sentenciam</span> <span class='ocrx_word' id='word_1_298' title='bbox 1685 2444 1807 2483; x_wconf 88' lang='lat' dir='ltr'>sancti</span> 
     </span>
    </p>
   </div>
   <div class='ocr_carea' id='block_1_5' title="bbox 478 2585 1807 2652">
    <p class='ocr_par' dir='ltr' id='par_1_6' title="bbox 478 2585 1807 2652">
     <span class='ocr_line' id='line_1_33' title="bbox 514 2585 1807 2619; baseline -0.002 -6"><span class='ocrx_word' id='word_1_299' title='bbox 514 2598 534 2612; x_wconf 89' lang='lat'>1.</span> <span class='ocrx_word' id='word_1_300' title='bbox 555 2588 752 2619; x_wconf 72' lang='lat' dir='ltr'>occupacz&#39;ones</span> <span class='ocrx_word' id='word_1_301' title='bbox 766 2587 790 2612; x_wconf 93' lang='lat' dir='ltr'><strong>A</strong></span> <span class='ocrx_word' id='word_1_302' title='bbox 802 2587 840 2613; x_wconf 86' lang='lat' dir='ltr'>C:</span> <span class='ocrx_word' id='word_1_303' title='bbox 860 2589 1028 2618; x_wconf 72' lang='lat' dir='ltr'>occupantes</span> <span class='ocrx_word' id='word_1_304' title='bbox 1043 2587 1073 2612; x_wconf 81' lang='grc' dir='ltr'>Β.</span> <span class='ocrx_word' id='word_1_305' title='bbox 1192 2595 1229 2611; x_wconf 91' lang='lat'>11.</span> <span class='ocrx_word' id='word_1_306' title='bbox 1253 2586 1361 2611; x_wconf 80' lang='lat' dir='ltr'>mereri</span> <span class='ocrx_word' id='word_1_307' title='bbox 1376 2586 1398 2610; x_wconf 89' lang='lat' dir='ltr'>B</span> <span class='ocrx_word' id='word_1_308' title='bbox 1408 2585 1447 2611; x_wconf 90' lang='lat' dir='ltr'>C:</span> <span class='ocrx_word' id='word_1_309' title='bbox 1469 2586 1561 2611; x_wconf 79' lang='lat' dir='ltr'>merei</span> <span class='ocrx_word' id='word_1_310' title='bbox 1570 2585 1604 2610; x_wconf 90' lang='lat' dir='ltr'>A.</span> <span class='ocrx_word' id='word_1_311' title='bbox 1720 2594 1758 2610; x_wconf 90' lang='lat'>21.</span> <span class='ocrx_word' id='word_1_312' title='bbox 1780 2587 1807 2610; x_wconf 83' lang='lat' dir='ltr'>et</span> 
     </span>
     <span class='ocr_line' id='line_1_34' title="bbox 478 2621 1049 2652; baseline -0.004 -5"><span class='ocrx_word' id='word_1_313' title='bbox 478 2630 532 2647; x_wconf 87' lang='lat' dir='ltr'>om.</span> <span class='ocrx_word' id='word_1_314' title='bbox 548 2621 609 2646; x_wconf 86' lang='lat' dir='ltr'>BC.</span> <span class='ocrx_word' id='word_1_315' title='bbox 748 2630 788 2652; x_wconf 84' lang='lat'>24.</span> <span class='ocrx_word' id='word_1_316' title='bbox 810 2622 882 2652; x_wconf 70' lang='grc' dir='ltr'>ὶΙρνο</span> <span class='ocrx_word' id='word_1_317' title='bbox 899 2621 919 2644; x_wconf 83' lang='lat' dir='ltr'>B</span> <span class='ocrx_word' id='word_1_318' title='bbox 933 2621 950 2645; x_wconf 84' lang='lat' dir='ltr'>s.</span> <span class='ocrx_word' id='word_1_319' title='bbox 968 2630 1015 2652; x_wconf 79' lang='lat'>²49</span> <span class='ocrx_word' id='word_1_320' title='bbox 1025 2629 1049 2645; x_wconf 85' lang='lat' dir='ltr'>C.</span> 
     </span>
    </p>
   </div>
   <div class='ocr_carea' id='block_1_6' title="bbox 481 2746 1803 2840">
    <p class='ocr_par' dir='ltr' id='par_1_7' title="bbox 481 2746 1803 2840">
     <span class='ocr_line' id='line_1_35' title="bbox 526 2746 1803 2785; baseline -0.002 -8"><span class='ocrx_word' id='word_1_321' title='bbox 526 2757 574 2778; x_wconf 86' lang='lat'>12.</span> <span class='ocrx_word' id='word_1_322' title='bbox 601 2748 640 2777; x_wconf 90' lang='lat' dir='ltr'>R.</span> <span class='ocrx_word' id='word_1_323' title='bbox 674 2747 887 2783; x_wconf 80' lang='lat' dir='ltr'>Grosseteste‚</span> <span class='ocrx_word' id='word_1_324' title='bbox 927 2748 1014 2778; x_wconf 89' lang='lat' dir='ltr'>Dict.</span> <span class='ocrx_word' id='word_1_325' title='bbox 1049 2747 1187 2785; x_wconf 88' lang='lat' dir='ltr'>cxxxiv.,</span> <span class='ocrx_word' id='word_1_326' title='bbox 1222 2746 1294 2777; x_wconf 87' lang='lat' dir='ltr'>cod.</span> <span class='ocrx_word' id='word_1_327' title='bbox 1334 2746 1430 2778; x_wconf 89' lang='lat' dir='ltr'>Bodl.</span> <span class='ocrx_word' id='word_1_328' title='bbox 1469 2747 1532 2784; x_wconf 82' lang='lat'>830</span> <span class='ocrx_word' id='word_1_329' title='bbox 1567 2746 1587 2777; x_wconf 88' lang='lat' dir='ltr'>f.</span> <span class='ocrx_word' id='word_1_330' title='bbox 1626 2755 1680 2775; x_wconf 91' lang='lat'>121</span> <span class='ocrx_word' id='word_1_331' title='bbox 1723 2754 1750 2784; x_wconf 85' lang='grc' dir='ltr'>Β,</span> <span class='ocrx_word' id='word_1_332' title='bbox 1784 2753 1803 2776; x_wconf 92' lang='lat' dir='ltr'>C</span> 
     </span>
     <span class='ocr_line' id='line_1_36' title="bbox 481 2801 740 2840; baseline 0.008 -10"><span class='ocrx_word' id='word_1_333' title='bbox 481 2802 625 2840; x_wconf 81' lang='lat' dir='ltr'>(Brown,</span> <span class='ocrx_word' id='word_1_334' title='bbox 651 2801 670 2830; x_wconf 92' lang='grc'>1.</span> <span class='ocrx_word' id='word_1_335' title='bbox 686 2806 740 2840; x_wconf 89' lang='lat' dir='ltr'>e.).</span> 
     </span>
    </p>
   </div>
  </div>
 </body>
</html>
