2095 3278
220 177 305 217 400

385 1908 486 1941 XIII.

220 1960 377 1992 Argument
391 1965 420 1987 to
433 1960 480 1987 the

219 1999 359 2028 contrary.

879 174 1084 206 RICARDI
1117 175 1418 207 ARMACHANI
1854 164 1956 223 [ΗΒ.
1978 179 2044 208 ΠΙ.

499 288 686 324 eleccione
715 288 894 334 particule
921 289 967 324 de
998 289 1176 324 Paradiso
1203 289 1273 324 sibi
1303 290 1505 325 accomode
1532 290 1632 335 prior
1656 297 1765 334 esset,
1792 296 1827 325 et
1841 297 1939 339 [3013

498 347 611 381 libere
629 352 754 391 posset
772 357 837 391 pre
851 346 931 381 aliis
947 348 1104 381 electam
1122 346 1339 392 particulam
1356 348 1503 392 proprie
1518 360 1582 383 seu
1596 347 1828 392 singulariter

498 404 700 449 possidere,
718 403 789 438 nisi
818 403 871 448 (ut
897 412 982 439 ante
1007 403 1172 449 premisi)
1200 405 1260 439 illa
1285 405 1410 450 porcio
1437 405 1506 440 sibi
1533 412 1568 440 et
1596 406 1678 441 aliis
1703 411 1828 450 posset

499 461 677 496 sufficere.
728 463 772 496 In
799 473 871 507 quo
897 474 985 497 casu
1016 462 1171 507 quisque
1199 469 1282 507 post
1310 469 1419 497 natus
1446 463 1828 498 communicacionem

501 519 594 554 illius
613 519 799 564 porcionis
817 520 997 565 potuisset
1015 520 1179 565 legitime
1197 521 1405 564 vendicare,
1424 528 1458 555 et
1477 520 1597 565 ipsam
1614 521 1828 566 porcionem
1842 525 1860 557 5

499 588 584 611 cum
601 577 723 621 priore
741 578 984 612 communiter
1000 577 1191 622 possidere
1207 590 1214 612 :
1242 577 1293 612 ita
1312 578 1412 623 quod
1430 578 1528 623 prior
1544 579 1686 623 origine
1704 584 1830 623 posset

499 635 719 679 particulam
738 634 806 670 sibi
826 642 861 670 et
880 635 966 678 suis,
985 636 1016 670 si
1035 647 1127 680 quos
1146 636 1309 680 haberet,
1328 636 1578 671 necessariam
1596 636 1743 681 proprie
1761 648 1827 671 seu

497 692 730 737 singulariter
762 704 942 737 occupare
959 706 968 735 ;
1004 704 1079 727 non
1114 700 1237 728 autem
1267 694 1486 738 particulam
1518 705 1776 739 quamcunque
1807 706 1830 729 a

496 751 684 795 voluptate
702 750 899 785 decretam.
941 752 976 785 N
981 762 1023 785 ec
1040 762 1106 795 per
1120 751 1406 796 occupacionem
1424 751 1633 787 necessarie
1651 751 1829 797 particule

500 808 663 853 (semper
688 808 863 852 intelligo,
890 808 1096 843 secundum
1121 809 1279 844 racionis
1307 815 1406 844 recte
1435 809 1627 853 iudicium)
1657 809 1731 844 filio
1761 821 1827 844 suo
1844 823 1883 846 10

499 878 565 902 seu
589 866 715 911 nepoti
743 866 795 911 (ut
820 865 980 910 videtur)
1008 866 1206 910 irrogasset
1232 867 1403 901 iniuriam
1431 867 1485 911 (ut
1509 866 1710 912 affirmas);
1743 879 1829 902 cum

497 931 593 959 terre
618 924 807 959 residuum
833 923 883 958 illi
909 930 945 959 et
963 914 1244 970 quibuscunque
1270 931 1401 970 postea
1425 925 1620 960 nascituris
1647 926 1828 961 sufficeret

497 980 718 1024 necessaria,
738 980 852 1015 immo
879 981 1184 1026 supereffluencia
1208 981 1380 1017 omnibus
1406 982 1672 1027 producend03
1698 994 1828 1027 quam-

498 1038 566 1081 vis,
600 1038 798 1073 commisso
832 1045 986 1083 peccato
1027 1039 1137 1084 primi
1170 1039 1345 1084 parentis,
1381 1039 1439 1074 ille
1474 1040 1593 1074 iunior
1625 1041 1674 1074 ad
1707 1041 1828 1075 vultus

501 1097 674 1131 sudorem
701 1096 860 1141 amplius
887 1103 1077 1140 urgeretur
1102 1108 1214 1142 quam
1243 1096 1272 1131 si
1299 1097 1398 1142 prior
1423 1097 1562 1141 origine
1588 1096 1690 1132 illam
1718 1098 1829 1142 parti-
1845 1112 1882 1144 15

500 1155 622 1189 culam
656 1165 732 1188 non
765 1160 927 1197 teneret3
970 1154 1147 1199 quoniam
1183 1153 1237 1198 (ut
1270 1153 1428 1199 videtur)
1464 1166 1539 1189 non
1581 1161 1637 1190 est
1669 1155 1830 1191 dicenda

501 1212 634 1247 iniuria
664 1212 734 1246 ista
760 1211 973 1257 posterioris
998 1224 1064 1257 per
1092 1212 1223 1257 prioris
1251 1213 1540 1258 occupacionem
1568 1213 1718 1256 artacio,
1745 1224 1829 1248 cum

500 1271 563 1305 fiat
592 1269 831 1305 conformiter
860 1269 1011 1313 racioni,
1042 1270 1191 1314 scilicet,
1220 1271 1319 1315 quod
1348 1271 1448 1315 prior
1477 1270 1616 1314 origine
1647 1271 1758 1306 debet
1792 1270 1829 1305 in

498 1326 734 1372 possessione
753 1327 904 1372 preferri
921 1340 927 1362 :
956 1334 1107 1373 propter
1125 1339 1237 1373 quam
1254 1328 1374 1372 legem
1392 1339 1467 1362 non
1485 1334 1636 1373 propter
1648 1328 1829 1373 originale

498 1385 706 1420 dominium
724 1385 794 1420 ista
812 1386 960 1431 propria
977 1385 1164 1430 possessio
1177 1385 1355 1420 naturalis
1369 1392 1425 1420 est
1443 1385 1670 1429 secundaria,
1686 1397 1828 1431 nequa·
1843 1401 1884 1423 20

498 1454 610 1488 quam
640 1443 826 1488 primaria.
876 1443 917 1479 Si
942 1455 1031 1478 vero
1061 1455 1190 1478 omnes
1217 1444 1254 1477 in
1283 1443 1299 1462 *
1329 1442 1546 1478 innocencia
1572 1443 1870 1488 perstitissent‚c

499 1512 569 1536 nec
596 1501 702 1536 labor
730 1501 890 1545 fatigans
921 1512 990 1536 nec
1017 1501 1162 1536 sudoris
1191 1501 1404 1546 quodquam
1432 1500 1629 1536 discrimen
1659 1507 1828 1544 artasset‚

501 1565 556 1594 set
581 1559 778 1603 gradatim,
798 1559 888 1603 ipsis
914 1559 1011 1593 natis
1037 1559 1085 1593 de
1111 1559 1290 1594 matribus
1315 1566 1427 1604 atque
1453 1559 1716 1602 crescentibuS,
1733 1565 1830 1594 terre

500 1616 678 1661 paulatim
704 1617 903 1662 particulas
930 1617 1000 1651 sibi
1030 1618 1256 1651 accomodas
1283 1616 1483 1661 elegissent
1510 1617 1559 1651 ad
1588 1617 1827 1661 Paradisum;

499 1686 583 1709 cum
601 1674 701 1709 racio
718 1675 897 1710 naturalis
915 1681 1128 1720 exposceret
1154 1681 1194 1709 ut
1218 1674 1373 1709 forsitan
1392 1675 1438 1709 de
1456 1674 1556 1719 ligno
1575 1674 1647 1710 vite
1664 1675 1828 1719 ederent,
1844 1688 1882 1720 25

498 1732 675 1768 reddituri
702 1733 750 1767 ad
776 1744 926 1767 suorum
950 1732 1067 1767 eciam
1093 1738 1289 1777 parentum
1315 1731 1504 1767 solacium.
1557 1731 1595 1767 Si
1621 1731 1733 1777 igitur
1758 1733 1830 1768 ista

498 1790 743 1826 communiter
760 1790 832 1825 hoc
849 1789 960 1825 modo
978 1790 1087 1825 velim
1106 1797 1280 1834 astruere,
1300 1789 1389 1835 quid
1407 1789 1603 1825 censebis?
1841 1790 1963 1823 velim:
1985 1791 2049 1822 tibi

1843 1842 1875 1866 B.

549 1906 782 1940 IOHANNES.
825 1904 1025 1949 Perpulcra
1063 1915 1146 1940 esse
1180 1915 1224 1939 ac
1258 1903 1453 1939 veritatem
1492 1903 1676 1939 habencia
1714 1904 1827 1939 michi

500 1963 680 1998 videntur.

547 2022 775 2056 RICARDUS.
804 2019 866 2056 Sic
883 2019 1008 2062 michi,
1032 2019 1118 2054 licet
1144 2018 1181 2054 in
1209 2019 1371 2064 quodam
1390 2020 1570 2065 scrupulo,
1594 2020 1708 2054 multo
1733 2025 1826 2055 tem-
1840 2029 1882 2060 30

499 2090 587 2124 pore
606 2078 827 2113 videbantur
843 2089 850 2121 ;
877 2083 931 2112 set
946 2077 1098 2112 tandem
1113 2077 1336 2112 contrarium
1355 2077 1466 2111 michi
1481 2077 1661 2122 apparuit,
1677 2077 1827 2122 scilicet,

500 2137 611 2182 quod,
631 2136 660 2171 si
679 2136 803 2170 Adam
821 2142 857 2171 et
877 2146 1007 2170 omnes
1026 2135 1080 2169 sui
1099 2135 1235 2179 posteri
1255 2135 1511 2170 innocenciam
1530 2141 1826 2180 conservassent,

499 2195 620 2230 nullus
649 2205 777 2229 eorum
804 2193 1078 2238 possessionem
1107 2192 1185 2228 iure
1217 2192 1366 2238 proprio
1397 2192 1583 2238 propriam
1610 2193 1827 2228 habuissent

499 2260 561 2288 aut
580 2253 718 2287 habere
736 2251 834 2287 licite
853 2251 1045 2296 potuisset.

548 2309 639 2343 IOH.
667 2306 935 2342 Probacionem
951 2305 1197 2341 conclusionis
1216 2305 1320 2341 istius
1338 2305 1540 2341 evidenciis
1554 2305 1726 2340 omnibus
1743 2316 1825 2350 pre-
1840 2313 1879 2346 35

500 2365 625 2401 missis
643 2365 823 2400 contrarie
842 2371 1019 2410 tanquam
1036 2363 1148 2398 michi
1168 2365 1324 2398 multum
1343 2363 1549 2399 mirabilem
1566 2370 1809 2408 acceptarem.

545 2424 634 2458 RIC.
661 2424 798 2457 Beatus
819 2423 992 2457 Clemens
1010 2422 1046 2456 in
1064 2421 1219 2466 epistola
1241 2421 1381 2456 directa
1403 2422 1553 2456 domino
1576 2421 1712 2456 Iacobo
1738 2427 1827 2456 tunc

502 2480 801 2515 Ierosolimitano
815 2479 993 2524 episcopo
1010 2479 1060 2523 (et
1079 2479 1226 2524 ponitur
1244 2479 1279 2513 in
1296 2479 1477 2522 Decretis,
1498 2489 1547 2513 12.
1561 2490 1595 2524 q.
1613 2488 1653 2523 1.,
1667 2479 1826 2524 capitulo

497 2537 777 2582 Dilectissimis)
798 2538 849 2572 ita
867 2537 954 2572 dicit
972 2549 979 2572 :
1007 2537 1274 2571 Dilectissimis
1288 2537 1482 2581 fratribus
1506 2540 1542 2571 et
1564 2537 1827 2582 condiscipulis

497 2597 726 2631 Ierosolimis
750 2606 833 2629 cum
852 2595 980 2629 Iacobo
993 2595 1125 2639 fratre
1142 2598 1268 2628 nostro
1292 2594 1546 2628 habitantibus
1560 2607 1574 2628 .·
1610 2595 1826 2628 Communis
1838 2599 1880 2630 40

497 2655 582 2688 vita
607 2657 661 2688 est
688 2653 857 2687 omnibus
886 2653 1102 2695 necessaria,
1121 2652 1281 2698 fratres,
1309 2655 1345 2686 et
1369 2653 1533 2686 maxime
1557 2652 1632 2686 hiis
1656 2653 1725 2697 qui
1746 2653 1826 2687 Deo

498 2711 877 2756 irreprehensibiliter
900 2711 1068 2744 militare
1095 2711 1256 2754 cupiunt
1280 2712 1316 2744 et
1341 2711 1463 2744 vitam
1489 2710 1739 2755 apostolorum
1769 2721 1825 2744 eo-

499 2781 656 2814 rumque
682 2769 955 2814 discipulorum
986 2769 1140 2802 imitari
1165 2768 1309 2803 volunl.
1363 2768 1578 2804 Communis
1604 2769 1702 2803 enim
1735 2779 1826 2803 usus
