2008 3305
195 197 275 251 238
874 207 938 237 DE
972 206 1192 239 DoMrNio
1224 206 1401 239 Drero
1636 194 1739 253 [CAP.
1763 207 1802 235 v.

470 333 620 367 narum,
643 321 781 371 quibus
802 322 878 359 vult
899 334 969 371 pro
990 334 1061 359 suo
1090 329 1265 372 tempore
1289 321 1514 359 benefacere
1535 320 1739 366 creaturis;
1770 327 1806 357 et
1820 322 1921 364 [8212.

470 391 530 428 ille
551 392 761 429 voliciones
782 392 997 429 secundum
1026 392 1343 430 Lincolniensem
1365 397 1452 429 sunt
1479 391 1629 440 gracie:
1661 396 1698 427 et
1717 402 1807 428 cum

471 461 641 511 quelibet
661 461 735 499 Dei
756 463 894 500 volicio
915 463 961 499 sit
982 462 1250 500 infrustrabilis
1265 460 1328 512 (ex
1351 462 1460 499 dictis
1485 458 1687 511 superius),
1705 466 1808 510 patet

472 532 578 581 quod
608 533 777 582 quelibet
808 533 883 569 Dei
913 533 1050 570 volicio
1086 539 1263 582 respectu
1296 532 1475 581 potencie
1507 531 1658 569 volitive
1692 531 1808 568 habet

472 615 592 639 unam
623 609 794 640 creatam
829 604 999 652 graciam
1035 604 1271 641 correlatam.
1339 603 1390 639 Et
1421 602 1533 639 istam
1572 601 1839 640 sentenciam5

473 674 613 722 allegat
642 673 779 711 doctor
809 686 857 711 ex
889 674 953 715 illo
985 673 1066 712 Ioh.
1097 674 1118 711 i.
1150 687 1208 720 14,
1236 683 1294 721 15,
1335 673 1502 710 Vidimus
1526 673 1692 720 gloriam
1721 674 1808 716 eius,

472 745 587 793 quasi
608 745 794 793 unigeniti
818 758 841 781 a
869 744 1001 791 Patre,
1021 746 1169 793 plenum
1192 745 1323 794 gracie
1348 748 1382 780 el
1406 744 1574 780 veritalis
1586 756 1606 787 ,·
1636 743 1677 779 de
1704 743 1810 779 cuius

464 816 695 864 plenitudine
725 828 790 852 nos
821 828 940 852 omnes
970 816 1175 864 accepimus
1200 815 1377 864 graciam
1402 820 1474 862 pro
1502 814 1651 863 gracia.
1709 812 1810 851 Cum

474 898 570 934 ergo
599 885 775 923 Verbum
795 897 887 923 caro
908 885 1050 923 factum
1079 886 1124 923 sit
1150 885 1371 934 unigenitus
1397 884 1508 930 filius,
1529 890 1566 921 et
1586 896 1654 933 per
1675 895 1812 921 conse-

476 968 598 1005 quens
619 955 727 993 Deus
747 968 815 1005 per
836 968 952 1004 quem
972 956 1073 994 facta
1093 962 1181 993 sunt
1202 955 1343 1001 omnia,
1360 960 1464 1004 patet
1484 953 1590 1003 quod
1611 954 1657 991 sit
1676 953 1811 1003 plenus
1828 969 1867 990 10

475 1027 591 1064 tercia
620 1027 749 1076 gracia
772 1026 951 1072 increata,
974 1027 1063 1075 quia
1091 1026 1226 1076 plenus
1256 1027 1362 1063 bona
1391 1024 1579 1063 volicione
1608 1031 1750 1070 eterna,
1770 1030 1812 1061 ut

475 1109 548 1147 pro
585 1109 656 1134 suo
689 1103 865 1146 tempore
897 1097 1112 1134 benefaciat
1145 1097 1341 1134 creaturis.
1398 1094 1448 1132 Et
1477 1107 1566 1133 cum
1601 1095 1705 1132 nulla
1738 1094 1813 1131 Dei

482 1168 612 1206 volicio
641 1167 811 1205 frustrari
840 1168 990 1216 poterit,
1018 1174 1123 1217 patet
1154 1180 1202 1204 ex
1232 1166 1501 1216 complexione
1533 1166 1813 1215 cuiuscumque

477 1239 526 1276 ab
556 1250 603 1276 eo
633 1238 737 1276 voliti
768 1238 885 1288 quod,
917 1239 1013 1275 sicut
1044 1244 1101 1276 est
1129 1238 1254 1287 prima
1285 1235 1303 1256 *

1336 1237 1486 1283 veritas,
1517 1237 1548 1274 si
1577 1243 1646 1283 est,
1676 1236 1813 1286 plenus
1826 1246 1910 1275 83A

477 1309 600 1347 eciam
622 1309 799 1347 veritatis.
856 1309 925 1346 Ille
956 1309 1113 1358 quidem
1137 1308 1273 1346 dicitur
1292 1320 1403 1345 verus
1431 1307 1551 1345 homo
1576 1308 1640 1357 qui
1666 1307 1754 1345 facit
1773 1308 1813 1344 in
1829 1321 1866 1352 15

477 1391 595 1428 opere
615 1380 802 1429 quidquid
823 1379 983 1417 adextra
1002 1379 1170 1429 loquitur
1189 1379 1247 1416 vel
1266 1378 1440 1416 intendit.
1495 1378 1545 1416 Et
1565 1378 1619 1416 sic
1640 1379 1681 1415 de
1691 1379 1813 1427 pleni-

477 1451 602 1487 tudine
620 1450 748 1499 gracie
763 1450 876 1487 tercie
893 1450 1061 1488 increate
1081 1463 1146 1487 nos
1161 1463 1281 1487 omnes
1296 1450 1511 1499 accepimus,
1530 1449 1687 1498 quilibet
1703 1461 1819 1486 suam·

480 1527 649 1558 creatam
681 1521 852 1569 graciam
882 1521 1130 1558 subiectivam
1163 1533 1211 1558 ex
1245 1521 1415 1558 increata
1448 1520 1576 1568 gracia
1606 1520 1813 1566 correlata3

478 1598 531 1636 ut,
554 1591 584 1628 si
605 1591 776 1640 queritur
797 1603 912 1629 causa
933 1603 1009 1640 qua
1030 1603 1133 1628 nunc
1155 1603 1239 1628 sum
1261 1590 1469 1629 formaliter
1489 1591 1543 1628 sic
1564 1597 1693 1640 gratus
1714 1590 1813 1636 Deo,

482 1661 620 1699 dicitur
641 1661 747 1711 quod
777 1668 909 1699 eterna
932 1661 1007 1699 Dei
1030 1662 1167 1699 volicio
1194 1668 1251 1699 est
1278 1662 1317 1698 in
1348 1673 1475 1707 causa,
1497 1673 1574 1710 qua
1600 1661 1814 1699 eternaliter
1829 1676 1869 1699 20

479 1731 597 1769 michi
617 1732 736 1769 voluit
761 1738 913 1769 tantum
939 1733 1100 1769 bonum.
1158 1731 1208 1769 Et
1233 1732 1304 1769 ista
1331 1738 1483 1781 oportet
1503 1744 1723 1781 supponere
1743 1744 1815 1781 pro

479 1802 729 1852 quiditatibus
756 1808 793 1840 et
820 1802 1138 1841 distinccionibus
1167 1803 1384 1852 graciarum
1413 1809 1600 1852 tanquam
1629 1802 1817 1852 principia

479 1873 668 1922 posterius
689 1872 943 1910 inferendum.

199 1964 224 1980 2.
239 1954 343 1993 ‘²2G0d
357 1958 460 1980 cannot
535 1943 595 1980 Ex
635 1944 776 1993 quibus
815 1943 1026 1981 formaliter
1065 1944 1235 1993 sequitur
1265 1943 1371 1992 quod
1402 1943 1511 1981 Deus
1549 1943 1597 1980 de
1636 1943 1816 1992 potencia

199 1988 456 2054 {Ziglititghglgiira’
480 2015 656 2053 absoluta
690 2026 771 2052 non
804 2021 935 2064 posset
965 2021 1167 2064 acceptare
1199 2021 1412 2052 creaturam
1447 2014 1497 2051 ad
1535 2014 1711 2064 gloriam,
1743 2014 1815 2051 nisi
1831 2028 1869 2061 25

480 2085 550 2122 sibi
570 2086 659 2122 insit
679 2092 810 2123 eterna
829 2085 960 2134 gracia
981 2085 1256 2134 contingenter,
1277 2091 1315 2122 et
1334 2085 1556 2122 infundatur
1577 2085 1616 2121 in
1642 2090 1818 2122 creatura

480 2157 593 2194 beata
613 2163 739 2194 creata
759 2156 890 2205 gracia
920 2156 1134 2193 secundum
1162 2168 1281 2205 quam
1310 2155 1519 2193 formaliter
1546 2155 1593 2192 sit
1620 2155 1673 2192 sic
1700 2161 1817 2204 grata.

200 2241 301 2269 except
481 2226 612 2264 Prima
641 2239 731 2276 pars
760 2232 866 2276 patet
897 2238 945 2264 ex
975 2226 1050 2264 hoc
1071 2226 1189 2275 quod,
1210 2226 1241 2263 si
1262 2225 1369 2263 Deus
1390 2232 1565 2275 acceptat
1585 2225 1642 2263 vel
1663 2225 1815 2263 ordinat

202 2271 218 2296 i.
239 2271 273 2295 he
288 2270 358 2295 have
372 2268 418 2294 the

201 2303 307 2363 ἓξὲηε]
321 2311 403 2336 grace
417 2302 449 2329 of
481 2298 644 2348 quodvis
665 2299 825 2344 bonurn,
854 2304 948 2336 tunc
971 2298 1189 2336 eternaliter
1208 2298 1287 2336 vult
1311 2299 1365 2336 sic
1390 2311 1499 2345 esse3
1526 2304 1563 2336 et
1587 2310 1655 2348 per
1681 2309 1817 2335 conse-

482 2380 615 2418 quens,
651 2369 756 2405 iuxta
790 2368 893 2406 dicta
925 2368 973 2406 de
1008 2369 1148 2418 gracia,
1181 2369 1211 2405 si
1246 2369 1398 2406 ordinat
1429 2375 1645 2406 creaturam
1680 2380 1816 2418 quam·
1831 2381 1873 2412 30

481 2451 634 2489 cunque
656 2439 705 2477 ad
726 2439 901 2488 gloriam,
932 2446 1083 2488 oportet
1110 2439 1215 2476 illam
1235 2452 1282 2477 ex
1303 2446 1434 2477 eterna
1453 2439 1582 2488 gracia
1603 2439 1816 2489 provenire.

515 2577 538 2601 6.
562 2576 612 2600 illo
626 2576 650 2600 A
661 2575 684 2601 C
696 2582 702 2600 t
725 2576 749 2600 1⁰
765 2576 796 2600 B.
938 2585 975 2607 17.
997 2584 1084 2600 suam
1098 2575 1135 2600 Α2
1151 2575 1172 2600 Β
1183 2574 1222 2600 C:
1243 2575 1396 2600 scienciam
1410 2574 1454 2600 ΑΙ.
1574 2576 1611 2600 18.
1632 2574 1819 2600 subiectivam

480 2609 731 2668 ‘tznligzngrcbiecti
741 2610 823 2635 Nam
836 2608 882 2634 Al.
1064 2618 1103 2634 20.
1124 2618 1184 2640 qua
1199 2608 1221 2633 B
1232 2608 1265 2639 C,
1280 2609 1351 2641 quia
1365 2608 1398 2633 A.
1570 2617 1609 2641 29.
1628 2607 1731 2634 bonum
1747 2608 1768 2633 B
1779 2608 1818 2634 C:

618 2752 645 2773 2.
671 2743 724 2774 Cf.
744 2743 783 2774 R.
803 2743 1017 2779 Grosseteste‚
1037 2742 1092 2773 ubi
1110 2753 1219 2783 supra,
1237 2742 1257 2773 f.
1278 2751 1335 2772 121
1357 2750 1380 2772 D
1401 2741 1546 2782 (Brown,
1564 2741 1654 2781 l.c.).

616 2803 644 2832 3.
671 2794 786 2835 Supra,
804 2794 860 2825 lib.
879 2794 900 2826 i.
922 2793 958 2823 16
976 2804 1007 2834 p.
1026 2802 1099 2833 144.
