2008 3305
140 179 230 229 :184
826 189 889 222 DE
923 189 1139 222 DOMINro
1172 189 1347 222 D1v1No
1568 177 1675 236 [CAP.
1699 192 1747 219 11.

426 303 484 340 vel
513 303 836 342 inevitabilitatem
866 303 1103 342 inducencia.
1163 304 1238 341 Sed
1271 304 1399 353 quoad
1434 316 1548 353 posse
1582 304 1640 341 vel
1673 315 1753 340 non
1767 308 1866 350 [62])

425 385 541 422 posse
561 381 618 411 est
647 374 788 423 paritas
818 375 1034 424 utrobique,
1057 386 1146 412 cum
1166 375 1289 424 primo
1309 382 1345 412 et
1365 385 1432 423 per
1461 387 1500 412 se
1522 374 1713 424 dependet
1733 387 1755 412 a

424 444 553 482 divina
570 445 757 493 potencia.
814 444 864 481 Et
884 444 973 482 hinc
995 445 1085 482 dicit
1101 444 1351 493 Augustinus,
1365 445 1463 482 xxvi.
1484 451 1615 483 contra
1635 444 1754 482 Faus-

424 521 518 560 tum,
541 514 710 563 capitulo
739 514 795 552 ii.:
832 510 936 559 Tam,
958 515 1089 563 inquit,
1117 525 1188 552 non
1209 520 1370 564 possunt
1380 516 1530 566 futura
1559 528 1630 552 non
1649 516 1754 564 fieri,

424 597 533 633 quam
555 585 1083 635 nonsuzlrsefhctaprelerz'ta;
1104 587 1276 634 quoniam
1291 583 1309 604 *
1325 599 1396 623 non
1416 594 1467 623 est
1480 587 1517 622 z'n
1534 585 1614 623 Dez'
1628 587 1754 623 volun·
1768 592 1852 621 63A

424 659 495 691 tale
519 659 562 691 ut
587 667 622 691 eo
651 655 701 691 sit
727 656 880 703 aliquod
879 656 1035 705 falsum
1056 669 1125 704 quo
1144 669 1271 693 verum
1301 661 1361 693 est.
1417 656 1477 693 Ex
1508 657 1589 693 istis
1609 656 1756 694 videtur

424 725 531 774 quod
550 737 619 763 ens
640 725 686 762 sit
706 727 1067 764 communissimum
1087 726 1277 775 possibile,
1293 738 1374 764 non
1393 727 1517 763 solum
1538 728 1629 776 quia
1647 726 1756 764 Deus

426 807 506 833 non
540 802 666 845 potest
696 796 946 834 universalius
980 797 1190 845 intelligere
1224 796 1281 834 vel
1319 796 1460 835 habere
1499 797 1625 846 plures
1663 797 1755 834 alias

424 866 567 916 ydeas3
596 879 698 915 ymo,
723 867 823 917 quia,
847 867 877 904 si
898 879 967 904 ens
988 875 1044 904 est
1064 866 1325 913 universalius,
1348 875 1439 905 tunc
1461 869 1587 917 ipsum
1607 874 1644 905 et
1664 867 1755 904 illud

424 948 494 974 ens
515 944 603 974 sunt
632 937 769 974 simul:
801 944 836 974 et
856 945 960 986 patet
991 944 1193 987 utrumque
1214 951 1262 975 ex
1293 938 1367 975 hoc
1388 938 1493 987 quod
1521 938 1752 975 intellectum
1770 954 1809 976 10

424 1019 496 1045 nec
526 1014 653 1056 potest
682 1007 818 1045 excedi
848 1009 896 1045 ab
925 1008 1053 1058 aliquo
1083 1008 1122 1045 in
1152 1008 1444 1053 communitate,
1465 1021 1538 1046 nec
1568 1008 1755 1046 excedere

424 1078 638 1115 secundum
658 1078 816 1127 aliquod
847 1080 1088 1128 suppositum
1111 1091 1133 1116 a
1153 1089 1220 1116 sua
1241 1079 1540 1124 communitate;
1571 1091 1663 1128 ergo
1684 1091 1756 1116 nec

424 1160 492 1186 ens
513 1161 644 1186 secum
665 1149 923 1194 convertibile,
945 1161 1033 1187 cum
1055 1149 1100 1186 sit
1121 1162 1237 1187 omne
1258 1149 1506 1199 intelligibile.

145 1232 176 1257 c.
199 1230 370 1257 God'slord-
479 1219 621 1266 Quoad
650 1202 807 1257 terciafn
837 1220 1164 1268 supposicionem,
1195 1220 1348 1265 scilicet,
1380 1220 1485 1268 quod
1514 1219 1623 1257 Deus
1652 1220 1756 1268 prius

146 1264 208 1296 ship
222 1273 288 1290 over
301 1265 349 1290 the

145 1297 412 1364 ffliavssrigrlcisshi'ssior
424 1290 644 1328 dominatur
672 1290 874 1328 universali
895 1302 1011 1340 quam
1041 1290 1150 1327 alicui
1181 1290 1363 1339 singulari
1393 1290 1580 1338 signabili,
1611 1291 1756 1327 videtur
1772 1302 1810 1334 15

144 1364 272 1426 ξίνεῑτιὲἒε
284 1374 345 1398 par-
424 1361 564 1399 exinde
603 1373 739 1410 capere
776 1361 973 1398 veritatem
1014 1361 1120 1410 quod
1160 1360 1267 1398 Deus
1306 1361 1529 1398 dominatur.
1574 1361 1756 1398 creaturis

425 1432 638 1470 secundum
655 1432 830 1469 ordinem
845 1443 923 1480 quo
939 1431 1020 1480 ipse
1041 1431 1256 1468 adinvicem
1277 1431 1420 1468 habent
1437 1444 1520 1468 esse
1529 1444 1538 1477 ;
1560 1443 1649 1468 cum
1663 1444 1756 1480 ergo

425 1515 542 1541 omne
572 1502 782 1540 universale
812 1502 858 1540 sit
890 1503 994 1551 prius
1028 1501 1249 1539 naturaliter
1283 1513 1354 1539 suo
1387 1502 1577 1550 singulari,
1609 1502 1757 1539 videtur

426 1574 532 1623 quod
545 1572 890 1621 correspondenter
904 1573 949 1609 de
964 1572 1038 1609 Dei
1058 1572 1230 1610 dominio
1245 1572 1356 1609 debet
1378 1573 1463 1610 dici.
1495 1572 1756 1610 Confirmatur

424 1657 472 1681 ex
494 1643 569 1681 hoc
590 1643 696 1692 quod
717 1643 917 1680 cuiuslibet
937 1642 1137 1691 Singularis
1163 1649 1335 1680 creature
1357 1642 1572 1679 dominium
1596 1655 1753 1692 presup-
1770 1657 1810 1678 20

426 1715 537 1764 ponit
569 1713 783 1751 dominium
812 1713 870 1749 sui
899 1713 1133 1759 universalis,
1164 1719 1351 1761 tanquam
1380 1725 1537 1750 causam
1567 1713 1648 1750 sine
1678 1725 1756 1762 qua

427 1785 574 1822 nullum
601 1784 658 1821 sui
688 1783 889 1832 singularis
914 1783 1127 1821 dominium
1155 1789 1282 1832 potest
1309 1795 1402 1828 esse,
1426 1783 1493 1820 sed
1520 1789 1676 1820 econtra
1698 1786 1756 1832 (ut

426 1869 472 1893 ex
494 1853 618 1905 dictis)
639 1855 736 1891 bene
758 1859 883 1903 potest
903 1855 1152 1902 contingere;
1183 1865 1277 1902 ergo
1298 1853 1514 1890 dominium
1535 1854 1755 1891 universalis

425 1933 483 1965 est
504 1926 723 1963 naturaliter
743 1925 849 1973 prius
868 1931 905 1961 et
926 1925 1165 1973 prestancius
1186 1924 1358 1962 dominio
1381 1923 1594 1972 singularis.

480 1997 540 2034 Ex
570 1997 650 2034 istis
669 1996 852 2034 formetur
882 1996 964 2032 talis
993 1995 1096 2032 racio
1120 2007 1191 2044 pro
1221 1994 1468 2032 conclusione
1499 1995 1756 2044 principaliter
1772 2008 1809 2041 25

425 2069 623 2117 proposita
643 2066 896 2105 declaranda:
927 2066 1009 2103 Ens
1023 2072 1196 2103 creatum
1216 2066 1254 2102 in
1276 2077 1344 2102 sua
1365 2066 1644 2103 communitate
1665 2078 1756 2103 ana-

427 2139 517 2188 loga
551 2145 608 2175 est
640 2138 764 2187 prima
803 2144 977 2174 creatura
1009 2136 1200 2186 possibilis
1240 2136 1434 2185 dignitate,
1470 2137 1754 2181 numerositate,

426 2210 663 2255 extensione,
695 2214 881 2257 tempore,
918 2208 976 2244 vel
1008 2214 1145 2244 natura
1156 2219 1166 2253 3
1211 2207 1278 2244 sed
1306 2219 1400 2256 pure
1429 2207 1468 2243 in
1499 2207 1668 2244 subiecto
1697 2207 1755 2244 vel

427 2281 507 2317 iure
528 2280 643 2317 divini
665 2279 824 2317 dominii
841 2277 858 2297 '¹‘
875 2290 955 2315 non
977 2284 1104 2327 potest
1123 2278 1298 2326 prioritas
1319 2278 1454 2314 variari
1471 2290 1479 2323 ;
1511 2289 1605 2326 ergo
1625 2290 1697 2315 nec
1717 2277 1754 2313 in
1768 2287 1799 2314 B

428 2351 556 2389 divino
579 2350 754 2387 dominio
775 2348 881 2398 quod
909 2349 1129 2397 proximum
1150 2360 1218 2384 ens
1248 2353 1428 2384 creatum.
1487 2347 1594 2384 Patet
1620 2359 1751 2385 conse·
1769 2355 1810 2385 30

426 2421 593 2470 quencia
613 2433 660 2457 ex
681 2420 754 2457 hoc
777 2420 881 2468 quod
895 2419 1058 2456 variacio
1079 2419 1238 2456 dominii
1254 2418 1312 2455 vel
1334 2419 1572 2467 contingeret
1593 2431 1686 2467 pure
1708 2431 1755 2454 ex

428 2498 534 2540 parte
563 2491 720 2536 domini,
741 2490 797 2527 vel
821 2502 867 2527 ex
898 2497 1004 2538 parte
1025 2489 1236 2534 dominati;
1267 2488 1325 2525 vel
1352 2488 1468 2526 tercio
1498 2489 1651 2526 racione
1681 2488 1756 2525 dis-

464 2623 503 2638 11.
522 2612 624 2639 excedi
636 2613 658 2638 B
670 2612 693 2638 C
704 2619 711 2638 t
730 2612 844 2638 concedi
855 2613 888 2638 A.
1005 2610 1139 2636 excedere
1152 2610 1176 2635 A
1186 2610 1208 2636 C
1221 2617 1226 2635 :
1247 2610 1378 2636 excidere
1392 2610 1423 2636 B.
1537 2620 1577 2636 22.
1598 2611 1648 2636 sm·
1657 2612 1756 2643 singu-

428 2647 503 2672 laris
518 2647 555 2672 E:
578 2644 727 2679 singulare
744 2647 768 2671 A
778 2646 810 2671 C.
922 2653 961 2676 25.
978 2642 1190 2683 principaliter
1203 2644 1224 2669 Β
1236 2651 1241 2668 2
1259 2644 1334 2675 p’nffl
1348 2644 1372 2669 A
1382 2643 1412 2670 C.
1525 2654 1565 2676 27.
1587 2646 1595 2674 Ι]
1605 2647 1647 2670 est
1654 2646 1756 2677 prima

430 2681 452 2706 B
467 2681 484 2706 f.
501 2690 549 2713 240
560 2688 586 2705 D.
693 2689 733 2712 31.
753 2680 929 2712 contingeret
943 2679 982 2705 B:
1002 2680 1195 2710 contzngentcs
1207 2678 1232 2703 A
1242 2677 1272 2703 C.

648 2790 677 2820 3.
702 2779 840 2821 August.
860 2784 972 2811 contra
991 2780 1100 2810 Faust.
1119 2779 1203 2810 xxvi.
1224 2787 1253 2818 3,
1272 2779 1360 2819 Opp.
1380 2780 1408 2808 8.
1426 2777 1488 2818 436
1499 2786 1528 2809 C.
