2095 3278
78 221 164 250 CAP.
183 207 259 265 vt]
611 216 676 248 DE
709 215 955 248 PAUPERIE
987 213 1303 247 SALVATORIS.

191 325 282 367 1713]
296 321 506 363 litudinem,
525 323 561 353 et
576 320 701 364 presit
716 319 883 364 piscibus
907 319 1036 362 maris,
1054 324 1147 361 etc.;
1176 328 1219 351 ac
1242 316 1360 351 eciam
1386 316 1520 350 collato
1540 326 1619 360 pre-

294 378 462 421 mittitur,
492 378 656 420 Creavit,
686 377 814 421 inquit,
836 377 1026 410 Dominus
1054 375 1240 409 hominem
1271 375 1324 408 ad
1335 375 1556 419 ymaginem
1586 377 1622 407 et

291 436 581 470 similitudinem
598 447 717 478 suam,
737 435 992 478 benedixitque
1009 434 1099 476 illis,
1118 437 1154 467 et
1169 434 1236 475 ait,
1262 438 1331 466 etc.
1384 433 1427 465 In
1438 432 1621 476 ymagine

251 502 279 531 G
292 505 377 528 vero
396 492 690 528 conformitatem
708 499 849 534 nature,
864 491 880 511 *
899 492 934 526 in
952 492 1203 525 similitudine
1219 502 1307 525 vero
1325 490 1620 524 conformitatem

260 563 277 594 5
293 551 329 585 in
347 551 480 585 virtute
498 550 712 595 accipimus,
728 561 798 595 que
815 561 890 584 non
909 549 1062 584 dubium
1080 549 1208 583 habuit
1223 556 1405 583 annexam
1424 547 1620 582 iusticiam.

294 611 354 644 Ob
393 609 463 643 hoc
504 609 603 643 enim
645 608 782 642 cherub
825 608 944 642 dictus
986 613 1041 642 est
1084 606 1314 650 signaculum
1356 605 1619 648 similitudinis,

292 667 463 702 Ezechiel
474 666 593 700 xxviii.
611 675 663 708 12,
676 665 761 710 quia
780 666 923 699 Plenus
938 666 1127 710 sapiencia
1141 667 1176 698 et
1178 665 1366 710 perfectus
1376 665 1509 707 decore,
1525 663 1619 698 sicut

291 725 341 759 ibi
359 724 577 770 exponendo
602 723 815 758 immediate
841 722 1083 767 subiungitur,
1102 728 1141 756 ut
1159 734 1203 757 ex
1229 721 1456 767 plenitudine
1479 727 1515 756 et
1536 732 1619 765 per-

75 782 216 831 scimus:
290 783 456 817 feccione
486 782 630 816 dicatur
659 781 890 825 signaculum
915 786 951 815 et
976 792 1022 815 ex
1045 779 1234 824 sapiencia
1257 786 1292 814 et
1317 779 1449 814 decore
1472 779 1520 813 ad
1547 779 1620 814 Dei

73 829 152 855 mm
170 829 200 855 Β·
291 840 569 875 similitudinem
588 839 805 874 ostendatur
823 850 830 873 :
858 844 1007 883 propter
1021 838 1120 882 quod
1138 844 1228 882 puto
1248 838 1454 872 Iohannem
1472 836 1620 879 dixisse,

73 893 104 919 et
119 899 182 921 om·
203 896 233 920 B.
290 897 411 943 prima
429 897 608 932 canonica
634 909 710 939 sua,
729 896 778 931 iii.
798 906 831 940 2,
857 896 1009 930 Scimus
1028 896 1208 940 quoniam
1219 896 1307 940 filii
1328 896 1406 929 Dei
1427 906 1567 938 sumus,
1586 898 1622 929 et

289 956 454 991 nondum
469 956 653 1000 apparuit
664 955 760 999 quid
774 956 916 988 erimus
922 967 943 995 ;
958 955 1095 988 scimus
1108 954 1286 998 quoniam
1299 965 1381 987 cum
1395 955 1622 998 apparuerit

288 1014 431 1048 similes
463 1015 499 1047 ei
530 1015 682 1056 erimus,
709 1014 887 1057 quoniam
917 1012 1125 1047 videbimus
1157 1022 1240 1045 eum
1274 1012 1389 1045 sicuti
1415 1014 1479 1055 est,
1504 1017 1543 1046 ut
1576 1023 1620 1046 ex

289 1071 431 1106 visione
446 1070 569 1105 divine
583 1070 748 1105 essencie
762 1070 935 1105 afferente
954 1069 1221 1115 plenitudinem
1235 1069 1355 1104 leticie
1369 1075 1405 1104 et
1419 1068 1619 1114 spiritualis

238 1135 276 1168 15
291 1129 434 1164 decoris
464 1128 745 1164 similitudinem
780 1128 852 1163 Dei
886 1128 1099 1163 ostenderet
1127 1139 1196 1163 nos
1226 1128 1375 1162 habere.
1425 1129 1474 1162 Et
1503 1127 1619 1162 Eccli.
1636 1136 1663 1157 2-

289 1188 371 1222 xvii.
406 1197 482 1230 1—4,
513 1187 575 1221 ubi
604 1186 876 1222 sentencialiter
902 1185 1078 1230 repetitur
1107 1186 1272 1220 humana
1302 1185 1456 1229 creacio,
1488 1185 1621 1219 dicitur

290 1246 389 1290 quod
414 1246 518 1280 Deus
543 1246 587 1279 de
612 1249 714 1279 terra
738 1246 883 1278 creavit
903 1243 1100 1286 lzominem,
1125 1247 1161 1277 et
1181 1243 1381 1277 secundum
1399 1245 1620 1288 ymaginem

288 1304 497 1348 suamfecit
507 1304 619 1337 illum
632 1315 645 1337 .·
662 1307 698 1336 et
709 1303 846 1336 iterum
861 1303 1044 1336 convertit
1057 1302 1167 1335 illum
1181 1302 1221 1335 in
1236 1303 1359 1346 ipsum
1373 1305 1409 1335 et
1420 1302 1620 1335 secundum

288 1374 325 1396 se
347 1363 506 1396 vestivit
527 1372 610 1394 eum
637 1362 806 1401 virtute;
829 1360 892 1394 ubi
917 1371 983 1404 pro
1011 1359 1248 1394 similitudine
1273 1360 1552 1394 conversionem
1571 1360 1621 1394 ad

236 1429 277 1450 20
291 1420 414 1453 Deum
432 1425 467 1454 et
486 1419 701 1454 vestituram
712 1418 855 1452 virtutis
873 1417 1051 1462 expressit
1071 1429 1077 1451 :
1099 1424 1134 1451 et
1148 1423 1427 1462 consequenter,
1443 1423 1620 1462 tanquam

289 1477 339 1512 illi
366 1488 563 1519 annexum,
582 1476 768 1511 subiunxit
788 1475 993 1510 dominium
1020 1475 1144 1510 statim
1169 1475 1239 1509 hoc
1265 1476 1388 1519 modo,
1405 1476 1620 1510 Numerum

289 1537 436 1570 dierum
461 1539 497 1569 et
521 1537 664 1579 tempus
689 1534 791 1568 dedit
815 1534 887 1578 illi,
906 1538 942 1567 et
964 1534 1066 1568 dedit
1084 1534 1147 1567 illi
1162 1535 1384 1578 potestatem
1402 1545 1528 1568 eorum
1547 1545 1618 1578 que

287 1598 378 1628 sunt
392 1596 505 1637 super
520 1597 662 1626 terram
671 1604 692 1633 ;
714 1593 843 1636 posuit
858 1593 1030 1626 timorem
1045 1592 1152 1625 illius
1168 1594 1281 1636 super
1296 1603 1438 1625 omnem
1457 1603 1617 1635 carnem,

287 1655 323 1684 et
339 1651 555 1684 dominatus
579 1653 634 1684 est
658 1649 872 1683 bestiarum.
925 1648 1067 1683 Pariter
1090 1648 1202 1683 michi
1221 1648 1367 1683 videtur
1385 1648 1421 1682 in
1447 1648 1617 1691 Psalmis,
1632 1661 1661 1692 3.

68 1711 121 1742 Ps.
139 1711 206 1743 viii.
224 1709 255 1743 6.
287 1710 473 1743 Minuisti
487 1719 569 1742 eum
580 1708 830 1752 paulominus
847 1707 891 1741 ab
908 1707 1062 1752 angelis,
1079 1707 1202 1751 quoad
1217 1706 1381 1740 divinam
1395 1706 1617 1750 ymaginem,

287 1772 323 1801 et
341 1766 439 1811 quod
458 1765 631 1810 sequitur,
650 1765 782 1799 Gloria
799 1768 834 1798 et
850 1764 986 1798 honore
999 1766 1185 1798 coronasti
1199 1775 1294 1807 eum,
1314 1764 1437 1809 quoad
1449 1763 1615 1798 divinam

288 1823 568 1858 similitudinem
586 1823 622 1856 in
636 1822 843 1865 virtutibus,
857 1833 938 1857 esse
956 1822 1096 1856 dictum
1114 1834 1122 1864 ;
1137 1821 1281 1866 quibus,
1295 1828 1472 1866 tanquam
1490 1833 1617 1856 neces-

287 1881 385 1916 sario
403 1881 550 1926 previis,
565 1892 751 1914 annexum
769 1887 825 1914 est
840 1879 1069 1914 dominium:
1090 1880 1188 1914 unde
1208 1879 1449 1923 subiungitur,
1465 1880 1521 1913 Et
1534 1891 1617 1913 con-

287 1940 451 1973 stituisti
470 1950 554 1973 eum
576 1941 691 1983 super
707 1941 818 1983 opera
844 1949 1028 1971 manuum
1048 1940 1217 1972 tuarum.
1270 1938 1408 1971 Omnia
1432 1938 1621 1971 subiecisti

234 2010 275 2041 30
287 1998 353 2031 sub
362 1997 521 2042 pedibus
533 1998 623 2039 eius,
638 2008 722 2031 oves
739 2000 774 2030 et
786 1996 892 2030 boves
905 1997 1105 2030 universas
1122 1996 1281 2040 insuper
1291 1999 1327 2029 et
1334 1998 1469 2040 pecora
1482 1997 1617 2040 campi,

288 2062 357 2091 etc,
396 2055 491 2089 Illud
508 2054 627 2089 eciam
645 2054 743 2099 quod
762 2054 895 2089 dicitur
910 2054 946 2088 in
960 2053 1126 2098 predicta
1140 2053 1322 2098 scriptura
1336 2052 1616 2097 Ecclestiastici,
1631 2067 1662 2098 4.

69 2108 178 2149 ipsum
196 2131 203 2138 ·
222 2132 229 2139 ·
248 2131 255 2139 -
288 2114 344 2148 Et
368 2114 553 2147 convertit
574 2113 685 2147 illum
711 2113 753 2146 in
782 2113 920 2156 ipsum,
947 2111 1038 2146 satis
1064 2111 1224 2145 affirmat
1251 2111 1372 2156 ipsum
1399 2122 1618 2146 conversum

68 2152 274 2235 ῗξῖῑζῗΐὸὅ)
290 2171 327 2206 in
351 2170 406 2205 sui
435 2170 621 2205 Creatoris
651 2181 839 2204 amorem:
871 2169 969 2203 unde
999 2169 1131 2203 eodem
1156 2169 1317 2214 capitulo
1347 2175 1619 2214 consequenter

69 2219 275 2269 inMd}s,'unt,
289 2229 473 2272 annexuit,
503 2229 656 2262 Adiecit
682 2229 762 2262 illis
790 2227 1042 2271 disciplinam,
1070 2230 1107 2260 et
1137 2227 1253 2272 legem
1286 2228 1363 2261 vite
1391 2226 1623 2261 hereditavit

69 2291 136 2313 ver·
155 2290 185 2322 9·
286 2287 367 2320 illis
374 2299 395 2328 ,·
420 2290 681 2320 testamentum
699 2290 866 2319 eternum
892 2285 1086 2318 constituit
1103 2296 1187 2318 cum
1204 2285 1295 2328 illis,
1314 2288 1350 2318 et
1369 2285 1559 2318 iusticiam
1585 2289 1621 2319 et

286 2345 430 2378 iudicia
446 2356 516 2378 sua
534 2344 695 2378 ostendit
710 2344 817 2384 illis;
834 2342 895 2377 ubi
915 2342 1003 2376 satis
1022 2348 1193 2386 patenter
1213 2342 1266 2386 (ut
1280 2341 1438 2386 videtur)
1458 2343 1617 2377 affirmat

286 2401 387 2446 quod
405 2413 479 2436 non
497 2402 616 2436 solum
634 2401 822 2435 habebant
841 2401 972 2444 legem,
989 2406 1043 2434 set
1062 2400 1160 2444 quod
1178 2411 1262 2434 earn
1279 2400 1507 2434 hereditavit
1522 2400 1614 2443 illis,

286 2460 337 2494 ita
355 2459 454 2503 quod
471 2465 641 2503 poterant
660 2459 780 2502 legem
794 2457 869 2492 vite
886 2457 954 2492 sibi
972 2463 1007 2492 et
1026 2457 1102 2491 suis
1120 2457 1317 2492 heredibus
1336 2469 1564 2500 conservare,
1578 2465 1615 2493 et

286 2517 386 2562 quod
418 2516 534 2551 vitam
567 2522 734 2551 eternam
767 2522 938 2560 poterant
971 2514 1160 2559 acquirere
1192 2527 1237 2550 ex
1270 2515 1515 2560 promissione
1549 2527 1616 2550 seu

232 2585 275 2616 40
286 2581 408 2620 pacto.
454 2576 539 2608 Hoc
566 2573 665 2609 enim
688 2580 745 2608 est
768 2574 906 2608 habere
923 2579 1186 2608 testamentum
1210 2578 1391 2607 eternum.
1443 2573 1556 2608 Unde
1579 2573 1615 2608 in

288 2643 431 2667 canone
475 2632 592 2667 Misse
626 2631 772 2674 dicitur,
808 2632 979 2676 Sanguis
1023 2630 1168 2664 Cliristi
1207 2632 1367 2676 sanguis
1403 2633 1620 2665 testamenti

287 2692 416 2733 eterni,
452 2690 537 2734 quia
577 2701 621 2724 eo
660 2689 849 2723 mediante
883 2694 1150 2723 testamentum
1192 2699 1257 2722 seu
1291 2694 1442 2732 pactum
1475 2689 1616 2723 factum

63 2745 221 2787 pluribus
245 2752 275 2775 Β.
289 2745 455 2790 patribus
482 2745 527 2779 de
551 2744 815 2779 benediccione
842 2743 1026 2788 promissa
1044 2742 1225 2787 impletur,
1246 2743 1394 2787 scilicet,
1413 2743 1521 2777 datur
1539 2743 1614 2778 vita

289 2810 436 2847 eterna3
476 2803 663 2838 habebant
694 2802 802 2846 igitur
832 2802 869 2836 in
899 2813 964 2836 sua
994 2801 1132 2845 origine
1161 2800 1342 2846 principia
1372 2801 1505 2846 quibus
1532 2814 1613 2847 pro-

1818 208 1901 254 345
