2095 3278
205 176 291 227 464

211 533 284 560 Civil
298 531 455 565 possession

210 567 349 593 therefore
364 575 415 591 can
429 565 463 590 be

211 600 379 627 transferred
392 600 430 631 by

209 634 262 667 gift
275 633 394 659 without
407 641 464 658 cor—

210 668 288 700 poral
301 675 419 698 convey-

209 710 288 731 ance,
303 700 359 726 and
373 700 420 725 the

210 734 285 766 right
298 734 354 759 and
368 733 440 759 lord-

209 768 273 800 ship
286 776 352 794 over
365 767 412 792 the

209 801 291 833 thing
303 800 386 833 given
399 808 463 832 pass

210 840 240 860 to
253 835 311 860 him
323 840 352 860 to
365 834 457 860 whom

210 867 232 894 it
246 867 269 894 is
281 867 372 901 given.

214 1922 325 1955 Judges
337 1930 384 1947 are
398 1925 427 1946 to

213 1955 342 1982 consider
354 1960 402 1980 not

215 1989 320 2021 merely
334 1989 365 2014 of
375 1988 422 2013 the

213 2022 299 2048 seisin

215 2067 266 2092 but
279 2066 311 2092 os
320 2065 367 2091 the
380 2065 451 2091 form

215 2101 270 2125 and
285 2108 399 2125 manner
411 2099 444 2125 of

215 2134 264 2159 the
276 2133 338 2166 gift.

863 181 1067 213 RICARDI
1100 178 1400 211 ARMACHANI
1845 162 1947 221 [Lm.
1971 176 2014 203 1v

487 309 564 333 rem
598 297 758 332 alienam
793 296 903 341 impie
942 295 1167 336 detinend03
1210 294 1387 339 quoniam
1420 303 1528 327 casus
1561 291 1635 326 iam
1669 289 1811 335 positus
1826 293 1928 336 [45A

488 356 662 400 supponit
686 361 810 389 actum
832 355 880 388 ab
898 365 942 389 eo
959 353 1159 388 exercitum
1182 364 1248 397 per
1265 363 1377 397 quem
1394 362 1502 386 suum
1519 350 1566 385 ab
1585 361 1628 384 eo
1646 348 1698 384 rei
1717 347 1812 382 illius

487 413 694 448 dominium
712 412 915 447 abdicatur.

536 472 625 506 IOH.
654 471 878 505 Premissam
897 469 1084 504 racionem
1102 475 1266 513 accepto.

536 530 623 563 RIC.
650 529 707 562 Ex
726 539 799 572 quo
818 527 1015 572 possessio,
1031 533 1209 571 tanquam
1227 525 1378 560 effectus
1397 536 1461 560 seu
1479 525 1628 570 sequela
1646 522 1812 566 dominii,
1827 535 1844 566 5

487 587 640 621 debetur
668 585 820 627 domino
850 585 926 620 sive
953 584 1128 626 dominio,
1159 595 1244 619 cum
1279 583 1325 618 sit
1358 582 1517 617 donacio
1550 583 1662 616 modo
1695 581 1813 626 primo

487 644 654 689 predicto
681 644 759 678 sine
781 642 962 688 corporali
986 642 1188 676 tradicione
1213 641 1264 676 rei
1287 641 1422 675 donate
1442 640 1495 685 (ut
1519 639 1656 685 ponis),
1673 651 1748 673 non
1774 639 1813 673 fit

486 702 569 737 talis
598 701 754 736 donacio
782 701 860 736 sine
893 700 1141 735 translacione
1176 698 1423 744 possessionis
1452 698 1628 733 omnino:
1674 704 1728 732 set
1758 702 1815 731 est

486 761 568 806 ipso
601 760 698 794 facto
732 759 769 793 in
804 758 1039 794 donatarium
1068 759 1247 792 translata
1280 757 1397 791 civilis
1431 756 1629 801 possessio,
1659 756 1689 790 si
1720 755 1815 790 inter

487 824 610 863 partes
638 817 690 862 (ut
709 816 871 862 ponitur)
900 823 1065 851 servetur
1091 815 1258 859 iusticia;
1286 815 1463 860 quoniam
1485 815 1584 849 facta
1608 813 1673 848 tali
1701 814 1814 847 dona·
1830 822 1872 844 10

488 876 604 919 cione,
620 875 649 910 si
667 876 826 910 donator
848 886 926 909 rem
944 874 1121 908 donatam
1139 879 1384 917 permutatam
1406 883 1470 906 seu
1484 871 1673 907 venditam
1692 871 1815 905 adhuc

489 934 662 978 detineat,
681 941 743 968 aut
770 933 846 968 iure
870 944 937 967 suo
961 932 999 967 id
1016 932 1090 976 agit
1109 938 1172 966 aut
1193 931 1209 949 *
1231 931 1308 966 iure
1329 930 1526 973 donatarii,
1546 928 1814 974 permutatarii,
1829 932 1859 961 B

489 999 551 1027 aut
579 991 747 1027 ementis.
798 990 951 1035 Proprio
982 990 1059 1025 iure
1092 1001 1166 1023 non
1199 995 1333 1034 potest,
1360 1000 1444 1023 cum
1474 999 1540 1032 per
1569 986 1815 1022 donacionem

489 1057 606 1085 totum
633 1050 688 1084 ius
715 1049 822 1084 civile
848 1049 948 1094 quod
974 1047 1103 1083 habuit
1128 1047 1165 1081 in
1192 1046 1429 1081 donatarium
1454 1046 1501 1080 sit
1526 1045 1757 1088 translatum,
1784 1044 1814 1079 si
1828 1047 1867 1079 cf.
1884 1057 1993 1088 supra,

490 1107 704 1142 donatarius
730 1107 819 1141 illud
845 1106 943 1146 velit,
970 1112 1032 1140 aut
1063 1105 1092 1140 si
1119 1105 1208 1140 nolit
1238 1105 1369 1139 saltem
1396 1103 1584 1138 evanescit
1609 1115 1632 1137 a
1657 1113 1817 1147 persona
1828 1101 1860 1132 P·
1873 1099 1947 1131 455·

490 1165 677 1200 donantis.
739 1165 778 1200 Si
812 1165 889 1199 iure
919 1163 1102 1198 donatarii
1136 1174 1214 1198 rem
1248 1163 1425 1197 donatam
1459 1161 1634 1204 detineat,
1665 1160 1817 1195 omnino

490 1223 729 1269 consequitur
752 1223 851 1268 quod
874 1234 947 1257 non
973 1233 1039 1267 pro
1064 1233 1103 1256 se
1126 1228 1181 1256 set
1199 1232 1265 1266 pro
1289 1220 1483 1255 donatario
1501 1231 1578 1254 rem
1596 1218 1730 1254 retinet
1752 1230 1818 1253 seu

490 1288 693 1325 conservat,
724 1287 760 1316 et
794 1280 845 1315 ita
877 1279 1091 1314 donatarius
1126 1291 1190 1324 per
1222 1279 1434 1321 donantem,
1465 1277 1577 1312 veluti
1613 1288 1678 1321 per
1710 1288 1817 1311 suurn

491 1340 713 1383 ministrum,
729 1352 751 1373 a
765 1338 982 1373 donacionis
1001 1344 1190 1372 momento
1204 1348 1281 1371 rem
1299 1336 1475 1380 possidet.
1512 1337 1717 1380 Nunquam
1730 1346 1819 1379 ergo

492 1399 658 1441 donator,
676 1403 915 1442 permutator,
935 1402 997 1430 aut
1015 1395 1186 1430 venditor
1207 1394 1340 1439 poterit
1362 1405 1429 1438 pro
1448 1404 1488 1427 se
1511 1404 1589 1427 rem
1607 1393 1707 1427 illam
1725 1392 1819 1428 iuste
1836 1407 1876 1428 20

492 1457 642 1491 ulterius
660 1455 861 1500 possidere,
877 1454 977 1489 omni
996 1453 1183 1488 civili-iure
1201 1452 1296 1486 illius
1313 1452 1475 1486 nudatus
1493 1458 1527 1486 et
1543 1451 1637 1485 civili
1653 1450 1817 1485 dominio

492 1515 529 1549 in
552 1514 624 1549 alio
650 1513 852 1548 existente:
880 1523 949 1546 nec
966 1522 1131 1556 unquam
1155 1510 1191 1544 in
1215 1510 1327 1544 alium
1346 1515 1467 1554 potest
1490 1510 1571 1554 plus
1594 1508 1681 1543 iuris
1700 1514 1818 1543 trans-

492 1573 637 1607 mittere
667 1582 777 1616 quam
807 1570 943 1604 habeat
972 1569 1009 1603 in
1037 1580 1077 1603 se
1107 1568 1211 1613 ipso;
1248 1568 1346 1602 unde
1380 1567 1619 1611 consequitur
1651 1566 1751 1612 quod
1780 1566 1818 1601 in

493 1640 750 1675 quemcunque
782 1627 957 1662 heredem
988 1638 1052 1661 seu
1079 1627 1191 1660 alium
1220 1632 1385 1660 transeat
1414 1624 1613 1669 occupacio
1643 1624 1727 1659 talis
1756 1624 1820 1668 rei,

493 1689 573 1723 sine
602 1687 725 1732 aliquo
755 1686 832 1721 iure
859 1685 989 1720 transit
1016 1691 1051 1719 et
1081 1696 1103 1719 a
1130 1694 1348 1729 quocunque
1372 1683 1435 1718 tali
1464 1693 1610 1727 semper
1638 1682 1823 1717 detinetur
1839 1696 1875 1728 ²5

492 1746 637 1780 iniuste.

542 1805 631 1839 IOH.
658 1804 747 1837 Non
773 1801 881 1836 video
907 1801 1095 1846 quomodo
1120 1806 1275 1845 possunt
1302 1799 1373 1834 ista
1399 1799 1562 1833 dissolvi.
1615 1799 1689 1833 Cur
1710 1798 1821 1843 igitur

492 1862 544 1896 ita
561 1867 683 1897 errant
702 1872 831 1905 regum
849 1859 1019 1900 ministri,
1037 1859 1188 1901 iudices,
1209 1857 1246 1892 in
1266 1858 1402 1892 talibus
1420 1857 1586 1902 deputati
1601 1857 1615 1891 ?

542 1921 628 1954 RIC.
658 1920 742 1953 Hoc
766 1925 823 1953 est
849 1917 1079 1963 querendum
1095 1917 1142 1951 ab
1168 1916 1243 1951 eis:
1270 1927 1339 1950 nos
1365 1927 1452 1950 vero
1477 1915 1707 1950 ostendimus
1733 1913 1821 1960 quid

494 1978 539 2012 sit
559 1977 743 2022 agendum
762 1977 808 2010 ab
827 1976 890 2018 eis,
911 1975 1059 2018 scilicet,
1079 1975 1178 2020 quod
1196 1985 1269 2008 non
1289 1974 1408 2008 solum
1427 1974 1562 2008 debent
1580 1973 1762 2018 inquirere
1775 1972 1822 2007 de
1837 1984 1879 2016 30

494 2035 674 2080 corporali
700 2034 914 2075 tradicione,
945 2044 1057 2078 quam
1086 2031 1273 2077 seysinam
1300 2031 1511 2076 appellant3
1549 2037 1604 2066 set
1631 2031 1678 2066 de
1704 2031 1821 2065 dona-

494 2093 610 2129 cionis
646 2104 709 2128 seu
744 2091 1032 2137 permutacionis
1065 2096 1127 2125 aut
1158 2089 1387 2124 vendicionis
1416 2090 1534 2123 forma
1563 2095 1599 2124 et
1625 2089 1760 2132 mod0;
1786 2095 1823 2123 et

492 2152 673 2193 fraudem,
692 2150 721 2184 si
741 2149 951 2194 reperiatur,
971 2149 1165 2192 detegere;
1193 2153 1229 2182 et
1252 2148 1481 2189 donatorem,
1500 2147 1530 2181 si
1550 2148 1594 2182 de
1615 2146 1953 2194 donacionefraude
1970 2160 2001 2185 B.

493 2209 652 2254 simplici
669 2209 769 2243 facta
786 2208 898 2242 modo
916 2206 1096 2251 premisso
1122 2217 1144 2240 a
1169 2205 1324 2240 testibus
1350 2205 1601 2247 convincatur,
1628 2205 1675 2239 ad
1701 2205 1822 2239 reddi-

493 2268 639 2302 cionem
672 2266 722 2300 rei
756 2265 951 2300 donatario
989 2263 1123 2298 iudicio
1151 2263 1246 2298 iusto
1281 2264 1520 2308 compellere:
1546 2269 1581 2297 et
1611 2263 1748 2308 pariter
1777 2263 1823 2298 de
1837 2272 1876 2305 35

493 2332 725 2372 permutante
753 2331 863 2369 atque
892 2324 1088 2358 vendente.
1141 2323 1223 2356 Nec
1253 2322 1386 2357 estimo
1416 2322 1515 2366 quod
1543 2321 1589 2356 sit
1618 2322 1674 2356 lex
1700 2321 1824 2367 aliqua

493 2384 688 2419 hominum
715 2394 785 2427 que
812 2381 1033 2416 contrarium
1062 2380 1188 2415 statuit
1206 2386 1267 2414 aut
1286 2380 1443 2422 diffinit;
1471 2379 1638 2424 quamvis
1656 2379 1823 2415 fortassis

495 2442 548 2477 sic
574 2452 684 2485 agere
711 2447 772 2474 aut
798 2439 920 2474 taliter
945 2440 1162 2473 donatorem
1188 2449 1253 2472 seu
1279 2438 1509 2472 venditorem
1536 2437 1586 2471 ita
1603 2438 1824 2482 compellere

496 2500 542 2534 sit
572 2498 779 2543 aliqualiter
806 2503 927 2542 preter
954 2497 1083 2540 legem,
1111 2495 1196 2540 quia
1226 2502 1348 2540 preter
1376 2507 1446 2540 que
1474 2502 1557 2529 sunt
1585 2495 1622 2529 in
1652 2495 1713 2529 tali
1744 2496 1824 2539 lege

496 2559 660 2592 humana
693 2567 890 2600 expressa:
934 2555 1031 2588 unde
1066 2554 1205 2588 iudices
1240 2554 1400 2588 colorem
1433 2553 1618 2597 accipiunt
1656 2553 1704 2587 ad
1738 2553 1880 2595 talia40

496 2614 714 2656 omittenda,
733 2612 902 2658 quamvis
921 2612 1155 2656 generalibus
1174 2612 1315 2655 legibus
1328 2611 1613 2656 precipientibus
1627 2610 1824 2655 unicuique

498 2684 564 2707 sua
582 2671 685 2705 reddi
705 2672 840 2705 debere
860 2670 913 2704 sic
931 2681 1040 2714 agere
1064 2676 1162 2704 esset
1187 2669 1386 2712 conforme,
1405 2675 1440 2704 et
1468 2669 1601 2703 divinis
1619 2669 1762 2713 legibus
1780 2679 1824 2703 ac

498 2729 707 2764 animarum
726 2728 847 2762 saluti.

548 2789 637 2822 IOH.
668 2786 781 2830 Igitur
800 2792 954 2831 peccant
972 2785 1172 2821 mortaliter
1196 2786 1286 2820 tales
1310 2785 1448 2820 iudices
1466 2785 1578 2820 talem
1597 2783 1822 2819 sentenciam
