2008 3305
108 175 187 227 278

121 1755 177 1780 and
191 1754 233 1779 sor
246 1752 302 1779 this
315 1761 379 1785 pur-

122 1797 188 1821 pose

778 181 982 213 RICARDI
1014 180 1318 211 ARMACHANI
1780 167 1881 228 [Lm.
1905 180 1930 207 1.

432 288 660 321 RICARDUS.
688 286 774 319 Non
793 285 912 319 audeo
929 284 994 319 tibi
1013 284 1202 326 obsistere,
1220 295 1279 318 me
1297 284 1334 317 in
1353 290 1430 318 tam
1448 282 1622 327 potentis,
1640 289 1717 317 tam
1733 286 1805 327 [2A

384 344 514 386 dulcis,
533 356 577 378 ac
601 351 678 378 tam
697 342 819 377 dilecti
843 341 950 377 nobis
975 342 1091 376 Ducis
1114 341 1265 375 nomine
1288 340 1483 375 adiuranti.
1534 342 1716 375 Intremus
1730 339 1850 370 admz'r·
1865 347 1896 369 B-

385 414 472 446 ergo
491 402 527 436 in
547 401 657 436 istam
676 400 885 444 caliginem,
901 407 1047 434 servata
1065 400 1184 433 forma
1202 410 1314 444 quam
1333 398 1440 433 nobis
1458 398 1618 442 prefigis,
1637 398 1718 443 ipso

388 462 473 495 Iesu
497 460 592 494 duce
617 458 734 493 nostri
759 457 899 493 itineris
923 469 965 493 ex
986 457 1125 491 intimis
1151 456 1286 491 nostris
1307 456 1509 491 visceribus
1536 456 1720 499 invocato,

386 518 448 563 qui
467 517 641 551 omnibus
659 516 708 550 ad
725 527 811 550 eum
825 514 1062 559 vigilantibus
1080 515 1115 548 in
1135 514 1210 549 suis
1225 514 1294 549 viis
1312 514 1474 548 hilariter
1489 525 1528 548 se
1546 513 1719 548 ostendit.
1733 520 1751 553 5

386 578 537 618 Verum,
565 574 651 620 quia
684 574 721 608 in
747 573 878 608 litteris
905 572 1056 618 phisicis
1084 572 1246 608 didicisti
1274 572 1372 617 quod
1397 571 1628 618 privaciones
1655 583 1721 616 per

388 645 474 668 suos
500 633 647 667 habitus
671 637 932 676 agnoscuntur,
953 637 989 665 et
1014 636 1160 665 constat
1184 636 1442 675 paupertatem
1469 629 1723 674 privacionem

388 692 552 737 quodam
571 691 681 724 modo
700 689 865 733 existere,
884 690 963 733 lege
982 687 1142 723 racionis
1160 695 1324 722 artamur
1338 687 1385 721 ab
1404 687 1596 732 opulencia
1614 693 1724 732 atque
1736 696 1863 727 quoquo

388 761 510 785 rerum
525 748 690 783 dominio
707 755 744 783 et
761 747 841 782 aliis
860 748 969 782 rebus
988 759 1052 782 seu
1072 747 1209 781 iuribus
1231 745 1276 789 (si
1294 757 1365 791 que
1379 746 1479 790 sunt>
1495 746 1698 781 ditantibus
1716 730 1826 789 3m⁰d⁰
1843 737 1872 760 B·

391 809 490 843 iuxta
511 807 664 841 modum
687 813 811 841 tamen
833 806 1007 851 loquendi
1034 805 1070 839 in
1092 805 1206 840 sacris
1230 805 1429 849 Scripturis
1453 804 1560 839 nobis
1579 816 1724 849 expres·
1739 815 1780 837 10

392 877 484 909 sum,
509 871 676 899 nostrum
702 864 898 908 negocium
924 862 1091 898 exordiri.
1143 864 1224 898 Nec
1251 862 1288 896 in
1315 861 1387 896 isto
1412 861 1568 906 negocio
1593 873 1726 897 sensus

393 923 589 969 primarios
616 933 681 957 seu
707 922 893 957 derivatos
919 921 1111 956 nominum
1141 927 1204 955 aut
1230 921 1429 955 verborum
1459 920 1558 956 iuxta
1585 920 1727 955 radices

392 981 594 1027 gramatice
616 980 796 1015 audemus
820 985 882 1015 aut
907 980 1086 1014 debemus
1110 979 1307 1020 omittere3
1334 990 1417 1012 cum
1439 978 1476 1012 in
1499 979 1571 1013 fine
1590 980 1726 1013 Decre-

394 1041 477 1076 talis
496 1039 647 1084 prefate,
659 1040 783 1081 Exiit,
797 1038 843 1073 de
860 1038 1016 1072 materia
1033 1049 1145 1082 quam
1164 1037 1312 1082 prefigis
1331 1037 1540 1071 inhibeatur
1557 1048 1728 1081 expresse

395 1100 462 1133 sub
489 1110 585 1143 pena
613 1097 846 1141 gravissima,
873 1096 956 1131 licet
983 1108 1049 1141 per
1075 1096 1267 1131 dominum
1296 1096 1504 1130 Iohannem
1535 1107 1727 1140 suspensa,
1745 1107 1781 1140 15

395 1158 466 1192 hoc
490 1156 625 1190 modo:
653 1156 788 1199 Itaque
810 1155 877 1189 sub
898 1157 995 1199 pena
1019 1155 1415 1189 excommunicacionis
1437 1157 1473 1187 et
1487 1154 1760 1198 privacionis6
1776 1163 1888 1199 Dect„
1905 1160 1948 1192 vi,

396 1215 508 1260 officii
523 1225 566 1248 ac
583 1214 746 1258 beneficii
761 1214 931 1247 districte
940 1214 1174 1258 precipimus
1188 1216 1232 1246 ut
1240 1214 1396 1257 presens
1412 1213 1629 1246 constitucio
1645 1222 1728 1245 cum
1741 1207 1791 1238 ‘tit-
1808 1215 1819 1235 1
1829 1215 1857 1237 2·

396 1275 517 1318 ipsam
541 1273 619 1317 legi
636 1273 844 1316 contigerit,
865 1271 976 1305 sicud
989 1271 1147 1315 prolata
1171 1274 1234 1312 est,
1256 1271 1312 1304 ita
1327 1270 1500 1315 fideliter
1521 1272 1733 1314 exponatur

397 1332 450 1365 ad
471 1332 637 1365 litteram
645 1341 667 1372 ;
694 1330 963 1371 concordancie,
983 1330 1274 1372 contrarietates,
1293 1328 1359 1362 vel
1372 1328 1527 1362 adverse
1543 1328 1732 1373 opiniones
1744 1332 1876 1364 literam
1893 1337 1923 1361 B.

398 1403 420 1424 a
447 1389 641 1423 lectoribus
669 1399 733 1421 seu
762 1388 1032 1432 expositoribus
1056 1388 1212 1420 minime
1241 1386 1498 1428 inducantur;
1523 1388 1636 1430 super
1656 1386 1730 1420 ista
1742 1385 1881 1427 exposito
1896 1391 1927 1414 Β.

398 1447 661 1482 constitucione
675 1446 779 1491 glose
795 1457 868 1480 non
877 1446 994 1490 fiant,
1016 1446 1094 1478 nisi
1103 1445 1275 1490 forsitan
1291 1446 1366 1489 per
1380 1455 1475 1488 quas
1492 1444 1646 1478 verbum
1672 1443 1736 1477 vel

398 1506 505 1540 verbi
519 1515 649 1539 sensus
665 1515 729 1537 seu
749 1504 975 1538 construccio
993 1503 1057 1536 vel
1077 1504 1160 1547 ipsa
1181 1503 1398 1536 constitucio
1417 1503 1530 1547 quasi
1541 1502 1734 1547 gramati—

399 1565 533 1599 caliter
550 1563 604 1597 ad
624 1563 791 1597 litteram
809 1562 872 1596 vel
890 1560 1170 1606 intelligibilius
1186 1562 1424 1604 exponatur,-
1448 1571 1512 1594 nec
1527 1560 1737 1593 intellectus

399 1624 520 1668 ipsius
530 1624 605 1666 per
618 1621 797 1666 legentem
814 1620 1046 1664 depravetur
1061 1620 1101 1653 in
1119 1619 1248 1662 aliquo
1265 1629 1330 1652 seu
1350 1617 1368 1636 ’¹‘
1388 1619 1672 1662 distorqueatur
1687 1617 1740 1651 ad
1748 1619 1779 1647 B

401 1681 514 1716 aliud
527 1691 641 1724 quam
659 1680 773 1713 litera
791 1679 874 1723 ipsa
897 1681 1015 1712 sonat.
1068 1678 1253 1718 Ceterum,
1273 1687 1357 1710 cum
1381 1675 1418 1710 in
1442 1677 1525 1710 Iesu
1547 1675 1736 1720 sapiencie

401 1738 505 1773 ducis
535 1737 652 1772 nostri
682 1738 834 1771 dextera
863 1736 909 1770 sit
939 1735 1138 1780 longitudo
1163 1735 1322 1776 dierum,
1348 1737 1383 1767 et
1407 1735 1448 1767 in
1473 1734 1631 1767 sinistra
1656 1733 1737 1767 eius
1749 1741 1843 1772 prov,
1862 1739 1909 1771 iii,

401 1798 537 1832 divitie
553 1800 589 1830 et
599 1796 743 1841 gloria,
762 1795 963 1830 Salomone
984 1793 1165 1838 prodente
1181 1804 1189 1834 ;
1217 1803 1301 1826 cum
1327 1791 1478 1835 insuper
1497 1791 1575 1836 ipse
1599 1791 1646 1825 sit
1669 1802 1739 1825 rex
1750 1784 1802 1815 16·

402 1864 532 1900 regum
555 1858 591 1888 et
610 1854 783 1888 dominus
807 1852 1089 1886 dominancium
1114 1856 1150 1886 et
1176 1849 1348 1884 universe
1373 1848 1546 1884 dominus
1571 1854 1735 1884 creature
1750 1848 1763 1869 1
1784 1837 1925 1869 Tim.vi.

404 1914 517 1958 (unde
543 1910 779 1957 consequitur
804 1909 1038 1955 opulenciam
1065 1919 1214 1943 ornnem
1239 1919 1283 1942 ac
1311 1913 1446 1941 cuncta
1475 1913 1640 1942 creature
1669 1907 1736 1941 do·
1749 1891 1862 1965 {lilith
1878 1933 1911 1963 ix

124 1982 208 2015 begin
219 1982 257 2014 by
267 1980 391 2007 examin·
402 1971 518 2006 minia
536 1982 579 2005 ac
603 1976 725 2005 cetera
747 1969 826 2003 iura
846 1967 1009 2002 ditancia
1031 1978 1106 2001 non
1130 1977 1211 2001 esse
1237 1965 1307 2000 nisi
1329 1966 1427 1999 dona
1451 1964 1565 2010 ipsius
1588 1965 1658 2009 qui
1672 1965 1739 1999 dat
1753 1984 1800 2018 17,

125 2017 173 2048 ing
187 2016 234 2041 the
251 2021 351 2041 nature
365 2014 395 2041 of

124 2050 288 2076 dominium
301 2057 331 2074 as

125 2082 286 2116 pertaining

126 2123 155 2142 to
169 2116 233 2142 God
246 2116 301 2141 and
317 2121 345 2141 to

126 2150 170 2177 his
184 2155 334 2176 creatures.

350 2499 398 2532 ΙΙ.

405 2030 574 2064 omnibus
594 2026 802 2073 affluenter)
821 2038 827 2060 :
856 2025 976 2071 primo
1001 2024 1256 2069 compellimur
1278 2035 1322 2058 ex
1349 2023 1478 2058 ordine
1500 2023 1660 2058 racionis
1683 2023 1815 2065 in-1ac,
1831 2031 1852 2063 i,
1872 2038 1900 2071 5,

405 2088 559 2133 quirem,
578 2087 697 2132 quale,
717 2084 884 2131 qualiter,
902 2091 938 2118 et
965 2083 1098 2129 quibus
1123 2081 1333 2117 racionibus
1359 2087 1571 2126 competunt
1596 2080 1647 2115 illi
1671 2081 1738 2115 do-

405 2146 522 2180 minia
538 2152 574 2180 et
594 2144 664 2188 alie
682 2155 739 2178 res
758 2143 920 2177 ditantes
937 2153 945 2185 ;
972 2153 1016 2176 ac
1034 2140 1168 2176 deinde
1191 2146 1440 2175 creaturarum
1459 2139 1607 2174 diversa
1624 2139 1740 2173 domi-

405 2203 469 2239 nia
494 2214 538 2238 ac
564 2202 643 2236 iura
669 2200 842 2243 ditancia,
868 2210 914 2234 eo
940 2198 1069 2233 ordine
1095 2209 1168 2243 quo
1195 2209 1217 2232 a
1243 2197 1407 2232 dominio
1433 2203 1468 2231 et
1495 2196 1576 2230 aliis
1602 2195 1742 2230 iuribus

408 2261 582 2297 creatoris
612 2259 854 2300 descendunt,
879 2257 1100 2299 describere,
1129 2262 1191 2290 aut
1218 2256 1334 2297 aliter,
1356 2261 1463 2299 prout
1491 2254 1614 2289 eidem
1646 2253 1796 2293 Duci35

408 2326 537 2354 nostro
560 2317 730 2363 placebit,
753 2327 964 2361 agnoscere.
1015 2316 1073 2349 Tu
1097 2314 1205 2358 igitur
1226 2312 1445 2358 inquirendo
1470 2312 1633 2356 exprime
1654 2311 1743 2356 quid

411 2377 586 2412 intendis.

459 2492 688 2525 IOHANNES.
719 2488 847 2533 Incipe
872 2498 1077 2530 numerare,
1099 2486 1127 2521 si
1156 2486 1288 2530 placet,
1307 2483 1489 2530 principia
1517 2495 1582 2518 seu
1613 2494 1744 2518 causas

413 2560 478 2593 per
496 2559 566 2593 que
585 2547 665 2592 quis
685 2547 788 2581 dives
806 2545 973 2580 efficitur.

461 2608 690 2641 RICARDUS.
710 2606 831 2638 Tuum
843 2610 897 2638 est
909 2615 953 2637 ea
965 2602 1168 2647 exprimere
1180 2607 1215 2636 et
1228 2612 1353 2635 meum
1365 2611 1537 2644 expressa
1549 2599 1744 2633 discutere.
1758 2614 1800 2645 40

466 2666 554 2699 ΙΟΗ.
584 2663 678 2697 Mihi
698 2662 869 2696 videntur
887 2661 984 2695 circa
1009 2660 1162 2695 divicias
1188 2659 1257 2694 ista
1280 2659 1315 2693 in
1339 2658 1521 2703 principio
1544 2657 1651 2692 huius
1669 2669 1691 2691 a
1709 2663 1744 2691 te

414 2728 606 2757 numerata
623 2720 803 2765 principia
821 2731 902 2754 esse
922 2718 1093 2753 ditancia.

463 2782 546 2814 RlC.
587 2781 661 2814 Ista
690 2778 888 2812 ditacionis
920 2776 1100 2821 principia
1131 2776 1262 2810 clarius
1297 2781 1333 2809 et
1367 2774 1484 2819 magis
1515 2780 1641 2818 aperte
1672 2772 1743 2807 dis-
