2008 3305
36 219 125 249 cAP.
147 205 263 259 xm]
570 212 634 244 DE
668 210 910 244 PAUPERIE
943 209 1255 243 SALVATORIS.
1778 212 1857 254 297

168 324 239 365 613]
254 316 374 352 xxviii.
397 326 448 360 14,
467 317 534 351 sub
561 317 736 361 parabola
760 315 937 360 principis
956 315 1044 359 Tyri
1065 315 1136 349 hoc
1157 315 1268 349 modo
1286 326 1293 349 :
1341 315 1375 348 T
1371 326 1406 356 u,
1429 314 1581 358 Cherub,

255 379 425 410 extentus
453 379 489 409 et
504 377 732 420 protegens;
764 378 799 408 et
821 375 938 419 posui
963 377 997 407 te
1026 375 1067 407 z'n
1101 378 1222 407 monte
1253 377 1380 407 sancto
1410 373 1486 406 Dei
1499 385 1512 406 .·
1541 374 1582 406 in

255 432 374 467 medio
398 433 569 477 lapidum
595 434 803 478 zgnz'torum
831 432 1042 465 ambulasti.
1093 432 1285 475 Perfectus
1310 433 1350 465 in
1373 432 1449 464 viis
1466 431 1543 464 luis
1560 443 1583 464 a

254 492 314 525 die
330 491 552 525 condicionis
571 495 642 534 tue,
667 491 778 525 donec
792 491 950 523 inventa
967 494 1021 523 est
1037 491 1223 533 iniquitas
1245 491 1287 523 in
1307 493 1352 523 te.
1387 490 1435 522 In
1453 489 1583 522 multi-

224 568 241 600 5
256 549 385 583 tudine
409 549 675 593 negocz'acz'onzk
699 552 762 582 tue
785 547 926 592 repleta
950 551 1041 581 sunt
1063 548 1245 581 interiora
1268 551 1335 580 tua
1358 547 1585 590 iniquitate,-

217 617 244 646 ο
257 611 293 641 et
314 608 500 651 peccasti:
524 610 560 640 et
584 608 672 640 eieci
699 610 733 639 te
757 606 801 639 de
824 609 945 639 monte
969 609 1094 639 sancto
1117 601 1203 639 Dei.
1249 605 1325 640 Ubi
1349 605 1440 639 satis
1464 605 1480 623 '¹‘
1498 611 1584 649 apte

257 665 418 699 innuitur
450 665 551 709 quod
584 670 784 708 antequam
817 662 985 708 peccavit
1012 663 1214 697 mortaliter
1243 670 1279 697 et
1306 662 1479 697 interiora
1505 662 1583 697 eius

255 729 359 757 erant
393 722 586 767 iniquitate
613 722 766 766 repleta,
796 732 869 755 non
896 721 1013 755 solum
1040 721 1341 764 negociacionem
1375 727 1429 755 set
1463 720 1584 754 multi-

255 781 423 815 tudinem
445 779 717 824 negociacionis
739 779 933 822 excercuit,
962 779 1023 813 ubi
1041 778 1195 813 verbum
1213 780 1480 824 negocz'acz'onzk
1497 789 1584 812 auc-

205 851 243 872 10
255 839 440 874 toritatem
459 838 513 872 sui
532 838 683 872 dominii
703 849 811 882 super
830 837 1046 872 intrinsecos
1073 844 1176 872 actus
1197 837 1472 881 negociacionis
1491 837 1585 871 illius

256 903 426 942 patenter
458 895 628 930 ostendit.
681 896 744 930 Set
778 895 864 940 quia
889 895 987 930 istud
1014 895 1219 930 dominium
1252 906 1326 930 non
1359 902 1479 940 potest
1505 894 1586 940 quis

256 954 357 989 alteri
384 953 657 988 communicare
682 953 840 998 proprie,
866 965 935 988 nec
961 953 1156 998 quisquam
1189 954 1262 988 tale
1298 953 1503 987 dominium
1537 954 1585 987 ab

256 1012 328 1047 alio
354 1012 453 1057 cupit
478 1011 656 1056 accipere,
684 1011 821 1046 scilicet
849 1011 1129 1046 intrinsecorum
1163 1018 1311 1046 actuum
1344 1011 1459 1046 menti
1494 1022 1584 1052 sue;

257 1070 340 1105 ideo
358 1070 404 1105 de
422 1070 502 1115 ipso
520 1081 595 1104 non
613 1081 785 1113 urgemur
801 1070 872 1104 hoc
890 1070 971 1104 loco
989 1069 1155 1104 diffusius
1174 1070 1373 1115 disputare.

205 1196 241 1227 15
306 1185 536 1219 IOHANNES.
563 1183 663 1218 Satis
692 1190 819 1228 aperte
849 1183 1038 1228 conspicio
1064 1184 1163 1228 quod
1195 1185 1300 1218 Deus
1325 1195 1347 1218 a
1373 1184 1481 1218 rebus
1507 1195 1585 1217 ma·
1600 1186 1713 1220 XIII.

256 1242 429 1276 nentibus
455 1253 527 1275 non
546 1248 667 1286 potest
686 1241 891 1276 dominium
910 1253 1015 1276 suum
1033 1242 1207 1276 abdicare
1224 1253 1232 1285 3
1251 1249 1286 1276 et
1304 1242 1374 1276 hoc
1393 1241 1587 1286 provenire

39 1307 96 1337 dia
113 1314 141 1336 M
157 1316 164 1337 ε
257 1300 410 1334 attendo
428 1311 472 1334 ex
490 1311 557 1334 sua
582 1299 828 1344 omnipotenti
846 1300 990 1335 virtute.
1033 1300 1107 1334 Dic
1126 1300 1172 1335 de
1198 1300 1436 1344 possessione
1463 1299 1589 1334 divina
1601 1306 1642 1346 Of
1652 1307 1738 1333 God’s
1747 1312 1852 1339 posses-

39 1350 122 1381 (ἶῆῑά
139 1357 169 1381 B.
257 1357 412 1403 qualiter
428 1358 536 1402 pleno
552 1357 627 1392 iure
644 1358 800 1392 habetur
817 1370 839 1392 a
858 1359 951 1392 Deo.
1600 1349 1650 1372 Μ’

40 1433 80 1464 d?
93 1441 123 1465 B·
303 1417 531 1450 RICARDUS.
583 1416 677 1449 Puto
691 1427 766 1449 non
779 1415 937 1459 ambigis
954 1415 1039 1461 quin
1059 1415 1230 1450 dominus
1242 1415 1293 1451 rei
1312 1416 1488 1460 cuiusque
1510 1427 1589 1450 rem

205 1485 245 1506 20
258 1473 378 1518 ipsam
406 1473 539 1508 debeat
569 1473 768 1518 possidere,
801 1485 886 1508 cum
913 1474 1102 1518 possessio
1133 1474 1179 1508 sit
1209 1474 1348 1509 fructus
1383 1474 1444 1519 qui
1476 1474 1588 1509 habet

258 1531 361 1576 sequi
388 1531 595 1565 dominium
613 1544 621 1573 ;
648 1543 732 1566 eum
753 1532 875 1566 nullus
896 1543 974 1567 rem
999 1532 1102 1567 cuius
1125 1533 1218 1566 alter
1241 1538 1297 1567 est
1315 1531 1500 1575 dominus,
1519 1531 1590 1566 nisi

255 1589 347 1624 forte
389 1589 607 1624 auctoritate
648 1600 715 1623 sua
755 1595 818 1623 aut
860 1590 968 1634 culpa
1002 1601 1068 1624 sua
1100 1596 1342 1635 promerente,
1376 1589 1591 1634 regulariter

258 1648 392 1682 debeat
408 1646 600 1691 possidere
615 1648 673 1681 vel
686 1647 813 1692 possit,
833 1647 914 1692 ipso
931 1649 1090 1690 nolente,
1110 1647 1187 1682 sine
1208 1647 1287 1682 eius
1307 1647 1459 1691 iniuria;
1487 1654 1522 1682 et
1541 1647 1589 1682 ob

258 1706 339 1749 hoc,
359 1705 444 1750 quia
461 1706 611 1749 plenum
629 1704 684 1740 ius
702 1705 813 1740 habet
831 1705 995 1749 dominii,
1013 1706 1126 1740 habet
1146 1706 1200 1740 ius
1218 1706 1368 1750 plenum
1386 1712 1421 1740 et
1439 1706 1589 1750 plenum

206 1766 244 1798 25
258 1763 403 1798 titulum
423 1763 650 1808 possidendi,
669 1769 705 1797 et
722 1763 839 1798 eciam
855 1763 913 1798 ius
932 1764 1070 1798 utendi.

307 1823 395 1856 IOH.
425 1821 486 1856 Sic
517 1832 599 1856 esse
629 1821 828 1866 conspicio.
883 1822 963 1856 Iam
992 1822 1088 1856 hanc
1118 1833 1241 1857 rerum
1267 1821 1542 1867 possessionem
1568 1833 1590 1857 a

259 1880 342 1914 Deo
360 1879 538 1913 describe.

307 1938 392 1972 RIC.
422 1936 517 1971 Mihi
534 1936 678 1971 videtur
696 1937 768 1971 Dei
786 1937 972 1982 possessio
999 1937 1050 1972 ita
1072 1943 1156 1982 apte
1173 1949 1284 1983 posse
1302 1937 1471 1980 describi,
1490 1938 1589 1983 quod
1601 1939 1694 1966 which
1707 1940 1789 1979 isfihe

257 2000 317 2030 est
334 1994 543 2029 voluntaria
560 2001 669 2039 atque
686 1995 848 2039 perfecta
865 2006 931 2029 seu
953 1995 1065 2040 plena
1083 1995 1251 2030 custodia
1269 2007 1333 2030 seu
1351 1996 1589 2030 conservacio
1601 1974 1851 2034 ἶῖῗζεῖῖὲιιῗὲηὲἓὲ]

207 2063 248 2094 30
260 2052 387 2087 mundi
406 2065 428 2087 a
446 2053 530 2087 Deo
553 2064 561 2096 3
587 2052 637 2086 ita
654 2053 753 2097 quod
770 2053 939 2087 custodia
958 2053 1003 2087 sit
1020 2053 1265 2097 possessionis
1282 2065 1399 2097 genus
1417 2060 1453 2088 et
1470 2059 1588 2088 totum
1601 2041 1649 2067 the
1662 2042 1758 2074 ‘vorm’

259 2110 447 2145 residuum
458 2111 539 2145 1000
558 2110 768 2145 differencie
783 2110 966 2155 specialis.
1016 2112 1074 2145 Tu
1092 2111 1384 2156 descripcionem
1399 2111 1507 2146 istam
1522 2111 1587 2146 im-

259 2180 394 2213 pugna.

310 2228 399 2261 IOH.
426 2227 483 2260 Ex
500 2237 572 2271 quo
586 2237 643 2261 res
657 2225 871 2261 naturaliter
883 2233 1146 2271 supportantur
1159 2238 1181 2261 a
1199 2228 1282 2262 Deo
1296 2238 1343 2262 ne
1358 2227 1393 2262 in
1410 2227 1588 2262 nichilum

262 2284 450 2327 decidant,
481 2295 555 2318 non
582 2290 637 2318 est
668 2283 739 2318 ista
772 2284 943 2318 custodia
969 2296 1090 2319 rerum
1119 2284 1336 2328 voluntaria,
1369 2292 1425 2320 set
1459 2285 1587 2330 pocius

208 2349 246 2381 35
261 2342 449 2377 naturalis.

309 2402 396 2434 RIC.
424 2401 528 2434 Deus
553 2399 768 2434 naturaliter
791 2410 865 2434 non
892 2399 967 2444 agit
994 2400 1166 2443 adextra3
1193 2400 1356 2445 alioquin
1386 2400 1434 2434 ab
1460 2406 1587 2435 eterno
1600 2406 1750 2440 voluntary

261 2457 396 2501 egisset
414 2458 575 2500 adextra,
590 2468 673 2491 cum
686 2457 800 2491 nichil
812 2457 862 2491 illi
877 2457 1097 2502 prestitisset
1111 2458 1419 2502 impedimentum
1433 2458 1585 2502 agendi:

262 2523 298 2550 et
323 2516 370 2550 ob
396 2516 467 2549 hoc
493 2527 566 2549 non
592 2515 805 2549 naturaliter
823 2522 877 2550 set
895 2515 1098 2549 voluntarie
1117 2527 1174 2549 res
1193 2515 1363 2559 custodit,
1383 2522 1587 2558 conservat,

262 2573 486 2616 detinet,seu
498 2579 698 2616 sustentat;
719 2572 887 2617 quamvis
903 2572 955 2607 sic
967 2573 1211 2607 custodiendo
1224 2584 1370 2607 cursum
1382 2574 1587 2608 naturalem

208 2644 250 2676 40
263 2630 391 2665 mundi
418 2630 535 2664 tocius
564 2630 713 2674 impleat
736 2636 846 2675 atque
875 2630 1053 2675 perficiat,
1081 2630 1173 2664 sicut
1196 2630 1400 2665 voluntarie
1429 2631 1588 2665 creando

264 2687 433 2722 instituit.

313 2746 402 2780 IOH.
428 2745 592 2780 Adverto
624 2750 742 2779 totum
775 2756 856 2779 esse
888 2746 970 2780 Deo
995 2745 1250 2787 voluntarium,
1277 2745 1451 2790 quicquid
1477 2752 1586 2790 agat3

266 2803 433 2847 quamvis
462 2814 527 2838 sua
553 2803 666 2847 accio,
694 2810 871 2848 tanquam
889 2803 990 2838 accio
1009 2803 1180 2838 Auctoris
1201 2810 1330 2838 nature
1350 2815 1471 2839 rerum
1489 2815 1590 2839 crea—
