<?xml version="1.0" encoding="UTF-8"?>
<!DOCTYPE html PUBLIC "-//W3C//DTD XHTML 1.0 Transitional//EN"
    "http://www.w3.org/TR/xhtml1/DTD/xhtml1-transitional.dtd">
<html xmlns="http://www.w3.org/1999/xhtml" xml:lang="en" lang="en">
 <head>
  <title>
</title>
<meta http-equiv="Content-Type" content="text/html;charset=utf-8" />
  <meta name='ocr-system' content='tesseract 3.04.00' />
  <meta name='ocr-capabilities' content='ocr_page ocr_carea ocr_par ocr_line ocrx_word'/>
</head>
<body>
  <div class='ocr_page' id='page_1' title='image "./dedominiodivinol00wycl_0111.png"; bbox 0 0 2008 3305; ppageno 0'>
   <div class='ocr_carea' id='block_1_1' title="bbox 243 184 1843 244">
    <p class='ocr_par' dir='ltr' id='par_1_1' title="bbox 243 184 1843 244">
     <span class='ocr_line' id='line_1_1' title="bbox 243 184 1843 244; baseline 0.004 -17"><span class='ocrx_word' id='word_1_1' title='bbox 243 199 327 228; x_wconf 84' lang='lat' dir='ltr'>CAP.</span> <span class='ocrx_word' id='word_1_2' title='bbox 352 184 428 244; x_wconf 67' lang='grc' dir='ltr'>Ιχ]</span> <span class='ocrx_word' id='word_1_3' title='bbox 721 198 862 230; x_wconf 81' lang='lat' dir='ltr'><strong>LIBER</strong></span> <span class='ocrx_word' id='word_1_4' title='bbox 894 198 1090 231; x_wconf 79' lang='lat' dir='ltr'>PRIMUS.</span> <span class='ocrx_word' id='word_1_5' title='bbox 1789 189 1843 234; x_wconf 87' lang='grc'>55</span> 
     </span>
    </p>
   </div>
   <div class='ocr_carea' id='block_1_2' title="bbox 129 310 1570 1699">
    <p class='ocr_par' dir='ltr' id='par_1_2' title="bbox 129 310 1570 1699">
     <span class='ocr_line' id='line_1_2' title="bbox 129 310 1563 362; baseline 0 -16"><span class='ocrx_word' id='word_1_6' title='bbox 129 314 223 356; x_wconf 87' lang='grc' dir='ltr'>18Β]</span> <span class='ocrx_word' id='word_1_7' title='bbox 237 324 354 349; x_wconf 77' lang='lat' dir='ltr'>omnes</span> <span class='ocrx_word' id='word_1_8' title='bbox 388 310 687 361; x_wconf 80' lang='lat' dir='ltr'>vz‘vzficabunlur.</span> <span class='ocrx_word' id='word_1_9' title='bbox 745 311 834 362; x_wconf 88' lang='lat' dir='ltr'>Ipse</span> <span class='ocrx_word' id='word_1_10' title='bbox 858 313 962 350; x_wconf 90' lang='lat' dir='ltr'>enim</span> <span class='ocrx_word' id='word_1_11' title='bbox 987 320 1044 350; x_wconf 89' lang='lat' dir='ltr'>est</span> <span class='ocrx_word' id='word_1_12' title='bbox 1068 318 1174 362; x_wconf 91' lang='lat' dir='ltr'>pater</span> <span class='ocrx_word' id='word_1_13' title='bbox 1203 311 1363 348; x_wconf 88' lang='lat' dir='ltr'>infectus</span> <span class='ocrx_word' id='word_1_14' title='bbox 1390 310 1563 348; x_wconf 89' lang='lat' dir='ltr'>omnium</span> 
     </span>
     <span class='ocr_line' id='line_1_3' title="bbox 237 379 1564 432; baseline -0.003 -13"><span class='ocrx_word' id='word_1_15' title='bbox 237 381 503 431; x_wconf 84' lang='lat' dir='ltr'>posteriorum,</span> <span class='ocrx_word' id='word_1_16' title='bbox 520 388 561 419; x_wconf 90' lang='lat' dir='ltr'>ut</span> <span class='ocrx_word' id='word_1_17' title='bbox 578 387 682 431; x_wconf 88' lang='lat' dir='ltr'>patet</span> <span class='ocrx_word' id='word_1_18' title='bbox 702 395 720 419; x_wconf 89' lang='lat'><strong>2</strong></span> <span class='ocrx_word' id='word_1_19' title='bbox 745 382 843 432; x_wconf 88' lang='lat' dir='ltr'>Reg.</span> <span class='ocrx_word' id='word_1_20' title='bbox 859 383 918 420; x_wconf 92' lang='lat' dir='ltr'>vii.</span> <span class='ocrx_word' id='word_1_21' title='bbox 944 395 1002 430; x_wconf 89' lang='lat'>14,</span> <span class='ocrx_word' id='word_1_22' title='bbox 1025 382 1129 421; x_wconf 92' lang='lat' dir='ltr'>Eccl.</span> <span class='ocrx_word' id='word_1_23' title='bbox 1149 382 1209 428; x_wconf 66' lang='lat' dir='ltr'>iv„</span> <span class='ocrx_word' id='word_1_24' title='bbox 1231 381 1350 419; x_wconf 90' lang='lat' dir='ltr'>Eccli.</span> <span class='ocrx_word' id='word_1_25' title='bbox 1370 380 1420 417; x_wconf 84' lang='lat' dir='ltr'>xl.</span> <span class='ocrx_word' id='word_1_26' title='bbox 1447 393 1478 426; x_wconf 94' lang='lat'>1,</span> <span class='ocrx_word' id='word_1_27' title='bbox 1499 379 1564 416; x_wconf 90' lang='lat' dir='ltr'>ubi</span> 
     </span>
     <span class='ocr_line' id='line_1_4' title="bbox 237 451 1568 502; baseline -0.002 -13"><span class='ocrx_word' id='word_1_28' title='bbox 237 452 372 490; x_wconf 91' lang='lat' dir='ltr'>dicitur</span> <span class='ocrx_word' id='word_1_29' title='bbox 391 451 496 501; x_wconf 90' lang='lat' dir='ltr'>quod</span> <span class='ocrx_word' id='word_1_30' title='bbox 521 451 722 501; x_wconf 81' lang='lat' dir='ltr'>Occupacz&#39;o</span> <span class='ocrx_word' id='word_1_31' title='bbox 742 466 880 502; x_wconf 80' lang='lat' dir='ltr'>magna</span> <span class='ocrx_word' id='word_1_32' title='bbox 900 458 1025 491; x_wconf 79' lang='lat' dir='ltr'>creata</span> <span class='ocrx_word' id='word_1_33' title='bbox 1045 457 1098 491; x_wconf 77' lang='lat' dir='ltr'>est</span> <span class='ocrx_word' id='word_1_34' title='bbox 1113 453 1278 490; x_wconf 81' lang='lat' dir='ltr'>omnibus</span> <span class='ocrx_word' id='word_1_35' title='bbox 1296 451 1513 496; x_wconf 78' lang='lat' dir='ltr'>hominibus,</span> <span class='ocrx_word' id='word_1_36' title='bbox 1534 454 1568 487; x_wconf 78' lang='lat' dir='ltr'>el</span> 
     </span>
     <span class='ocr_line' id='line_1_5' title="bbox 236 521 1563 572; baseline -0.001 -14"><span class='ocrx_word' id='word_1_37' title='bbox 236 523 364 571; x_wconf 78' lang='lat' dir='ltr'>iugum</span> <span class='ocrx_word' id='word_1_38' title='bbox 379 534 500 571; x_wconf 79' lang='lat' dir='ltr'>grave</span> <span class='ocrx_word' id='word_1_39' title='bbox 514 528 622 570; x_wconf 77' lang='lat' dir='ltr'>super</span> <span class='ocrx_word' id='word_1_40' title='bbox 623 523 729 572; x_wconf 76' lang='lat' dir='ltr'>filios</span> <span class='ocrx_word' id='word_1_41' title='bbox 743 522 882 560; x_wconf 78' lang='lat' dir='ltr'>Adam.</span> <span class='ocrx_word' id='word_1_42' title='bbox 938 523 988 561; x_wconf 90' lang='lat' dir='ltr'>Et</span> <span class='ocrx_word' id='word_1_43' title='bbox 1002 523 1200 561; x_wconf 86' lang='lat' dir='ltr'>consimile</span> <span class='ocrx_word' id='word_1_44' title='bbox 1221 528 1325 572; x_wconf 87' lang='lat' dir='ltr'>patet</span> <span class='ocrx_word' id='word_1_45' title='bbox 1341 521 1445 560; x_wconf 89' lang='lat' dir='ltr'>Ozee</span> <span class='ocrx_word' id='word_1_46' title='bbox 1461 521 1510 558; x_wconf 84' lang='lat' dir='ltr'>xi.</span> <span class='ocrx_word' id='word_1_47' title='bbox 1532 533 1563 566; x_wconf 93' lang='lat'>1,</span> 
     </span>
     <span class='ocr_line' id='line_1_6' title="bbox 206 592 1565 643; baseline -0.003 -11"><span class='ocrx_word' id='word_1_48' title='bbox 206 600 223 632; x_wconf 89' lang='lat'>5</span> <span class='ocrx_word' id='word_1_49' title='bbox 236 598 273 631; x_wconf 93' lang='lat' dir='ltr'>et</span> <span class='ocrx_word' id='word_1_50' title='bbox 292 592 430 642; x_wconf 88' lang='lat' dir='ltr'>pluries</span> <span class='ocrx_word' id='word_1_51' title='bbox 450 592 488 629; x_wconf 88' lang='lat' dir='ltr'>in</span> <span class='ocrx_word' id='word_1_52' title='bbox 510 593 704 642; x_wconf 85' lang='lat' dir='ltr'>Scriptura</span> <span class='ocrx_word' id='word_1_53' title='bbox 724 605 842 643; x_wconf 86' lang='lat' dir='ltr'>quam</span> <span class='ocrx_word' id='word_1_54' title='bbox 861 593 923 632; x_wconf 91' lang='lat' dir='ltr'>hic</span> <span class='ocrx_word' id='word_1_55' title='bbox 943 594 1098 643; x_wconf 84' lang='lat' dir='ltr'>expedit</span> <span class='ocrx_word' id='word_1_56' title='bbox 1118 594 1286 632; x_wconf 89' lang='lat' dir='ltr'>recitare.</span> <span class='ocrx_word' id='word_1_57' title='bbox 1334 592 1565 630; x_wconf 89' lang='lat' dir='ltr'>Communis</span> 
     </span>
     <span class='ocr_line' id='line_1_7' title="bbox 237 662 1565 714; baseline -0.001 -15"><span class='ocrx_word' id='word_1_58' title='bbox 237 675 329 713; x_wconf 86' lang='lat' dir='ltr'>ergo</span> <span class='ocrx_word' id='word_1_59' title='bbox 355 663 562 712; x_wconf 88' lang='lat' dir='ltr'>paternitas</span> <span class='ocrx_word' id='word_1_60' title='bbox 583 663 630 701; x_wconf 89' lang='lat' dir='ltr'>ad</span> <span class='ocrx_word' id='word_1_61' title='bbox 651 664 845 701; x_wconf 89' lang='lat' dir='ltr'>obiectum</span> <span class='ocrx_word' id='word_1_62' title='bbox 865 671 922 702; x_wconf 87' lang='lat' dir='ltr'>est</span> <span class='ocrx_word' id='word_1_63' title='bbox 943 665 1111 714; x_wconf 85' lang='lat' dir='ltr'>quelibet</span> <span class='ocrx_word' id='word_1_64' title='bbox 1131 663 1332 713; x_wconf 88' lang='lat' dir='ltr'>singularis</span> <span class='ocrx_word' id='word_1_65' title='bbox 1357 662 1565 712; x_wconf 86' lang='lat' dir='ltr'>paternitas</span> 
     </span>
     <span class='ocr_line' id='line_1_8' title="bbox 236 732 1565 784; baseline -0.001 -14"><span class='ocrx_word' id='word_1_66' title='bbox 236 733 356 783; x_wconf 90' lang='lat' dir='ltr'>ipsius</span> <span class='ocrx_word' id='word_1_67' title='bbox 375 732 503 770; x_wconf 91' lang='lat' dir='ltr'>Adam</span> <span class='ocrx_word' id='word_1_68' title='bbox 524 734 572 771; x_wconf 87' lang='lat' dir='ltr'>ad</span> <span class='ocrx_word' id='word_1_69' title='bbox 595 734 714 771; x_wconf 91' lang='lat' dir='ltr'>filium</span> <span class='ocrx_word' id='word_1_70' title='bbox 739 734 971 784; x_wconf 81' lang='lat' dir='ltr'>singularem</span> <span class='ocrx_word' id='word_1_71' title='bbox 988 747 997 781; x_wconf 89' lang='grc'><strong>;</strong></span> <span class='ocrx_word' id='word_1_72' title='bbox 1029 741 1066 772; x_wconf 89' lang='lat' dir='ltr'>et</span> <span class='ocrx_word' id='word_1_73' title='bbox 1085 741 1217 772; x_wconf 88' lang='lat' dir='ltr'>tamen</span> <span class='ocrx_word' id='word_1_74' title='bbox 1237 733 1450 772; x_wconf 85' lang='lat' dir='ltr'>secundum</span> <span class='ocrx_word' id='word_1_75' title='bbox 1470 733 1565 770; x_wconf 88' lang='lat' dir='ltr'>raci-</span> 
     </span>
     <span class='ocr_line' id='line_1_9' title="bbox 236 803 1565 854; baseline -0.002 -12"><span class='ocrx_word' id='word_1_76' title='bbox 236 816 353 843; x_wconf 88' lang='lat' dir='ltr'>onem</span> <span class='ocrx_word' id='word_1_77' title='bbox 379 803 632 853; x_wconf 82' lang='lat' dir='ltr'>distinguitur,</span> <span class='ocrx_word' id='word_1_78' title='bbox 656 805 754 842; x_wconf 88' lang='lat' dir='ltr'>sicut</span> <span class='ocrx_word' id='word_1_79' title='bbox 774 805 988 843; x_wconf 89' lang='lat' dir='ltr'>universale</span> <span class='ocrx_word' id='word_1_80' title='bbox 1015 805 1258 854; x_wconf 84' lang='lat' dir='ltr'>distinguitur</span> <span class='ocrx_word' id='word_1_81' title='bbox 1279 817 1301 842; x_wconf 91' lang='lat' dir='ltr'>a</span> <span class='ocrx_word' id='word_1_82' title='bbox 1322 816 1393 842; x_wconf 87' lang='lat' dir='ltr'>suo</span> <span class='ocrx_word' id='word_1_83' title='bbox 1420 814 1565 852; x_wconf 88' lang='lat' dir='ltr'>suppo-</span> 
     </span>
     <span class='ocr_line' id='line_1_10' title="bbox 237 874 1565 924; baseline -0.002 -12"><span class='ocrx_word' id='word_1_84' title='bbox 237 874 309 912; x_wconf 87' lang='lat' dir='ltr'>sito</span> <span class='ocrx_word' id='word_1_85' title='bbox 323 887 330 910; x_wconf 89' lang='lat'>:</span> <span class='ocrx_word' id='word_1_86' title='bbox 347 880 384 911; x_wconf 88' lang='lat' dir='ltr'>et</span> <span class='ocrx_word' id='word_1_87' title='bbox 397 874 742 924; x_wconf 89' lang='lat' dir='ltr'>correspondenter</span> <span class='ocrx_word' id='word_1_88' title='bbox 756 875 803 913; x_wconf 92' lang='lat' dir='ltr'>de</span> <span class='ocrx_word' id='word_1_89' title='bbox 815 874 1104 913; x_wconf 84' lang='lat' dir='ltr'>habitudinibus</span> <span class='ocrx_word' id='word_1_90' title='bbox 1117 875 1263 913; x_wconf 89' lang='lat' dir='ltr'>domini</span> <span class='ocrx_word' id='word_1_91' title='bbox 1277 881 1333 912; x_wconf 88' lang='lat' dir='ltr'>est</span> <span class='ocrx_word' id='word_1_92' title='bbox 1346 874 1565 912; x_wconf 87' lang='lat' dir='ltr'>dicendum.</span> 
     </span>
     <span class='ocr_line' id='line_1_11' title="bbox 187 944 1567 995; baseline -0.002 -12"><span class='ocrx_word' id='word_1_93' title='bbox 187 961 226 983; x_wconf 92' lang='lat'>10</span> <span class='ocrx_word' id='word_1_94' title='bbox 238 944 309 982; x_wconf 91' lang='lat' dir='ltr'>Est</span> <span class='ocrx_word' id='word_1_95' title='bbox 336 944 440 981; x_wconf 89' lang='lat' dir='ltr'>enim</span> <span class='ocrx_word' id='word_1_96' title='bbox 466 956 543 982; x_wconf 88' lang='lat' dir='ltr'>una</span> <span class='ocrx_word' id='word_1_97' title='bbox 574 945 795 983; x_wconf 90' lang='lat' dir='ltr'>communis</span> <span class='ocrx_word' id='word_1_98' title='bbox 821 945 987 995; x_wconf 91' lang='lat' dir='ltr'>adopcio</span> <span class='ocrx_word' id='word_1_99' title='bbox 1017 945 1225 995; x_wconf 82' lang='lat' dir='ltr'>paternalis</span> <span class='ocrx_word' id='word_1_100' title='bbox 1249 957 1323 995; x_wconf 91' lang='lat' dir='ltr'>que</span> <span class='ocrx_word' id='word_1_101' title='bbox 1353 950 1410 982; x_wconf 86' lang='lat' dir='ltr'>est</span> <span class='ocrx_word' id='word_1_102' title='bbox 1440 944 1567 982; x_wconf 90' lang='lat' dir='ltr'>omnis</span> 
     </span>
     <span class='ocr_line' id='line_1_12' title="bbox 237 1014 1567 1065; baseline -0.001 -13"><span class='ocrx_word' id='word_1_103' title='bbox 237 1015 311 1053; x_wconf 91' lang='lat' dir='ltr'>Dei</span> <span class='ocrx_word' id='word_1_104' title='bbox 331 1014 510 1064; x_wconf 84' lang='lat' dir='ltr'>adopcio.</span> <span class='ocrx_word' id='word_1_105' title='bbox 557 1014 837 1053; x_wconf 84' lang='lat' dir='ltr'>Verumtamen</span> <span class='ocrx_word' id='word_1_106' title='bbox 857 1021 1004 1053; x_wconf 89' lang='lat' dir='ltr'>tenetur</span> <span class='ocrx_word' id='word_1_107' title='bbox 1017 1016 1273 1053; x_wconf 91' lang='lat' dir='ltr'>communiter</span> <span class='ocrx_word' id='word_1_108' title='bbox 1292 1015 1400 1065; x_wconf 87' lang='lat' dir='ltr'>quod</span> <span class='ocrx_word' id='word_1_109' title='bbox 1415 1021 1567 1052; x_wconf 87' lang='lat' dir='ltr'>tantum</span> 
     </span>
     <span class='ocr_line' id='line_1_13' title="bbox 238 1084 1566 1135; baseline -0.001 -13"><span class='ocrx_word' id='word_1_110' title='bbox 238 1097 316 1122; x_wconf 90' lang='lat' dir='ltr'>una</span> <span class='ocrx_word' id='word_1_111' title='bbox 341 1092 399 1123; x_wconf 92' lang='lat' dir='ltr'>est</span> <span class='ocrx_word' id='word_1_112' title='bbox 419 1085 627 1134; x_wconf 89' lang='lat' dir='ltr'>paternitas</span> <span class='ocrx_word' id='word_1_113' title='bbox 651 1084 739 1132; x_wconf 93' lang='lat' dir='ltr'>Dei,</span> <span class='ocrx_word' id='word_1_114' title='bbox 761 1085 856 1123; x_wconf 89' lang='lat' dir='ltr'>sicut</span> <span class='ocrx_word' id='word_1_115' title='bbox 876 1092 913 1123; x_wconf 90' lang='lat' dir='ltr'>et</span> <span class='ocrx_word' id='word_1_116' title='bbox 932 1098 1010 1123; x_wconf 88' lang='lat' dir='ltr'>una</span> <span class='ocrx_word' id='word_1_117' title='bbox 1036 1086 1174 1124; x_wconf 86' lang='lat' dir='ltr'>filiacio</span> <span class='ocrx_word' id='word_1_118' title='bbox 1195 1086 1324 1135; x_wconf 87' lang='lat' dir='ltr'>quoad</span> <span class='ocrx_word' id='word_1_119' title='bbox 1345 1085 1542 1123; x_wconf 86' lang='lat' dir='ltr'>Christum</span> <span class='ocrx_word' id='word_1_120' title='bbox 1557 1097 1566 1131; x_wconf 81' lang='lat'><em>3</em></span> 
     </span>
     <span class='ocr_line' id='line_1_14' title="bbox 239 1155 1568 1206; baseline -0.002 -12"><span class='ocrx_word' id='word_1_121' title='bbox 239 1168 328 1194; x_wconf 92' lang='lat' dir='ltr'>cum</span> <span class='ocrx_word' id='word_1_122' title='bbox 356 1162 504 1195; x_wconf 84' lang='lat' dir='ltr'>tantum</span> <span class='ocrx_word' id='word_1_123' title='bbox 535 1155 583 1194; x_wconf 89' lang='lat' dir='ltr'>sit</span> <span class='ocrx_word' id='word_1_124' title='bbox 611 1167 689 1193; x_wconf 89' lang='lat' dir='ltr'>una</span> <span class='ocrx_word' id='word_1_125' title='bbox 717 1167 883 1205; x_wconf 87' lang='lat' dir='ltr'>persona</span> <span class='ocrx_word' id='word_1_126' title='bbox 903 1156 1068 1206; x_wconf 87' lang='lat' dir='ltr'>gignens</span> <span class='ocrx_word' id='word_1_127' title='bbox 1092 1162 1235 1202; x_wconf 91' lang='lat' dir='ltr'>eterna,</span> <span class='ocrx_word' id='word_1_128' title='bbox 1258 1163 1295 1194; x_wconf 89' lang='lat' dir='ltr'>et</span> <span class='ocrx_word' id='word_1_129' title='bbox 1321 1162 1470 1193; x_wconf 88' lang='lat' dir='ltr'>tantum</span> <span class='ocrx_word' id='word_1_130' title='bbox 1490 1167 1568 1192; x_wconf 91' lang='lat' dir='ltr'>una</span> 
     </span>
     <span class='ocr_line' id='line_1_15' title="bbox 237 1225 1568 1276; baseline -0.002 -12"><span class='ocrx_word' id='word_1_131' title='bbox 237 1238 403 1276; x_wconf 86' lang='lat' dir='ltr'>persona</span> <span class='ocrx_word' id='word_1_132' title='bbox 431 1226 581 1276; x_wconf 88' lang='lat' dir='ltr'>genita:</span> <span class='ocrx_word' id='word_1_133' title='bbox 621 1238 752 1263; x_wconf 90' lang='lat' dir='ltr'>verum</span> <span class='ocrx_word' id='word_1_134' title='bbox 781 1233 912 1264; x_wconf 87' lang='lat' dir='ltr'>tamen</span> <span class='ocrx_word' id='word_1_135' title='bbox 941 1226 1015 1265; x_wconf 89' lang='lat' dir='ltr'>alia</span> <span class='ocrx_word' id='word_1_136' title='bbox 1043 1226 1235 1265; x_wconf 90' lang='lat' dir='ltr'>filiacione</span> <span class='ocrx_word' id='word_1_137' title='bbox 1265 1232 1323 1264; x_wconf 92' lang='lat' dir='ltr'>est</span> <span class='ocrx_word' id='word_1_138' title='bbox 1352 1226 1451 1263; x_wconf 89' lang='lat' dir='ltr'>filius</span> <span class='ocrx_word' id='word_1_139' title='bbox 1479 1225 1568 1262; x_wconf 91' lang='lat' dir='ltr'>Vir-</span> 
     </span>
     <span class='ocr_line' id='line_1_16' title="bbox 188 1296 1568 1347; baseline -0.002 -10"><span class='ocrx_word' id='word_1_140' title='bbox 188 1314 225 1347; x_wconf 89' lang='lat'>15</span> <span class='ocrx_word' id='word_1_141' title='bbox 239 1297 339 1347; x_wconf 90' lang='lat' dir='ltr'>ginis</span> <span class='ocrx_word' id='word_1_142' title='bbox 364 1303 401 1334; x_wconf 89' lang='lat' dir='ltr'>et</span> <span class='ocrx_word' id='word_1_143' title='bbox 426 1297 500 1334; x_wconf 89' lang='lat' dir='ltr'>alia</span> <span class='ocrx_word' id='word_1_144' title='bbox 525 1296 671 1345; x_wconf 87' lang='lat' dir='ltr'>Ioseph</span> <span class='ocrx_word' id='word_1_145' title='bbox 700 1297 820 1346; x_wconf 88' lang='lat' dir='ltr'>patris</span> <span class='ocrx_word' id='word_1_146' title='bbox 848 1297 1023 1346; x_wconf 88' lang='lat' dir='ltr'>legittimi</span> <span class='ocrx_word' id='word_1_147' title='bbox 1052 1297 1224 1347; x_wconf 90' lang='lat' dir='ltr'>putativi.</span> <span class='ocrx_word' id='word_1_148' title='bbox 1280 1297 1332 1334; x_wconf 88' lang='lat' dir='ltr'>Et</span> <span class='ocrx_word' id='word_1_149' title='bbox 1361 1297 1416 1335; x_wconf 93' lang='lat' dir='ltr'>sic</span> <span class='ocrx_word' id='word_1_150' title='bbox 1447 1297 1568 1334; x_wconf 88' lang='lat' dir='ltr'>tribus</span> 
     </span>
     <span class='ocr_line' id='line_1_17' title="bbox 238 1366 1569 1417; baseline -0.001 -12"><span class='ocrx_word' id='word_1_151' title='bbox 238 1367 493 1405; x_wconf 89' lang='lat' dir='ltr'>filiacionibus</span> <span class='ocrx_word' id='word_1_152' title='bbox 531 1366 693 1405; x_wconf 91' lang='lat' dir='ltr'>multum</span> <span class='ocrx_word' id='word_1_153' title='bbox 730 1367 928 1417; x_wconf 89' lang='lat' dir='ltr'>equivocis</span> <span class='ocrx_word' id='word_1_154' title='bbox 964 1374 1021 1405; x_wconf 90' lang='lat' dir='ltr'>est</span> <span class='ocrx_word' id='word_1_155' title='bbox 1059 1367 1232 1406; x_wconf 90' lang='lat' dir='ltr'>Christus</span> <span class='ocrx_word' id='word_1_156' title='bbox 1278 1367 1389 1414; x_wconf 88' lang='lat' dir='ltr'>filius,</span> <span class='ocrx_word' id='word_1_157' title='bbox 1429 1368 1569 1417; x_wconf 87' lang='lat' dir='ltr'>quibus</span> 
     </span>
     <span class='ocr_line' id='line_1_18' title="bbox 239 1437 1569 1488; baseline 0 -13"><span class='ocrx_word' id='word_1_158' title='bbox 239 1444 394 1488; x_wconf 89' lang='lat' dir='ltr'>propter</span> <span class='ocrx_word' id='word_1_159' title='bbox 414 1437 757 1487; x_wconf 91' lang='lat' dir='ltr'>equivocacionem</span> <span class='ocrx_word' id='word_1_160' title='bbox 774 1449 853 1475; x_wconf 90' lang='lat' dir='ltr'>non</span> <span class='ocrx_word' id='word_1_161' title='bbox 873 1444 930 1475; x_wconf 90' lang='lat' dir='ltr'>est</span> <span class='ocrx_word' id='word_1_162' title='bbox 948 1450 1026 1477; x_wconf 88' lang='lat' dir='ltr'>una</span> <span class='ocrx_word' id='word_1_163' title='bbox 1046 1438 1277 1476; x_wconf 91' lang='lat' dir='ltr'>communis.</span> <span class='ocrx_word' id='word_1_164' title='bbox 1334 1438 1385 1475; x_wconf 92' lang='lat' dir='ltr'>Et</span> <span class='ocrx_word' id='word_1_165' title='bbox 1408 1438 1462 1476; x_wconf 90' lang='lat' dir='ltr'>sic</span> <span class='ocrx_word' id='word_1_166' title='bbox 1484 1450 1569 1476; x_wconf 90' lang='lat' dir='ltr'>cor—</span> 
     </span>
     <span class='ocr_line' id='line_1_19' title="bbox 238 1507 1570 1559; baseline 0 -13"><span class='ocrx_word' id='word_1_167' title='bbox 238 1509 514 1558; x_wconf 89' lang='lat' dir='ltr'>respondenter</span> <span class='ocrx_word' id='word_1_168' title='bbox 528 1507 827 1557; x_wconf 82' lang='lat' dir='ltr'>multiplicantur</span> <span class='ocrx_word' id='word_1_169' title='bbox 846 1508 1058 1547; x_wconf 85' lang='lat' dir='ltr'>filiaciones</span> <span class='ocrx_word' id='word_1_170' title='bbox 1073 1509 1204 1559; x_wconf 90' lang='lat' dir='ltr'>quoad</span> <span class='ocrx_word' id='word_1_171' title='bbox 1224 1515 1352 1558; x_wconf 90' lang='lat' dir='ltr'>patres</span> <span class='ocrx_word' id='word_1_172' title='bbox 1368 1509 1570 1558; x_wconf 85' lang='lat' dir='ltr'>proximos</span> 
     </span>
     <span class='ocr_line' id='line_1_20' title="bbox 240 1578 1570 1628; baseline -0.001 -11"><span class='ocrx_word' id='word_1_173' title='bbox 240 1586 276 1617; x_wconf 91' lang='lat' dir='ltr'>et</span> <span class='ocrx_word' id='word_1_174' title='bbox 305 1586 487 1624; x_wconf 90' lang='lat' dir='ltr'>remotos,</span> <span class='ocrx_word' id='word_1_175' title='bbox 509 1579 606 1616; x_wconf 90' lang='lat' dir='ltr'>sicut</span> <span class='ocrx_word' id='word_1_176' title='bbox 635 1578 781 1616; x_wconf 92' lang='lat' dir='ltr'>dictum</span> <span class='ocrx_word' id='word_1_177' title='bbox 810 1585 868 1616; x_wconf 90' lang='lat' dir='ltr'>est</span> <span class='ocrx_word' id='word_1_178' title='bbox 891 1578 939 1616; x_wconf 91' lang='lat' dir='ltr'>de</span> <span class='ocrx_word' id='word_1_179' title='bbox 966 1579 1257 1628; x_wconf 85' lang='lat' dir='ltr'>paternitatibus</span> <span class='ocrx_word' id='word_1_180' title='bbox 1283 1579 1504 1618; x_wconf 85' lang='lat' dir='ltr'>correlatis:</span> <span class='ocrx_word' id='word_1_181' title='bbox 1533 1585 1570 1616; x_wconf 87' lang='lat' dir='ltr'>et</span> 
     </span>
     <span class='ocr_line' id='line_1_21' title="bbox 188 1648 1217 1699; baseline -0.005 -8"><span class='ocrx_word' id='word_1_182' title='bbox 188 1669 228 1691; x_wconf 90' lang='lat'>20</span> <span class='ocrx_word' id='word_1_183' title='bbox 242 1650 290 1688; x_wconf 92' lang='lat' dir='ltr'>de</span> <span class='ocrx_word' id='word_1_184' title='bbox 311 1649 392 1688; x_wconf 89' lang='lat' dir='ltr'>istis</span> <span class='ocrx_word' id='word_1_185' title='bbox 413 1655 517 1699; x_wconf 88' lang='lat' dir='ltr'>patet</span> <span class='ocrx_word' id='word_1_186' title='bbox 536 1654 695 1686; x_wconf 87' lang='lat' dir='ltr'>tractatu</span> <span class='ocrx_word' id='word_1_187' title='bbox 717 1648 765 1686; x_wconf 91' lang='lat' dir='ltr'>de</span> <span class='ocrx_word' id='word_1_188' title='bbox 786 1648 1068 1687; x_wconf 87' lang='lat' dir='ltr'>Incarnacione</span> <span class='ocrx_word' id='word_1_189' title='bbox 1087 1649 1217 1688; x_wconf 90' lang='lat' dir='ltr'>Verbi.</span> 
     </span>
    </p>
   </div>
   <div class='ocr_carea' id='block_1_3' title="bbox 201 1934 1137 1983">
    <p class='ocr_par' dir='ltr' id='par_1_3' title="bbox 201 1934 1137 1983">
     <span class='ocr_line' id='line_1_22' title="bbox 201 1934 1137 1983; baseline -0.002 -8"><span class='ocrx_word' id='word_1_190' title='bbox 201 1953 228 1983; x_wconf 85' lang='lat' dir='ltr'>G</span> <span class='ocrx_word' id='word_1_191' title='bbox 663 1934 681 1954; x_wconf 89' lang='lat'><strong><em>*</em></strong></span> <span class='ocrx_word' id='word_1_192' title='bbox 699 1935 1026 1974; x_wconf 90' lang='lat' dir='ltr'><strong>CAPITULUM</strong></span> <span class='ocrx_word' id='word_1_193' title='bbox 1068 1937 1137 1973; x_wconf 92' lang='lat' dir='ltr'>IX.</span> 
     </span>
    </p>
   </div>
   <div class='ocr_carea' id='block_1_4' title="bbox 294 2068 1854 2139">
    <p class='ocr_par' dir='ltr' id='par_1_4' title="bbox 294 2068 1854 2139">
     <span class='ocr_line' id='line_1_23' title="bbox 294 2068 1854 2139; baseline 0 -31"><span class='ocrx_word' id='word_1_194' title='bbox 294 2069 446 2108; x_wconf 86' lang='lat' dir='ltr'>TERCIo</span> <span class='ocrx_word' id='word_1_195' title='bbox 461 2068 721 2119; x_wconf 87' lang='lat' dir='ltr'>principaliter</span> <span class='ocrx_word' id='word_1_196' title='bbox 741 2069 905 2106; x_wconf 91' lang='lat' dir='ltr'>obicitur</span> <span class='ocrx_word' id='word_1_197' title='bbox 925 2081 992 2119; x_wconf 91' lang='lat' dir='ltr'>per</span> <span class='ocrx_word' id='word_1_198' title='bbox 1008 2069 1081 2108; x_wconf 91' lang='lat' dir='ltr'>hoc</span> <span class='ocrx_word' id='word_1_199' title='bbox 1098 2070 1203 2120; x_wconf 87' lang='lat' dir='ltr'>quod</span> <span class='ocrx_word' id='word_1_200' title='bbox 1224 2071 1400 2109; x_wconf 89' lang='lat' dir='ltr'>essencia</span> <span class='ocrx_word' id='word_1_201' title='bbox 1419 2071 1568 2110; x_wconf 90' lang='lat' dir='ltr'>videtur</span> <span class='ocrx_word' id='word_1_202' title='bbox 1583 2079 1681 2139; x_wconf 54' lang='lat' dir='ltr'>gamo</span> <span class='ocrx_word' id='word_1_203' title='bbox 1698 2078 1854 2105; x_wconf 66' lang='lat' dir='ltr'>Famam</span> 
     </span>
     <span class='ocr_line' id='line_1_24' title="bbox 1614 2121 1769 2139; baseline 0 -1"><span class='ocrx_word' id='word_1_204' title='bbox 1614 2121 1769 2139; x_wconf 79' lang='lat' dir='ltr'>IFFICULTY.</span> 
     </span>
    </p>
   </div>
   <div class='ocr_carea' id='block_1_5' title="bbox 191 2139 1838 2545">
    <p class='ocr_par' dir='ltr' id='par_1_5' title="bbox 191 2139 1838 2545">
     <span class='ocr_line' id='line_1_25' title="bbox 239 2139 1838 2207; baseline 0.001 -29"><span class='ocrx_word' id='word_1_205' title='bbox 239 2140 341 2191; x_wconf 90' lang='lat' dir='ltr'>prior</span> <span class='ocrx_word' id='word_1_206' title='bbox 353 2152 469 2190; x_wconf 90' lang='lat' dir='ltr'>quam</span> <span class='ocrx_word' id='word_1_207' title='bbox 482 2151 576 2185; x_wconf 85' lang='lat' dir='ltr'>esse,</span> <span class='ocrx_word' id='word_1_208' title='bbox 592 2140 688 2177; x_wconf 88' lang='lat' dir='ltr'>sicut</span> <span class='ocrx_word' id='word_1_209' title='bbox 701 2139 809 2177; x_wconf 91' lang='lat' dir='ltr'>multi</span> <span class='ocrx_word' id='word_1_210' title='bbox 824 2139 1088 2178; x_wconf 88' lang='lat' dir='ltr'>moderniores</span> <span class='ocrx_word' id='word_1_211' title='bbox 1102 2140 1277 2180; x_wconf 90' lang='lat' dir='ltr'>doctores</span> <span class='ocrx_word' id='word_1_212' title='bbox 1295 2144 1568 2190; x_wconf 81' lang='lat' dir='ltr'>consenciunt3</span> <span class='ocrx_word' id='word_1_213' title='bbox 1583 2147 1613 2207; x_wconf 54' lang='lat' dir='ltr'>{g</span> <span class='ocrx_word' id='word_1_214' title='bbox 1624 2147 1749 2207; x_wconf 45' lang='lat' dir='ltr'>{gysa</span> <span class='ocrx_word' id='word_1_215' title='bbox 1762 2146 1838 2179; x_wconf 81' lang='lat' dir='ltr'>prior</span> 
     </span>
     <span class='ocr_line' id='line_1_26' title="bbox 239 2210 1571 2262; baseline 0.002 -13"><span class='ocrx_word' id='word_1_216' title='bbox 239 2223 344 2261; x_wconf 92' lang='lat' dir='ltr'>ymo,</span> <span class='ocrx_word' id='word_1_217' title='bbox 377 2210 546 2248; x_wconf 89' lang='lat' dir='ltr'>mundus</span> <span class='ocrx_word' id='word_1_218' title='bbox 576 2216 633 2248; x_wconf 87' lang='lat' dir='ltr'>est</span> <span class='ocrx_word' id='word_1_219' title='bbox 667 2210 773 2259; x_wconf 84' lang='lat' dir='ltr'>prius</span> <span class='ocrx_word' id='word_1_220' title='bbox 801 2222 919 2259; x_wconf 88' lang='lat' dir='ltr'>quam</span> <span class='ocrx_word' id='word_1_221' title='bbox 949 2222 1074 2260; x_wconf 88' lang='lat' dir='ltr'>genus</span> <span class='ocrx_word' id='word_1_222' title='bbox 1100 2211 1323 2261; x_wconf 87' lang='lat' dir='ltr'>analogum,</span> <span class='ocrx_word' id='word_1_223' title='bbox 1353 2213 1444 2262; x_wconf 89' lang='lat' dir='ltr'>quia</span> <span class='ocrx_word' id='word_1_224' title='bbox 1471 2213 1571 2260; x_wconf 90' lang='lat' dir='ltr'>finis,</span> 
     </span>
     <span class='ocr_line' id='line_1_27' title="bbox 191 2280 1573 2333; baseline 0 -11"><span class='ocrx_word' id='word_1_225' title='bbox 191 2300 228 2333; x_wconf 88' lang='lat'>25</span> <span class='ocrx_word' id='word_1_226' title='bbox 243 2281 372 2331; x_wconf 85' lang='lat' dir='ltr'>gracia</span> <span class='ocrx_word' id='word_1_227' title='bbox 406 2281 513 2319; x_wconf 91' lang='lat' dir='ltr'>cuius</span> <span class='ocrx_word' id='word_1_228' title='bbox 546 2281 623 2319; x_wconf 91' lang='lat' dir='ltr'>hoc</span> <span class='ocrx_word' id='word_1_229' title='bbox 654 2292 776 2329; x_wconf 89' lang='lat' dir='ltr'>genus</span> <span class='ocrx_word' id='word_1_230' title='bbox 806 2280 1026 2330; x_wconf 87' lang='lat' dir='ltr'>producitur</span> <span class='ocrx_word' id='word_1_231' title='bbox 1051 2286 1092 2318; x_wconf 89' lang='lat' dir='ltr'>ut</span> <span class='ocrx_word' id='word_1_232' title='bbox 1118 2293 1207 2330; x_wconf 89' lang='lat' dir='ltr'>pars</span> <span class='ocrx_word' id='word_1_233' title='bbox 1234 2282 1431 2332; x_wconf 87' lang='lat' dir='ltr'>integrans</span> <span class='ocrx_word' id='word_1_234' title='bbox 1459 2296 1573 2322; x_wconf 91' lang='lat' dir='ltr'>suum</span> 
     </span>
     <span class='ocr_line' id='line_1_28' title="bbox 242 2350 1572 2401; baseline 0.001 -10"><span class='ocrx_word' id='word_1_235' title='bbox 242 2360 377 2391; x_wconf 88' lang='lat' dir='ltr'>totum.</span> <span class='ocrx_word' id='word_1_236' title='bbox 437 2351 522 2390; x_wconf 92' lang='lat' dir='ltr'>Nec</span> <span class='ocrx_word' id='word_1_237' title='bbox 543 2351 684 2389; x_wconf 90' lang='lat' dir='ltr'>tollitur</span> <span class='ocrx_word' id='word_1_238' title='bbox 710 2350 911 2389; x_wconf 88' lang='lat' dir='ltr'>difficultas</span> <span class='ocrx_word' id='word_1_239' title='bbox 931 2363 999 2401; x_wconf 91' lang='lat' dir='ltr'>per</span> <span class='ocrx_word' id='word_1_240' title='bbox 1024 2353 1242 2401; x_wconf 87' lang='lat' dir='ltr'>supradicta</span> <span class='ocrx_word' id='word_1_241' title='bbox 1262 2353 1310 2391; x_wconf 92' lang='lat' dir='ltr'>de</span> <span class='ocrx_word' id='word_1_242' title='bbox 1331 2360 1419 2391; x_wconf 89' lang='lat' dir='ltr'>ente</span> <span class='ocrx_word' id='word_1_243' title='bbox 1443 2361 1572 2392; x_wconf 86' lang='lat' dir='ltr'>creato</span> 
     </span>
     <span class='ocr_line' id='line_1_29' title="bbox 241 2421 1573 2474; baseline 0.002 -14"><span class='ocrx_word' id='word_1_244' title='bbox 241 2424 368 2474; x_wconf 90' lang='lat' dir='ltr'>primo</span> <span class='ocrx_word' id='word_1_245' title='bbox 389 2423 567 2472; x_wconf 83' lang='lat' dir='ltr'>analogo,</span> <span class='ocrx_word' id='word_1_246' title='bbox 589 2422 679 2472; x_wconf 89' lang='lat' dir='ltr'>quia</span> <span class='ocrx_word' id='word_1_247' title='bbox 699 2421 739 2458; x_wconf 89' lang='lat' dir='ltr'>in</span> <span class='ocrx_word' id='word_1_248' title='bbox 759 2421 846 2459; x_wconf 93' lang='lat' dir='ltr'>Deo</span> <span class='ocrx_word' id='word_1_249' title='bbox 866 2422 1016 2460; x_wconf 89' lang='lat' dir='ltr'>adintra</span> <span class='ocrx_word' id='word_1_250' title='bbox 1036 2423 1226 2472; x_wconf 87' lang='lat' dir='ltr'>signanda</span> <span class='ocrx_word' id='word_1_251' title='bbox 1246 2430 1304 2461; x_wconf 88' lang='lat' dir='ltr'>est</span> <span class='ocrx_word' id='word_1_252' title='bbox 1324 2429 1429 2462; x_wconf 87' lang='lat' dir='ltr'>tanta</span> <span class='ocrx_word' id='word_1_253' title='bbox 1449 2425 1573 2462; x_wconf 87' lang='lat' dir='ltr'>multi-</span> 
     </span>
     <span class='ocr_line' id='line_1_30' title="bbox 242 2492 1573 2545; baseline 0.002 -13"><span class='ocrx_word' id='word_1_254' title='bbox 242 2494 337 2533; x_wconf 88' lang='lat' dir='ltr'>tudo</span> <span class='ocrx_word' id='word_1_255' title='bbox 352 2494 552 2531; x_wconf 90' lang='lat' dir='ltr'>racionum</span> <span class='ocrx_word' id='word_1_256' title='bbox 567 2492 847 2541; x_wconf 85' lang='lat' dir='ltr'>exemplarium</span> <span class='ocrx_word' id='word_1_257' title='bbox 862 2499 899 2530; x_wconf 91' lang='lat' dir='ltr'>et</span> <span class='ocrx_word' id='word_1_258' title='bbox 914 2492 1028 2542; x_wconf 92' lang='lat' dir='ltr'>longe</span> <span class='ocrx_word' id='word_1_259' title='bbox 1049 2493 1216 2543; x_wconf 91' lang='lat' dir='ltr'>plurium</span> <span class='ocrx_word' id='word_1_260' title='bbox 1236 2495 1436 2533; x_wconf 89' lang='lat' dir='ltr'>veritatum</span> <span class='ocrx_word' id='word_1_261' title='bbox 1457 2508 1573 2545; x_wconf 87' lang='lat' dir='ltr'>quam</span> 
     </span>
    </p>
   </div>
   <div class='ocr_carea' id='block_1_6' title="bbox 239 2562 1575 2613">
    <p class='ocr_par' dir='ltr' id='par_1_6' title="bbox 239 2562 1575 2613">
     <span class='ocr_line' id='line_1_31' title="bbox 239 2562 1575 2613; baseline 0.001 -10"><span class='ocrx_word' id='word_1_262' title='bbox 239 2564 487 2603; x_wconf 88' lang='lat' dir='ltr'>effectualiter</span> <span class='ocrx_word' id='word_1_263' title='bbox 515 2569 604 2602; x_wconf 89' lang='lat' dir='ltr'>sunt</span> <span class='ocrx_word' id='word_1_264' title='bbox 632 2562 809 2609; x_wconf 78' lang='lat' dir='ltr'>adextra3</span> <span class='ocrx_word' id='word_1_265' title='bbox 839 2575 930 2613; x_wconf 87' lang='lat' dir='ltr'>ergo</span> <span class='ocrx_word' id='word_1_266' title='bbox 956 2575 1163 2602; x_wconf 90' lang='lat' dir='ltr'>commune</span> <span class='ocrx_word' id='word_1_267' title='bbox 1191 2564 1241 2602; x_wconf 88' lang='lat' dir='ltr'>ad</span> <span class='ocrx_word' id='word_1_268' title='bbox 1268 2565 1340 2603; x_wconf 90' lang='lat' dir='ltr'>hec</span> <span class='ocrx_word' id='word_1_269' title='bbox 1362 2567 1496 2604; x_wconf 87' lang='lat' dir='ltr'>omnia</span> <span class='ocrx_word' id='word_1_270' title='bbox 1519 2574 1575 2605; x_wconf 87' lang='lat' dir='ltr'>est</span> 
     </span>
    </p>
   </div>
   <div class='ocr_carea' id='block_1_7' title="bbox 260 2665 1554 2701">
    <p class='ocr_par' dir='ltr' id='par_1_7' title="bbox 260 2665 1554 2701">
     <span class='ocr_line' id='line_1_32' title="bbox 260 2665 1554 2701; baseline 0.002 -7"><span class='ocrx_word' id='word_1_271' title='bbox 260 2676 282 2700; x_wconf 87' lang='lat'>5.</span> <span class='ocrx_word' id='word_1_272' title='bbox 301 2671 363 2700; x_wconf 84' lang='lat' dir='ltr'>post</span> <span class='ocrx_word' id='word_1_273' title='bbox 375 2667 422 2693; x_wconf 76' lang='lat' dir='ltr'>lzic</span> <span class='ocrx_word' id='word_1_274' title='bbox 434 2667 460 2692; x_wconf 93' lang='lat' dir='ltr'>A</span> <span class='ocrx_word' id='word_1_275' title='bbox 471 2666 494 2693; x_wconf 91' lang='lat' dir='ltr'>C</span> <span class='ocrx_word' id='word_1_276' title='bbox 506 2674 562 2692; x_wconf 83' lang='lat' dir='ltr'>non</span> <span class='ocrx_word' id='word_1_277' title='bbox 574 2665 693 2693; x_wconf 89' lang='lat' dir='ltr'>addunt.</span> <span class='ocrx_word' id='word_1_278' title='bbox 762 2675 786 2699; x_wconf 91' lang='lat'>9.</span> <span class='ocrx_word' id='word_1_279' title='bbox 806 2666 815 2696; x_wconf 80' lang='grc'>11</span> <span class='ocrx_word' id='word_1_280' title='bbox 828 2665 863 2692; x_wconf 84' lang='lat' dir='ltr'>de</span> <span class='ocrx_word' id='word_1_281' title='bbox 876 2665 899 2692; x_wconf 92' lang='lat' dir='ltr'>B</span> <span class='ocrx_word' id='word_1_282' title='bbox 911 2665 930 2693; x_wconf 85' lang='lat' dir='ltr'>f.</span> <span class='ocrx_word' id='word_1_283' title='bbox 944 2675 994 2693; x_wconf 89' lang='lat'>220</span> <span class='ocrx_word' id='word_1_284' title='bbox 1002 2675 1026 2694; x_wconf 81' lang='lat' dir='ltr'>B.</span> <span class='ocrx_word' id='word_1_285' title='bbox 1097 2667 1280 2701; x_wconf 55' lang='lat' dir='ltr'>27.&#39;—&#39;adz&#39;ntra</span> <span class='ocrx_word' id='word_1_286' title='bbox 1291 2669 1328 2696; x_wconf 88' lang='lat' dir='ltr'>B:</span> <span class='ocrx_word' id='word_1_287' title='bbox 1351 2669 1473 2697; x_wconf 80' lang='lat' dir='ltr'>abintra</span> <span class='ocrx_word' id='word_1_288' title='bbox 1487 2670 1513 2696; x_wconf 90' lang='lat' dir='ltr'>A</span> <span class='ocrx_word' id='word_1_289' title='bbox 1524 2670 1554 2698; x_wconf 94' lang='lat' dir='ltr'>C.</span> 
     </span>
    </p>
   </div>
   <div class='ocr_carea' id='block_1_8' title="bbox 244 2732 1572 2829">
    <p class='ocr_par' dir='ltr' id='par_1_8' title="bbox 244 2732 1572 2829">
     <span class='ocr_line' id='line_1_33' title="bbox 289 2732 1572 2779; baseline 0.004 -14"><span class='ocrx_word' id='word_1_290' title='bbox 289 2743 339 2767; x_wconf 87' lang='lat'>20.</span> <span class='ocrx_word' id='word_1_291' title='bbox 365 2735 417 2766; x_wconf 93' lang='lat' dir='ltr'>De</span> <span class='ocrx_word' id='word_1_292' title='bbox 433 2735 561 2766; x_wconf 86' lang='lat' dir='ltr'>Incarn.</span> <span class='ocrx_word' id='word_1_293' title='bbox 579 2733 683 2765; x_wconf 89' lang='lat' dir='ltr'>Verbi</span> <span class='ocrx_word' id='word_1_294' title='bbox 702 2732 846 2774; x_wconf 83' lang='lat' dir='ltr'>(printed</span> <span class='ocrx_word' id='word_1_295' title='bbox 868 2732 968 2766; x_wconf 88' lang='lat' dir='ltr'>under</span> <span class='ocrx_word' id='word_1_296' title='bbox 992 2734 1047 2767; x_wconf 90' lang='lat' dir='ltr'>the</span> <span class='ocrx_word' id='word_1_297' title='bbox 1074 2735 1144 2768; x_wconf 86' lang='lat' dir='ltr'>title</span> <span class='ocrx_word' id='word_1_298' title='bbox 1163 2736 1216 2768; x_wconf 90' lang='lat' dir='ltr'>De</span> <span class='ocrx_word' id='word_1_299' title='bbox 1237 2736 1409 2770; x_wconf 86' lang='lat' dir='ltr'>benedicta</span> <span class='ocrx_word' id='word_1_300' title='bbox 1428 2738 1572 2779; x_wconf 82' lang='lat' dir='ltr'>Incam.)</span> 
     </span>
     <span class='ocr_line' id='line_1_34' title="bbox 244 2785 753 2829; baseline -0.004 -11"><span class='ocrx_word' id='word_1_301' title='bbox 244 2788 288 2818; x_wconf 88' lang='lat' dir='ltr'>ix.</span> <span class='ocrx_word' id='word_1_302' title='bbox 305 2797 361 2829; x_wconf 90' lang='lat' dir='ltr'>pp.</span> <span class='ocrx_word' id='word_1_303' title='bbox 383 2786 443 2828; x_wconf 86' lang='lat'>156</span> <span class='ocrx_word' id='word_1_304' title='bbox 461 2796 537 2828; x_wconf 67' lang='lat' dir='ltr'>seq„</span> <span class='ocrx_word' id='word_1_305' title='bbox 555 2785 605 2818; x_wconf 89' lang='lat' dir='ltr'>ed.</span> <span class='ocrx_word' id='word_1_306' title='bbox 624 2785 753 2818; x_wconf 79' lang='lat' dir='ltr'>Harris.</span> 
     </span>
    </p>
   </div>
  </div>
 </body>
</html>
