2008 3305
180 205 259 244 208
862 214 927 245 DE
960 214 1180 247 DOMINIO
1212 216 1387 249 Drero
1610 204 1714 266 [CAP.
1739 220 1786 249 11.

459 342 655 376 movemur,
673 327 691 348 *
708 334 742 366 et
758 343 885 367 sumus
898 344 916 374 ,·
943 344 958 368 1
980 331 1062 369 Ioh.
1076 332 1123 368 iii.
1136 331 1185 368 In
1206 345 1242 369 eo
1262 344 1449 369 manemus
1469 336 1503 368 et
1519 333 1592 381 ipse
1611 333 1650 369 in
1676 333 1789 379 nobis,
1808 339 1905 381 [72A

457 402 628 448 quoniam
649 401 690 437 de
719 400 869 449 Spiritu
891 407 1016 439 sancto
1044 403 1143 439 dedit
1167 403 1268 439 nobis
1282 416 1302 446 ,·
1333 403 1424 452 quia
1447 403 1528 453 ipse
1554 403 1715 452 Spiritus
1735 411 1792 442 est

458 472 607 518 caritas,
628 477 670 508 ut
690 478 794 521 patet
821 485 836 508 1
860 472 943 510 Ioh.
964 474 1009 510 iv.
1037 475 1094 519 16,
1115 472 1220 510 Deus
1241 474 1384 510 caritas
1403 478 1462 517 est,
1487 478 1520 511 el
1536 475 1736 522 quz'manet
1752 476 1792 511 in

456 543 622 586 caritate,
654 544 693 579 z'n
723 542 804 579 Deo
839 548 962 580 manet
991 548 1025 580 el
1052 543 1158 581 Deus
1190 545 1228 580 z'n
1259 557 1306 581 eo.
1374 544 1491 581 Videte
1523 556 1617 593 ergo
1650 546 1792 593 qualem

456 615 647 650 caritatem
663 614 761 650 dedit
774 614 877 650 nobis
896 614 1029 660 Pater,
1048 615 1179 652 dando
1201 615 1313 652 nobis
1330 614 1589 652 essencialiter
1607 614 1790 663 Spiritum
1804 621 1822 653 5

456 690 632 722 sanctum
664 690 702 721 et
739 691 1022 734 consequenter
1048 692 1175 723 cetera
1209 686 1424 731 carismata,
1455 691 1496 723 ut
1530 686 1792 735 septemplicia

456 754 560 791 dona
580 754 665 800 Dei,
688 767 776 792 curn
806 755 1022 793 secundum
1044 756 1265 805 apostolum
1295 756 1344 793 ad
1376 756 1490 794 Rom.
1512 756 1585 793 viii.
1608 769 1670 804 32,
1696 756 1791 803 Quo-

455 826 555 862 modo
576 838 647 862 non
668 839 748 862 cum
773 825 924 863 Christo
945 828 1067 863 omnia
1088 827 1191 863 nobis
1210 828 1394 864 donavit?

175 905 394 972 E'pisriieigglssst
508 896 559 933 Et
580 903 682 946 patet
703 896 808 946 quod
836 897 999 946 Spiritus
1021 905 1174 935 sanctus
1197 898 1413 935 eternaliter
1433 904 1489 936 est
1518 897 1676 945 donum,
1700 898 1791 948 quia

173 974 244 999 from
257 973 386 1007 eternity.
453 967 575 1004 iocale
601 967 794 1012 donabile,
816 968 902 1005 licet
924 981 970 1005 ex
991 975 1166 1017 tempore
1187 968 1300 1006 fuerit
1321 976 1428 1007 extra
1449 969 1593 1007 datum,
1635 969 1712 1006 Sed
1731 975 1789 1007 est
1806 979 1845 1001 10

453 1038 654 1076 difficultas
677 1038 906 1088 theologica,
929 1039 959 1076 si
990 1039 1149 1087 Spiritus
1174 1046 1329 1077 sanctus
1357 1040 1403 1077 sit
1433 1040 1545 1078 datus
1573 1040 1790 1078 eternaliter

452 1116 517 1146 aut
547 1110 732 1147 donatus:
763 1116 800 1147 et
827 1111 977 1148 videtur
1007 1109 1196 1159 Magistro
1226 1110 1332 1160 quod
1360 1123 1452 1158 non,
1474 1110 1571 1149 Dist.
1598 1113 1644 1148 18
1676 1111 1789 1161 primi

454 1180 755 1217 Sentenciarum.
815 1180 935 1218 Michi
960 1187 1090 1218 autem
1119 1181 1278 1227 videtur,
1311 1181 1416 1218 salvo
1451 1181 1600 1219 meliori
1633 1181 1788 1227 iudicio,

452 1251 558 1301 quod
582 1251 628 1288 sit
655 1251 871 1288 eternaliter
900 1250 1011 1289 dacio
1031 1258 1146 1301 atque
1168 1251 1334 1290 donacio
1355 1252 1453 1290 intra
1481 1251 1623 1289 Deum.
1681 1251 1787 1289 Nam

451 1334 567 1359 omne
588 1321 693 1371 quod
709 1322 793 1371 quis
820 1321 936 1360 habet
957 1323 1005 1359 ab
1026 1322 1101 1359 alio
1123 1322 1233 1360 datur
1254 1323 1325 1360 sibi
1345 1323 1394 1360 ab
1416 1322 1566 1370 eodem,
1581 1322 1649 1360 sed
1669 1322 1787 1360 Filius
1804 1336 1841 1369 15

451 1399 488 1430 et
515 1392 676 1441 Spiritus
701 1398 857 1430 sanctus
877 1392 1021 1431 habent
1046 1405 1130 1431 esse
1151 1406 1173 1430 a
1194 1405 1263 1430 suo
1284 1393 1475 1443 principio
1496 1405 1506 1439 ;
1537 1405 1632 1442 ergo
1654 1393 1703 1430 ab
1723 1405 1789 1430 eo-

450 1465 539 1502 dem
568 1464 758 1513 principio
785 1464 896 1502 datur
925 1464 979 1501 eis
1011 1476 1117 1502 esse:
1149 1464 1256 1514 quod
1283 1470 1320 1502 et
1349 1464 1510 1510 Veritas,
1543 1464 1627 1502 Ioh.
1656 1475 1689 1502 v.
1723 1465 1785 1511 26,

449 1535 649 1585 patencius
687 1535 900 1582 confitetur,
939 1533 1050 1573 Sicut
1085 1533 1244 1586 (inquit)
1282 1535 1404 1572 Pater
1442 1534 1550 1572 habet
1587 1536 1704 1572 vitam
1745 1536 1786 1572 z'n

449 1611 557 1644 semet
592 1608 681 1656 2'p„v0‚
718 1607 771 1643 sic
807 1610 841 1643 et
877 1606 980 1643 Filio
1018 1607 1115 1643 dedit
1150 1607 1264 1644 vitam
1298 1606 1429 1643 habere
1466 1607 1505 1643 z'n
1537 1610 1645 1644 semet
1678 1607 1754 1655 ipso
1765 1619 1785 1650 ,-

450 1684 486 1715 et
518 1676 602 1715 Ioh.
636 1689 673 1715 x.
711 1690 770 1726 29,
808 1677 928 1714 Pater
965 1677 1064 1726 quod
1089 1677 1189 1714 dedit
1217 1678 1335 1714 michi
1360 1678 1483 1714 maius
1523 1677 1690 1714 omnibus
1722 1680 1783 1714 est.
1801 1696 1843 1718 20

449 1747 499 1785 Et
531 1748 780 1786 conformiter
814 1747 959 1785 videtur
992 1747 1108 1785 michi
1142 1748 1390 1797 probabiliter
1423 1759 1539 1797 posse
1571 1747 1646 1785 dici
1679 1747 1786 1797 quod

450 1819 554 1857 dedit
587 1825 720 1857 eterno
745 1819 918 1865 consilio,
943 1819 981 1855 in
1013 1824 1204 1868 quantum
1235 1818 1381 1856 adintra
1413 1819 1606 1856 concessit
1639 1830 1778 1856 omnes

450 1890 559 1939 regni
589 1890 686 1927 filios
707 1890 837 1927 Verbo
867 1901 947 1927 suo.
1004 1889 1118 1926 Unde
1140 1888 1160 1911 *
1183 1888 1265 1927 Ioh.
1286 1902 1322 1925 x.
1347 1891 1408 1936 28,
1432 1895 1588 1939 propter
1608 1888 1782 1927 dacionis
1798 1901 1829 1929 Β

450 1962 690 1999 eternitatem
719 1960 880 2007 adintra,
907 1961 998 1998 dicit
1027 1960 1134 2010 quod
1164 1972 1280 1997 nemo
1310 1960 1433 2009 rapiet
1462 1972 1552 1997 oves
1581 1959 1630 1997 de
1659 1972 1779 1998 manu

450 2045 529 2070 sua.
588 2032 638 2069 Et
664 2044 753 2070 cum
778 2044 894 2069 omne
918 2032 1037 2080 gratis
1067 2031 1212 2078 datum,
1233 2038 1273 2068 ut
1299 2031 1363 2076 sic,
1385 2031 1432 2068 sit
1459 2031 1618 2076 donum,
1639 2031 1785 2068 videtur
1799 2044 1838 2076 25

449 2103 556 2152 quod
580 2102 741 2152 Spiritus
764 2109 932 2148 sanctus,
951 2102 1048 2139 sicut
1073 2101 1286 2139 eternaliter
1306 2101 1471 2139 donatur
1487 2101 1597 2147 Filio,
1616 2101 1668 2139 sic
1689 2108 1784 2139 eter-

449 2174 585 2211 naliter
605 2182 662 2212 est
682 2174 859 2219 donatus,
880 2173 970 2223 quia
990 2172 1146 2210 indubie
1167 2172 1398 2210 donabilitas
1420 2185 1496 2222 qua
1518 2178 1575 2210 est
1595 2172 1785 2210 donabilis

450 2251 619 2282 creature
652 2256 732 2281 non
766 2250 821 2282 est
850 2243 1061 2281 formaliter
1090 2255 1167 2293 qua
1198 2243 1315 2281 tercia
1348 2255 1514 2293 persona
1544 2243 1702 2281 refertur
1735 2243 1784 2280 ad

449 2327 562 2352 suum
582 2315 826 2364 principium,
845 2314 913 2352 sed
928 2314 1143 2351 voluntaria
1163 2313 1275 2351 dacio
1292 2326 1379 2363 que,
1399 2319 1441 2351 ut
1462 2313 1526 2359 sic,
1548 2319 1605 2350 est
1617 2313 1783 2351 donacio

450 2398 528 2435 qua
548 2385 722 2423 absolute
743 2384 961 2423 necessario
982 2385 1133 2422 adintra
1154 2384 1266 2422 datur
1294 2384 1403 2422 Filio.
1460 2383 1556 2422 Ideo
1577 2391 1713 2434 quarto
1734 2383 1781 2421 de
1797 2398 1838 2429 30

451 2521 476 2546 Α
486 2488 525 2547 rcfi.
543 2495 600 2513 esse
612 2487 664 2546 (ἐὲ)
678 2487 700 2513 Β
711 2487 734 2513 C
745 2493 751 2513 :
771 2495 799 2513 se
811 2487 845 2513 A.
961 2488 1000 2513 18.
1012 2486 1170 2519 patencz'us
1184 2486 1222 2512 B:
1243 2487 1448 2518 competencz·us
1462 2486 1487 2511 A
1498 2485 1529 2513 C.
1619 2495 1657 2519 19.
1678 2485 1782 2513 hahere

521 2528 527 2546 ι
547 2530 601 2547 om.
642 2540 647 2546 .

500 2615 526 2636 1.
555 2615 567 2635 1
587 2606 663 2646 Joh.
681 2606 721 2637 iv.
743 2615 793 2645 13.
1190 2615 1220 2645 4.
1247 2605 1344 2641 Ibid„
1360 2605 1406 2636 iii.
1429 2614 1455 2636 1.

501 2666 548 2688 12.
574 2658 643 2688 Pet.
662 2658 780 2689 Lomb.
799 2657 938 2689 Sentent.
958 2657 978 2689 i.
1000 2657 1036 2687 18
1049 2664 1068 2688 C
1084 2669 1091 2688 z
1114 2657 1254 2697 Spiritus
1271 2662 1402 2688 sanctus
1418 2662 1449 2688 et
1465 2657 1587 2687 donum
1605 2656 1732 2696 dicitur,
1750 2660 1782 2687 et

452 2710 566 2740 datum
591 2710 657 2740 sive
681 2710 863 2748 donatum;
895 2709 951 2741 sed
975 2709 1089 2739 datum
1113 2708 1179 2739 sive
1203 2708 1360 2740 donatum
1385 2719 1425 2740 ex
1449 2719 1488 2740 eo
1513 2712 1637 2739 tantum
1665 2708 1783 2739 dieitur

453 2761 530 2801 quia
559 2761 652 2791 datur
680 2761 731 2791 vel
759 2761 910 2800 donatur,
935 2761 1023 2802 quod
1050 2760 1147 2791 habet
1173 2765 1299 2792 tantum
1326 2771 1365 2792 ex
1393 2766 1560 2801 tempore:
1594 2771 1625 2802 p.
1651 2761 1703 2801 58,
1731 2759 1781 2791 ed.

456 2812 604 2843 Louvain
625 2812 717 2852 1568,
736 2817 863 2853 quarto.
