2008 3305
67 206 153 234 CAP.
176 192 240 251 IL]
595 203 659 234 DE
692 202 933 236 PAUPERIE
967 202 1280 234 SALVATORIS.

1796 200 1876 243 279

192 310 264 352 213]
275 307 414 351 tingue,
438 312 474 341 et
502 307 560 341 dic
586 306 705 351 primo
728 307 764 340 in
786 318 858 351 quo
881 305 1117 350 distinguitur
1139 306 1190 340 rei
1214 304 1374 340 cuiusvis
1396 303 1601 350 proprietas
1618 306 1787 333 Distinction
1802 308 1834 333 of

276 365 323 400 ab
341 364 419 399 eius
438 365 610 399 dominio.

325 424 414 457 IOH.
443 424 526 457 Hec
551 423 625 457 duo
650 434 690 457 se
716 423 854 457 habent
882 422 1085 457 secundum
1116 421 1244 456 subtus
1275 427 1311 455 et
1341 432 1475 465 supra3
1512 431 1599 465 quo-

275 481 375 515 niam
401 481 522 516 omnis
549 481 754 526 proprietas
785 487 840 515 est
869 480 1085 523 dominium,
1113 491 1185 514 non
1212 485 1384 514 econtra:
1421 479 1474 513 sic
1500 479 1599 522 quod

243 539 533 584 5proprietatem
559 551 633 574 non
658 539 804 583 appello
830 538 900 572 nisi
922 538 1111 583 proprium
1137 537 1187 573 rei
1214 537 1429 580 dominium,
1448 536 1598 579 scilicet,

274 597 373 642 quod
391 597 453 631 uni
472 597 540 631 soli
559 595 730 631 convenit
749 596 964 630 dominanti.

320 656 407 689 RIC.
444 656 537 689 Cum
562 665 647 698 ergo
672 654 780 688 unius
806 654 856 688 rei
881 654 953 688 sint
977 654 1081 698 plura
1107 652 1281 695 dominia,
1301 664 1456 697 quorum
1482 652 1597 697 quod-

273 712 359 747 libet
378 711 551 746 convenit
570 711 632 746 uni
652 711 730 753 soli,
750 711 844 746 sicut
862 711 968 745 unius
987 711 1139 745 baronie
1157 711 1247 744 baro
1261 711 1374 745 habet
1392 710 1597 745 dominium

271 770 471 815 proprium,
501 769 672 804 dominus
702 769 781 804 eius
809 780 933 804 comes
963 770 1074 803 habet
1104 768 1269 803 eiusdem
1299 768 1451 803 baronie
1480 769 1596 803 domi-

221 840 260 863 10
272 827 374 861 nium
400 827 598 872 proprium,
627 827 699 861 dux
726 827 805 861 eius
833 827 945 860 habet
973 826 1126 861 baronie
1160 826 1275 871 ipsius
1304 826 1493 870 proprium
1528 827 1596 861 sibi

271 885 486 928 dominium,
511 891 547 919 et
569 897 631 919 rex
656 885 733 919 eius
757 884 875 919 eciam
900 884 1013 919 habet
1034 883 1103 918 sibi
1126 883 1313 928 proprium
1336 885 1458 928 regale
1480 885 1596 918 domi-

268 943 370 977 nium
385 954 392 985 ;
420 943 471 977 ita
489 941 726 987 consequitur
743 942 841 987 quod
860 942 1013 987 quisque
1031 941 1185 976 istorum
1202 942 1314 976 habet
1333 942 1596 987 proprietatem

268 1000 481 1035 huiusmodi
498 1000 661 1035 baronie.
711 1001 833 1034 Nemo
851 1006 985 1042 autem,
1001 1006 1039 1034 ut
1058 1006 1158 1044 puto,
1176 999 1330 1043 ambigit
1348 999 1436 1044 quin
1453 1000 1595 1035 habens

53 1060 124 1108 {ine
141 1069 190 1093 M:
268 1058 532 1103 proprietatem
555 1058 607 1093 rei
634 1057 794 1092 cuiusvis
819 1064 941 1102 potest
963 1069 1002 1092 re
1025 1057 1106 1102 ipsa
1126 1057 1177 1091 uti
1202 1057 1281 1092 sine
1305 1057 1452 1092 alterius
1474 1058 1596 1093 cuius-

54 1113 92 1133 Zn
108 1112 139 1137 B.

218 1124 254 1158 15
269 1128 339 1161 que
358 1116 510 1159 iniuria;
538 1123 574 1150 et
597 1116 648 1150 ita
669 1116 907 1160 consequitur
924 1116 1023 1160 quod
1046 1116 1201 1160 quisque
1224 1115 1377 1150 istorum
1400 1123 1522 1160 potest
1543 1117 1595 1151 uti

268 1174 421 1209 baronia
439 1174 517 1209 sine
536 1174 729 1209 cuiuslibet
747 1173 896 1208 alterius
915 1174 1117 1208 eorundem
1139 1173 1271 1208 iniuria
1287 1187 1296 1217 ;
1320 1180 1356 1209 et
1375 1174 1427 1209 ita
1445 1174 1596 1219 quilibet

268 1233 450 1267 maiorum
466 1232 716 1277 predictorum
736 1238 859 1277 potest
882 1232 961 1267 sine
983 1232 1134 1267 baronis
1156 1232 1288 1266 iniuria
1305 1232 1472 1267 redditus
1490 1234 1595 1267 baro-

267 1290 328 1325 nie
356 1290 410 1335 (ut
437 1290 596 1335 videtur)
623 1289 791 1335 accipere
816 1296 852 1324 et
878 1290 932 1325 eis
957 1290 1009 1325 uti
1040 1302 1107 1335 pro
1132 1297 1242 1325 voto:
1277 1291 1375 1335 quod
1401 1290 1595 1325 veritatem

267 1359 341 1382 non
360 1348 482 1383 habet.

216 1409 257 1431 ²0
317 1407 405 1440 IOH.
436 1406 497 1441 Sic
526 1405 629 1451 sequi
659 1405 814 1448 videtur,
841 1417 925 1440 cum
955 1417 1030 1440 non
1060 1405 1169 1441 video
1197 1406 1382 1451 quomodo
1410 1405 1527 1450 possit
1556 1405 1595 1440 id

267 1470 375 1505 stare,
396 1463 570 1508 quoniam
587 1464 676 1497 baro
695 1463 745 1498 uti
764 1470 887 1508 potest
906 1470 943 1498 et
961 1464 1070 1499 debet
1087 1464 1201 1499 libere
1219 1464 1425 1499 redditibus
1442 1463 1595 1499 baronie

267 1521 331 1564 uti,
350 1532 425 1555 non
442 1521 522 1556 eius
541 1520 746 1565 superiores
765 1521 916 1566 domini,
935 1521 1004 1556 nisi
1023 1522 1121 1556 velit.

312 1580 401 1614 RIC.
428 1580 516 1613 Non
534 1586 634 1614 recte
652 1580 723 1614 hoc
741 1579 886 1622 astruis,
907 1580 1083 1625 quoniam
1102 1580 1132 1615 si
1151 1581 1240 1614 baro
1259 1580 1368 1615 vellet
1387 1580 1475 1625 regi,
1495 1581 1591 1624 duci,

265 1643 328 1671 aut
347 1637 470 1672 comiti
495 1649 562 1672 suo
585 1638 766 1682 resistere,
785 1650 831 1674 ne
856 1650 966 1673 usum
988 1646 1251 1683 congruentem
1278 1650 1343 1673 suo
1366 1639 1531 1674 dominio
1555 1640 1592 1674 in

1608 343 1776 380 proprietas
1788 342 1845 367 and

1613 374 1786 401 domznium.

1606 1588 1652 1614 All
1665 1590 1828 1615 dominium

1606 1622 1759 1655 belonging
1773 1629 1801 1649 to
1815 1633 1832 1649 a

1605 1655 1695 1688 single
1708 1657 1837 1688 personis

50 1699 118 1729 ita:
145 1699 178 1730 ia
194 1707 235 1739 M,
266 1694 419 1729 baronie
437 1696 643 1730 redditibus
662 1703 857 1739 exerceret,
876 1695 927 1731 ita
944 1697 1035 1731 baro
1059 1708 1125 1731 suo
1147 1696 1298 1730 domino
1316 1695 1487 1731 iniuriam
1505 1698 1591 1732 irro-
1605 1691 1836 1722 notpmprie‘as·

49 1746 82 1772 ta
100 1750 130 1772 B.

265 1759 382 1797 garet,
409 1764 492 1787 cum
518 1764 606 1788 usus
632 1753 686 1788 sui
715 1753 867 1788 dominii
895 1754 932 1788 in
960 1753 1136 1789 subiectis
1165 1765 1231 1789 suo
1259 1754 1424 1789 dominio
1451 1754 1520 1790 sibi
1548 1755 1594 1790 sit

267 1811 382 1846 iustus
407 1818 443 1846 et
470 1811 639 1846 debitus:
666 1812 767 1847 verbi
791 1812 926 1856 gracia,
946 1812 976 1847 si
1003 1823 1139 1855 comes,
1158 1813 1242 1854 dux,
1260 1819 1322 1847 aut
1348 1825 1408 1847 rex
1433 1814 1481 1848 ad
1507 1826 1592 1859 par-

265 1869 479 1904 liamentum
506 1881 612 1904 suum
637 1875 700 1904 aut
727 1870 774 1904 ad
799 1881 970 1914 guerram
997 1870 1131 1904 iustam
1157 1882 1221 1905 eos
1243 1871 1489 1906 communiter
1506 1884 1591 1908 con-

224 1932 252 1961 G
266 1934 477 1961 cernentem
494 1927 510 1946 *
527 1928 704 1962 baronem
723 1934 872 1962 vocaret
892 1935 927 1962 et
946 1927 1130 1972 stipendia
1148 1928 1388 1963 racionabilia
1407 1936 1505 1965 certo
1523 1943 1591 1966 nu-

212 1992 253 2024 30
265 1996 365 2019 mero
380 1984 537 2019 militum
551 1986 597 2020 de
610 1985 815 2020 redditibus
829 1985 980 2020 baronis
998 1997 1064 2030 pro
1079 1986 1265 2020 communi
1283 1998 1415 2030 guerra
1427 1990 1591 2032 gerenda

264 2048 451 2086 statueret,
470 2042 563 2077 iuste
589 2043 626 2077 id
651 2049 788 2087 ageret,
815 2054 883 2078 nec
908 2044 998 2078 baro
1025 2044 1103 2078 sine
1129 2044 1260 2079 iniuria
1276 2044 1354 2080 eius
1377 2054 1503 2090 posset
1526 2049 1590 2082 ob-

264 2099 414 2143 sistere;
441 2100 494 2134 sic
512 2100 548 2134 in
566 2100 648 2135 aliis
664 2101 810 2135 casibus
829 2100 918 2136 satis
937 2101 1081 2136 multis:
1109 2108 1145 2136 et
1164 2101 1215 2136 ita
1228 2114 1300 2145 rex,
1316 2103 1400 2146 dux,
1414 2110 1449 2138 et
1465 2116 1589 2141 comes

263 2169 330 2192 suo
357 2169 444 2191 casu
470 2165 623 2202 possunt
649 2159 700 2193 uti
725 2159 837 2193 libere
860 2159 1063 2194 redditibus
1087 2159 1250 2202 baronie,
1268 2160 1387 2195 eciam
1411 2162 1492 2206 ipsa
1509 2175 1589 2208 per-

264 2227 357 2250 sona
384 2216 534 2250 baronis
551 2227 559 2259 ;
596 2222 720 2251 tamen
750 2228 825 2251 non
854 2217 993 2251 habent
1024 2217 1286 2262 proprietatem
1317 2219 1353 2253 in
1384 2221 1588 2256 redditibus

211 2278 249 2310 35
263 2273 415 2308 baronie
440 2285 557 2318 neque
583 2273 620 2307 in
647 2266 798 2319 corpore
824 2274 983 2317 baronis,
1008 2274 1092 2310 licet
1118 2275 1274 2321 quisque
1299 2288 1425 2311 eorum
1451 2279 1588 2314 habeat

264 2343 371 2376 super
388 2331 541 2365 baronia
559 2332 749 2376 proprium
768 2332 837 2366 sibi
856 2332 1063 2367 dominium
1080 2345 1086 2367 :
1114 2335 1212 2368 unde
1236 2336 1472 2380 consequitur
1490 2338 1587 2381 quod

262 2400 337 2423 non
355 2400 466 2424 omne
484 2389 688 2424 dominium
707 2390 896 2435 proprium
919 2390 981 2425 uni
1006 2391 1072 2425 soli
1095 2398 1161 2435 est,
1181 2398 1243 2426 aut
1265 2393 1338 2426 dici
1356 2400 1487 2438 potest,
1506 2407 1586 2440 pro-

262 2454 408 2492 prletas.

313 2505 400 2538 IOH.
429 2504 491 2539 Sic
510 2516 631 2548 cerno,
651 2504 736 2551 quia
754 2506 960 2540 dominium
977 2507 1225 2551 predictorum
1244 2509 1482 2553 superiorum,
1501 2511 1586 2546 licet

208 2574 251 2604 40
264 2561 310 2596 sit
325 2562 478 2606 singulis
494 2562 699 2597 dominium
713 2564 913 2608 proprium,
928 2576 1000 2598 non
1014 2571 1070 2599 est
1085 2572 1255 2609 respectu
1270 2567 1420 2602 baronie
1435 2569 1586 2613 plenum

262 2626 325 2654 aut
343 2620 526 2664 integrum
541 2632 548 2663 ;
576 2632 659 2655 cum
677 2633 751 2655 non
769 2621 884 2666 possit
904 2623 1099 2667 quisquam
1118 2623 1262 2657 illorum
1280 2625 1463 2659 maiorum
1480 2627 1585 2661 baro-

262 2677 363 2711 niam
389 2677 488 2712 illam
512 2679 601 2713 dare
627 2685 689 2713 aut
712 2680 882 2722 vendere,
901 2691 1020 2725 neque
1046 2681 1195 2726 aliquod
1220 2689 1343 2716 actum
1369 2683 1521 2718 dominii
1549 2685 1586 2719 in

264 2734 345 2779 ipsa
362 2736 515 2770 baronia
533 2735 673 2781 integre
691 2737 768 2772 sive
781 2738 1002 2781 generaliter
1015 2750 1191 2783 exercere,
1207 2740 1312 2774 sicuti
1332 2747 1453 2785 potest
1471 2743 1561 2777 baro
1577 2756 1583 2778 :

262 2792 315 2826 sic
340 2793 439 2838 quod
462 2793 553 2828 mihi
572 2794 716 2830 videtur
739 2796 837 2840 quod
862 2796 1067 2831 dominium
1091 2797 1239 2833 baronis
1263 2797 1298 2832 in
1326 2799 1406 2844 ipsa
1432 2801 1586 2836 baronia
