2095 3278
226 187 312 239 426
886 193 1090 226 RICARDI
1123 189 1426 224 ARMACHANI
1856 174 1959 236 [Lm.
1981 189 2046 221 111.
2094 161 2095 165 ¹

506 297 601 334 sicut
640 298 900 342 accomodans,
934 308 1009 332 non
1043 296 1151 332 video
1186 296 1286 341 quod
1320 294 1570 330 accomodans
1607 292 1829 328 accomoda·
1843 291 1943 334 [3613

507 357 602 393 tario
635 357 761 402 pocius
791 356 945 390 modum
974 355 1101 390 utendi
1132 366 1172 390 re
1200 354 1444 389 accomodata
1477 363 1589 398 quam
1618 351 1830 387 commoda-

507 415 622 451 tarius
655 413 909 449 commodanti
943 419 1063 458 potest
1097 419 1279 456 statuere3
1323 417 1359 446 et
1393 422 1458 456 per
1490 421 1719 455 consequens
1757 420 1831 443 non

507 479 630 518 potest
663 471 912 507 accomodans
945 471 1085 505 donare
1119 481 1204 505 cum
1240 469 1364 512 modo,
1398 467 1572 513 quoniam
1605 474 1766 510 econtra,
1801 465 1832 501 si

508 530 821 566 commodatarius
851 530 962 563 habet
993 529 1145 563 modum
1173 526 1210 562 in
1240 539 1308 562 usu
1333 526 1385 562 rei
1412 526 1646 561 commodate
1673 525 1742 560 sibi
1769 533 1864 570 per5

507 589 819 624 accomodantem
855 587 1045 632 prefixum,
1082 597 1157 620 non
1194 586 1363 620 absolute
1399 584 1573 619 facultate
1610 594 1654 618 ea
1692 583 1833 627 utendi,

509 647 724 682 omnimode
749 645 863 680 habet
888 645 1010 679 minus
1034 643 1090 679 ius
1114 644 1149 678 in
1172 655 1211 678 re
1235 643 1296 677 illa
1316 654 1428 688 quam
1452 643 1563 676 habet
1585 641 1834 676 accomodans

510 711 676 739 statuens
702 703 771 738 sibi
795 703 959 746 modum,
980 708 1108 737 contra
1133 713 1177 737 ea
1203 713 1274 746 que
1300 701 1346 736 de
1370 699 1607 745 possessione
1631 706 1668 735 et
1694 700 1740 734 de
1766 698 1834 733 do-

509 761 626 797 minio
642 761 803 796 naturali
822 767 907 796 sunt
926 760 1037 795 dicta.

559 821 646 855 RIC.
673 821 731 854 Ex
748 819 819 854 hiis
838 830 908 863 que
926 818 975 853 ibi
994 819 1041 853 de
1059 817 1294 863 possessione
1312 816 1409 851 facto
1427 815 1575 861 propria
1592 820 1718 850 extant
1736 813 1836 850 dicta
1851 825 1890 847 10

510 877 698 912 racionem
725 884 832 922 potes
857 878 906 912 ad
931 876 1030 911 istud
1055 875 1259 911 tollendum
1284 885 1501 919 excerpere:
1537 872 1722 918 quoniam,
1742 872 1835 908 sicut

511 947 577 981 per
594 937 666 971 hoc
687 936 787 981 quod
809 936 929 970 nullus
952 935 1045 969 alius
1063 934 1110 968 ab
1128 939 1333 978 occupante
1349 944 1427 967 rem
1445 931 1606 977 aliquam
1623 932 1699 965 vult
1716 930 1836 975 possi-

510 994 599 1029 dere
617 1005 695 1028 rem
713 993 824 1037 illam,
843 992 998 1028 efficitur
1011 991 1206 1036 occupanti
1225 990 1374 1036 propria
1391 990 1438 1025 de
1456 990 1552 1024 facto
1571 988 1633 1024 illa
1651 988 1837 1033 possessio

511 1053 652 1097 absque
679 1051 755 1086 iure
781 1050 929 1096 proprio
951 1050 1162 1093 accedente,
1182 1048 1235 1083 sic
1258 1055 1377 1093 potest
1401 1059 1591 1083 remanere
1617 1047 1665 1081 illi
1692 1046 1839 1091 propria

511 1110 699 1155 possessio
724 1110 905 1152 absoluta,
932 1108 1101 1153 quamvis
1128 1106 1220 1142 alius
1248 1107 1370 1152 quoad
1397 1106 1549 1140 modum
1583 1105 1742 1150 aliquem
1774 1115 1839 1150 per
1853 1115 1890 1147 15

511 1166 860 1203 commodacionem
875 1167 1011 1201 habeat
1028 1165 1044 1184 '¹‘
1062 1164 1335 1210 possessionem
1352 1164 1450 1198 facto
1469 1163 1655 1208 propriam
1674 1162 1725 1197 rei
1743 1162 1836 1197 eius·
1851 1168 1879 1199 O

512 1226 623 1269 dem3
652 1226 752 1259 nullo
776 1224 940 1269 ipsorum
959 1224 1120 1258 habente
1144 1223 1199 1257 ius
1224 1221 1382 1267 amplius
1406 1233 1517 1266 quam
1541 1221 1635 1255 alius
1653 1221 1690 1255 in
1708 1232 1746 1256 re
1764 1220 1838 1263 illa,

511 1295 581 1319 nec
611 1282 733 1328 aliquo
758 1283 962 1317 eorundem
988 1282 1109 1326 legem
1136 1293 1200 1316 seu
1229 1280 1382 1315 modum
1409 1279 1510 1314 alteri
1542 1285 1746 1314 statuente:
1783 1284 1839 1313 set

513 1341 602 1387 quia
619 1342 740 1386 placet
758 1340 901 1385 utrique
919 1339 982 1374 tali
1002 1339 1114 1374 modo
1132 1339 1182 1374 uti
1200 1350 1239 1373 re
1257 1338 1318 1372 illa
1336 1337 1563 1383 temporibus
1585 1337 1638 1372 eis
1662 1337 1839 1381 acceptis,

513 1400 565 1434 ita
597 1406 636 1434 ut
670 1410 763 1433 unus
797 1409 925 1433 eorum
959 1396 1232 1442 possessionem
1266 1396 1404 1430 habeat
1437 1396 1647 1430 absolutam
1680 1401 1716 1430 et
1749 1395 1841 1429 alter
1856 1403 1896 1425 20

513 1457 791 1502 possessionem
810 1456 1015 1490 secundum
1032 1455 1120 1500 quid
1135 1454 1285 1498 dictam,
1299 1453 1449 1495 scilicet,
1461 1453 1542 1487 vice
1556 1464 1622 1487 seu
1639 1453 1839 1496 voluntate,
1852 1463 1908 1484 seu
1921 1478 1928 1485 .
1943 1477 1951 1485 .
1964 1478 1970 1485 .
1982 1452 2058 1484 iure

513 1526 587 1549 non
606 1514 690 1548 dico
709 1513 795 1556 iure,
810 1512 969 1555 alterius,
984 1511 1069 1547 ideo
1087 1523 1144 1547 res
1163 1510 1399 1546 commodata
1414 1516 1604 1553 censetur;
1630 1510 1725 1545 sicut
1742 1509 1841 1545 iuxta
1854 1504 1961 1529 (ΠΗ-Β·

514 1573 595 1608 iura
612 1571 781 1617 positiva,
800 1571 885 1605 licet
903 1582 977 1605 non
994 1583 1038 1606 ex
1056 1576 1134 1605 toto
1153 1569 1330 1613 similiter,
1349 1568 1486 1603 usuarii
1504 1570 1626 1613 plures
1644 1568 1794 1603 habent.
1853 1567 1904 1598 lz'c.
1919 1591 1926 1597 -
1943 1591 1950 1598 .
1964 1590 1971 1597 -
1984 1566 2058 1598 sim-

236 1646 286 1670 not
299 1639 454 1670 absolutely
566 1631 657 1665 IOH.
686 1631 773 1664 Non
803 1635 924 1674 potest
953 1640 1041 1673 ergo
1068 1628 1195 1672 vigore
1225 1626 1414 1671 originalis
1445 1626 1600 1660 dominii
1631 1626 1707 1661 fieri
1738 1637 1841 1661 com-
1854 1621 1910 1642 om
1926 1618 1966 1641 M·

514 1688 687 1723 modacio
705 1699 770 1732 per
787 1687 997 1722 absolutam
1015 1685 1301 1721 translacionem
1318 1684 1567 1730 possessionis
1589 1684 1767 1720 naturalis
1791 1683 1842 1719 rei
1858 1695 1896 1729 ²5

515 1745 688 1781 cuiusvis.

564 1805 652 1838 RIC.
681 1802 742 1837 Sic
765 1800 938 1847 sequitur,
958 1800 1135 1846 quoniam
1161 1799 1223 1835 ubi
1249 1806 1347 1834 esset
1371 1799 1551 1834 translata
1573 1799 1773 1844 possessio,
1793 1798 1844 1834 ita

516 1867 557 1896 ut
574 1860 802 1896 transferens
820 1871 889 1894 nec
912 1871 977 1904 per
1002 1870 1042 1893 se
1068 1870 1137 1893 nec
1163 1869 1228 1902 per
1253 1858 1366 1892 alium
1390 1857 1607 1901 possideret,
1626 1856 1740 1891 nichil
1758 1869 1843 1902 pro—

516 1919 638 1964 prium
656 1917 707 1952 rei
726 1917 820 1951 illius
839 1924 901 1951 aut
924 1915 1171 1962 possessionis
1197 1915 1312 1960 ipsius
1337 1915 1374 1949 in
1392 1915 1635 1950 transferente
1653 1921 1842 1958 maneret3

519 1983 574 2011 set
592 1976 621 2011 si
640 1987 713 2021 qua
738 1975 789 2010 rei
815 1975 911 2009 illius
936 1981 1000 2009 aut
1017 1974 1096 2009 eius
1122 1973 1367 2019 possessionis
1393 1978 1598 2007 remaneret
1624 1972 1842 2017 proprietas,
1858 1988 1899 2019 30

519 2034 582 2069 illa
599 2034 635 2068 in
654 2032 954 2068 accomodatario
972 2032 1159 2075 resideret,
1172 2038 1208 2066 et
1228 2032 1280 2066 sic
1298 2031 1397 2065 facta
1415 2030 1543 2065 fuisset
1561 2042 1648 2066 vera
1665 2031 1844 2066 naturalis

520 2092 692 2135 donacio,
710 2102 785 2126 non
804 2091 922 2125 solum
941 2090 1198 2125 commodacio
1217 2089 1406 2124 naturalis.

339 2208 506 2240 XXXIII.
571 2203 801 2238 IOHANNES.
828 2201 1091 2236 Accomodans
1115 2212 1194 2236 rem
1212 2200 1495 2235 accomodatam
1513 2210 1587 2233 non
1605 2205 1771 2244 occupat,
1790 2205 1845 2235 set

241 2263 412 2302 The‚lend‚er
425 2262 497 2288 10525
520 2259 841 2295 accomodatarius
859 2271 943 2294 eam
960 2266 1059 2294 tenet
1075 2271 1082 2303 ;
1110 2265 1145 2294 et
1164 2270 1231 2304 per
1249 2268 1479 2303 consequens
1498 2257 1750 2292 accomodans
1768 2269 1846 2293 rem

241 2297 408 2364 ffiiriiggiietnltli
422 2296 469 2322 the
521 2318 805 2353 accomodatam
824 2328 897 2351 non
917 2316 1092 2361 possidet.
1860 2338 1899 2370 35

569 2378 798 2410 RICARDUS.
822 2376 855 2409 E
867 2375 1050 2409 contrario
1064 2386 1123 2409 res
1136 2386 1174 2409 se
1185 2374 1307 2417 habet,
1321 2372 1470 2416 scilicet,
1483 2372 1582 2417 quod
1595 2373 1846 2407 accomodans

520 2445 587 2479 per
612 2432 953 2468 accomodatarium
979 2433 1148 2467 absolute
1175 2432 1251 2466 sive
1278 2431 1494 2476 simpliciter
1518 2441 1597 2464 rem
1623 2437 1791 2475 occupat,
1810 2437 1846 2465 et

521 2490 841 2526 accomodatarius
864 2496 1009 2524 tantum
1035 2501 1119 2524 cum
1144 2490 1267 2533 modo,
1287 2488 1437 2531 scilicet,
1455 2498 1523 2533 pro
1547 2494 1648 2522 certo
1670 2500 1738 2522 usu
1757 2488 1847 2523 certi

520 2549 720 2593 temporis;
744 2555 780 2583 et
799 2548 850 2582 ita
868 2549 988 2582 solum
1006 2549 1210 2583 secundum
1225 2547 1314 2592 quid
1333 2558 1399 2591 pro
1419 2558 1457 2581 se
1476 2545 1575 2580 racio
1590 2552 1703 2580 tenet.
1741 2547 1846 2590 Item,

520 2613 602 2641 esto
628 2606 729 2651 quod
755 2606 802 2640 de
827 2606 924 2640 facto
951 2611 1055 2640 actus
1082 2603 1355 2647 commodandi,
1382 2603 1614 2648 pignorandi,
1641 2603 1845 2646 mutuandi,
1859 2616 1902 2648 40

522 2670 585 2698 aut
611 2663 810 2707 repetendi,
829 2668 891 2696 aut
916 2662 976 2696 alii
1003 2662 1056 2696 eis
1080 2661 1292 2696 consimiles
1309 2661 1392 2695 Ade
1411 2666 1618 2705 competere
1643 2671 1718 2694 non
1745 2665 1847 2704 pote-

522 2727 626 2763 rant3
654 2731 728 2754 non
747 2720 881 2763 minus,
900 2720 929 2754 si
948 2719 1078 2754 fuisset
1097 2719 1154 2753 cui
1173 2718 1437 2753 accomodacio
1454 2724 1516 2752 aut
1535 2724 1639 2752 actus
1658 2717 1751 2751 alius
1770 2717 1846 2751 fieri

524 2778 713 2823 potuisset,
741 2784 845 2813 actus
875 2777 957 2812 talis
985 2777 1033 2811 illi
1061 2777 1253 2822 aptissime
1283 2775 1535 2821 congruisset:
1571 2775 1669 2811 unde
1695 2775 1843 2810 convin-
