2008 3305
225 199 302 239 162

209 325 240 356 f
263 327 269 338 ‘
281 325 366 351 God’s
380 325 434 352 will

220 359 285 384 then
299 359 322 384 is
335 365 383 385 not
396 360 443 385 ab-

218 393 340 425 solutely
352 392 425 419 free!

214 883 276 909 The
288 883 345 909 fact
358 883 480 917 ofbeing

214 918 318 943 caused
333 917 355 943 is
369 927 405 943 no
419 918 469 943 bar

214 955 242 975 to
256 950 379 976 freedom
394 951 421 977 in
432 951 479 977 the

214 982 295 1016 thing
307 985 422 1011 caused.

894 208 957 239 DE
991 208 1207 239 DOMINIO
1240 207 1414 239 DIVINo
1565 195 1671 254 [CAP.
1694 208 1817 237 xvm.

555 322 671 361 Sexto
697 323 844 361 videtur
880 324 1009 372 ‘quod
1041 335 1120 361 non
1155 324 1282 361 omnis
1316 324 1455 360 volicio
1485 321 1560 360 Dei
1590 323 1636 360 sit
1671 333 1821 360 summe
1837 325 1935 367 [54D

497 393 643 439 ‘libera,
665 394 755 443 quia
784 393 986 431 cuiuslibet
1005 394 1202 432 volicionis
1223 393 1413 431 Trinitate
1443 393 1493 431 ad
1522 400 1735 431 creaturam
1764 397 1822 429 est

499 464 724 501 ‘necessitas
759 465 1014 510 antecedens3
1053 472 1090 502 et
1124 465 1186 501 illa
1215 465 1310 502 tollit
1342 465 1388 502 de
1416 465 1599 509 libertate,
1627 470 1669 500 ut
1698 463 1822 512 arguit

497 534 661 572 ‘Doctor
685 534 917 581 Proffindus,
940 535 1038 572 libro
1068 536 1197 581 tercio,
1220 542 1356 585 quarto
1384 535 1566 584 capitulo,
1591 535 1756 572 seriose:
1789 534 1820 571 si

496 608 603 654 ‘ergo
623 605 800 642 voluntas
820 606 1000 651 humana,
1021 619 1069 643 ex
1093 606 1326 644 limitacione
1356 618 1471 644 cause
1495 606 1714 643 naturaliter
1733 617 1816 655 pre·
1833 617 1850 649 5

496 676 697 721 ‘cedentis‚
720 676 766 713 sit
786 676 825 712 in
846 676 924 714 suis
944 676 1197 714 inferioritatis
1224 677 1407 726 gradibus
1432 676 1600 724 limitate,
1623 688 1692 725 per
1717 675 1819 713 idem

496 746 648 784 ‘volicio
672 747 799 784 divina
825 747 856 783 si
886 746 1023 784 habeat
1050 759 1207 784 causam
1235 747 1453 785 inferiorem
1480 753 1627 784 tantum
1651 746 1819 784 necessi-

495 820 655 854 ‘tantem
687 829 773 854 eam
804 817 853 855 ad
877 829 962 855 esse
989 830 1011 854 a
1045 830 1121 867 qua
1150 829 1229 854 non
1260 817 1376 855 habet
1401 817 1622 866 potenciam
1655 816 1820 854 resilire!

493 887 570 925 Hic
605 888 741 925 dicitur
774 888 879 937 quod
912 900 1010 937 eque
1043 894 1193 937 oportet
1224 888 1315 925 dare
1346 895 1523 937 respectu
1558 888 1819 937 cuiuscunque

492 958 692 996 volicionis
713 958 838 995 divine
859 970 1017 996 causam
1048 959 1290 1007 adequatam,
1312 971 1359 995 ex
1390 970 1467 1007 qua
1494 958 1621 1007 posita
1650 958 1817 1007 sequitur
1834 971 1873 993 10

491 1028 617 1077 ipsam
646 1040 741 1075 esse,
774 1028 872 1065 sicut
900 1034 1077 1077 respectu
1109 1029 1311 1066 cuiuslibet
1339 1029 1574 1077 assignandi.
1631 1027 1715 1066 Nec
1750 1040 1819 1077 per

490 1098 566 1136 hoc
600 1098 753 1136 libertas
787 1099 930 1136 tollitur
964 1099 1003 1135 in
1036 1106 1204 1145 causato,
1235 1106 1276 1136 ut
1309 1105 1389 1137 tam
1418 1099 1537 1136 libera
1568 1105 1625 1136 est
1658 1105 1819 1147 utraque

489 1180 657 1218 persona
691 1175 847 1206 causata
879 1180 997 1218 quam
1031 1169 1125 1206 liber
1156 1175 1214 1207 est
1242 1168 1355 1206 Pater
1385 1169 1445 1206 vel
1475 1169 1601 1206 divina
1632 1169 1816 1216 essencia,

489 1251 580 1276 cum
609 1239 745 1276 eadem
781 1239 827 1276 sit
858 1240 1077 1277 communis
1112 1239 1266 1277 libertas
1295 1239 1495 1277 cuiuslibet
1524 1239 1747 1285 eorundem,
1781 1246 1817 1277 et

487 1322 577 1347 cum
616 1316 778 1360 utraque
816 1310 1006 1359 posterior
1044 1309 1158 1347 habet
1196 1322 1353 1348 causam
1392 1310 1626 1359 completam
1659 1322 1707 1347 ex
1741 1320 1871 1359 qua15

486 1379 661 1417 absolute
683 1380 899 1418 necessario
920 1380 1090 1430 sequitur
1110 1381 1235 1429 ipsam
1255 1392 1362 1427 esse;
1392 1392 1485 1429 ergo
1512 1392 1663 1418 summa
1683 1391 1816 1417 neces-

486 1451 623 1488 sitacio
643 1450 895 1488 coaccionem
915 1463 994 1489 non
1015 1451 1169 1501 sapiens
1190 1463 1271 1488 non
1300 1451 1437 1488 minuit
1457 1451 1681 1489 libertatem.
1740 1450 1816 1488 Sed

486 1521 605 1558 miror
643 1521 749 1571 quod
789 1521 1086 1570 methaphisicus
1125 1522 1347 1560 concedens
1382 1534 1540 1560 omnem
1574 1522 1689 1559 talem
1722 1521 1814 1559 voli-

486 1592 640 1629 cionem
661 1591 882 1629 huiusmodi
903 1592 1087 1641 distingui
1104 1605 1126 1629 a
1142 1592 1241 1639 Deo,
1254 1599 1454 1643 tamquam
1469 1604 1563 1642 pure
1584 1593 1815 1642 contingens

486 1675 508 1699 a
546 1662 774 1707 necessario,
804 1662 919 1700 habet
952 1674 1023 1711 pro
1061 1663 1345 1700 inconvenienti
1375 1663 1481 1712 quod
1510 1663 1614 1701 nulla
1651 1663 1735 1700 talis
1768 1663 1815 1700 sit
1830 1674 1871 1697 20

485 1745 585 1782 eque
614 1733 734 1770 libera
763 1733 862 1770 sicut
890 1732 1010 1779 Deus,
1032 1745 1119 1771 curn
1150 1733 1256 1771 nulla
1276 1733 1360 1771 talis
1390 1734 1437 1771 sit
1466 1733 1585 1771 libera
1614 1734 1687 1770 nisi
1706 1733 1814 1783 equi—

485 1816 592 1849 voce,
615 1804 738 1853 magis
763 1804 968 1853 dispariter
995 1804 1125 1853 quoad
1146 1803 1274 1841 Deum
1295 1816 1412 1854 quarn
1434 1810 1542 1841 actus
1568 1804 1735 1842 hominis
1755 1803 1815 1841 vel

485 1874 766 1924 quodcumque
804 1887 904 1924 opus
947 1886 1060 1912 suum
1097 1875 1356 1912 extrinsecum
1395 1875 1441 1912 sit
1484 1875 1646 1912 liberum
1684 1874 1814 1923 quoad

484 1946 621 1994 ipsum.
667 1944 685 1965 *
721 1945 817 1982 Ideo
856 1946 1171 1995 comparaciones
1210 1945 1432 1983 huiusmodi
1469 1946 1685 1983 libertatum
1724 1951 1812 1982 sunt
1826 1950 1908 1979 55A

485 2016 598 2053 nimis
633 2016 841 2065 improprie
871 2022 912 2054 ut
942 2016 1188 2065 parificentur
1217 2017 1256 2053 in
1285 2017 1492 2065 gradibus:
1535 2022 1690 2054 maneat
1718 2028 1812 2065 ergo
1827 2024 1865 2056 25

485 2086 652 2135 quelibet
672 2086 756 2123 talis
786 2098 847 2124 res
876 2087 996 2124 libera
1022 2086 1143 2135 gradu
1170 2098 1251 2124 suo.
1308 2086 1392 2124 Nec
1422 2093 1479 2125 est
1498 2087 1696 2125 volicionis
1725 2086 1811 2130 Dei,

485 2158 532 2194 de
561 2169 639 2206 qua
666 2157 923 2204 meminimus,
946 2157 1085 2195 habere
1115 2158 1335 2206 potenciam
1354 2158 1413 2195 vel
1441 2158 1480 2194 in
1509 2158 1638 2207 aliquo
1658 2158 1811 2204 resilire,

484 2234 525 2264 ut
545 2240 604 2265 res
624 2228 796 2265 absolute
817 2240 891 2277 que
912 2234 1096 2277 appetunt
1116 2228 1162 2265 de
1191 2234 1325 2265 natura
1354 2228 1559 2265 intrinseca
1586 2228 1682 2266 fines
1708 2240 1810 2265 suos.

485 2297 602 2344 Quid,
634 2310 767 2347 queso,
802 2304 859 2335 est
899 2299 1024 2335 dicere
1062 2298 1169 2347 quod
1210 2298 1385 2347 prioritas
1418 2298 1602 2347 temporis
1641 2298 1699 2335 vel
1736 2298 1810 2335 alia

484 2368 622 2405 relacio
647 2374 836 2417 concepta
864 2367 1073 2406 formaliter
1101 2369 1246 2418 appetit
1274 2368 1441 2406 resilire?
1500 2367 1551 2404 Et
1581 2368 1611 2405 si
1640 2368 1808 2417 arguitur
1823 2382 1864 2412 30

485 2438 589 2487 quod
618 2438 787 2487 quelibet
816 2438 889 2476 Dei
910 2439 1047 2476 volicio
1078 2438 1124 2475 sit
1154 2450 1305 2476 summe
1334 2439 1462 2484 libera,
1490 2450 1537 2476 eo
1567 2438 1673 2488 quod
1702 2438 1809 2476 Deus

483 2510 561 2546 vult
592 2521 740 2547 summe
768 2509 897 2555 libere,
920 2521 986 2558 per
1014 2509 1179 2546 eandem
1209 2509 1345 2546 dicitur
1375 2510 1479 2558 quod
1498 2520 1631 2546 verum
1651 2509 1808 2546 conclu-

483 2580 583 2616 ditur
619 2579 868 2628 intelligendo
906 2579 1137 2617 volicionem
1175 2579 1395 2617 huiusmodi
1433 2579 1690 2618 essencialiter
1736 2591 1807 2629 pro

516 2689 538 2711 5.
560 2689 643 2706 cause
654 2680 693 2706 B:
714 2689 769 2706 om.
783 2681 808 2706 A
819 2680 850 2706 C.
965 2689 1003 2712 15.
1021 2689 1081 2713 qua
1093 2682 1118 2706 A
1129 2680 1168 2707 C:
1188 2690 1243 2713 quo
1256 2681 1287 2706 B.
1407 2690 1446 2706 21.
1468 2689 1536 2713 eque
1549 2680 1641 2706 libera
1652 2681 1728 2707 sicut
1738 2681 1808 2707 deus

481 2722 545 2740 cum
559 2715 643 2740 nulla
657 2715 728 2740 talis
740 2715 779 2740 sit
792 2714 884 2740 libera
898 2713 937 2739 B:
958 2723 1010 2740 orn.
1024 2714 1087 2740 AC.
1193 2723 1234 2746 25.
1246 2714 1450 2746 part-'ficentur
1463 2714 1501 2740 B:
1516 2714 1701 2747 prqfitentur
1713 2715 1738 2739 A
1749 2714 1782 2740 C.

729 2807 757 2837 4.
783 2797 1023 2836 Bradwardine,
1041 2797 1080 2828 de
1098 2797 1205 2829 Causa
1223 2797 1299 2837 Dei,
1318 2798 1362 2829 iii.
1385 2807 1401 2837 3
1420 2808 1450 2839 p.
1471 2797 1544 2838 651.
