2008 3305
157 174 210 216 52

164 1855 187 1878 3.
210 1845 352 1877 (jsman's

165 1879 293 1910 lordslzip
305 1887 373 1904 over

164 1913 261 1944 things
273 1920 405 1938 common.

833 176 898 207 DE
931 171 1147 207 DOMINro
1180 169 1356 206 DiviNo
1541 163 1647 221 [CAP.
1664 174 1757 203 vni.

437 290 505 326 sibi
526 290 665 327 utiliter
681 291 934 328 serviendum.
983 291 1033 328 Et
1054 292 1141 329 hinc
1157 292 1344 328 mirantur
1360 289 1485 339 aliqui,
1505 288 1702 338 quomodo
1721 287 1760 323 in
1779 288 1874 330 [17A

437 358 797 398 co*mutacionibus
828 367 954 410 potest
982 361 1194 398 universale
1221 361 1331 398 alicui
1356 360 1505 397 homini
1532 358 1758 404 subservire,
1777 362 1807 391 B

436 438 476 467 ut
506 431 551 468 sit
571 431 619 468 de
646 431 890 480 possessione
910 432 968 469 vel
998 432 1171 469 dominio
1202 431 1415 480 singularis.
1473 429 1634 466 Videtur
1662 428 1764 465 enim

437 501 543 550 quod
563 513 655 539 usus
671 502 937 539 universalium
958 515 980 539 a
1001 509 1173 540 creatura
1186 502 1354 551 qualibet
1375 501 1421 538 sit
1442 511 1663 549 suspensus,
1678 510 1767 537 cum

438 583 508 609 nec
541 578 703 620 possunt
733 583 846 620 agere
876 585 948 610 nec
978 573 1068 621 pati.
1129 572 1204 609 Sed
1234 577 1383 609 constat
1412 570 1517 620 quod
1545 568 1798 613 communia5

437 642 623 679 naturalia
659 642 809 679 usibilia
847 649 883 679 et
917 642 1133 688 artificialia,
1175 649 1217 679 ut
1254 648 1469 691 apparatus,
1508 640 1694 684 utensilia,
1731 645 1768 677 et

438 719 605 758 moneta,
628 720 715 750 sunt
735 718 828 750 nota
847 713 983 750 cadere
1005 714 1075 750 sub
1096 713 1339 762 possessione
1360 713 1575 757 hominum,
1591 717 1627 749 et
1648 711 1694 748 de
1715 711 1769 748 eis

439 783 631 820 cambium
653 782 732 819 fieri
752 784 967 832 empcione,
985 784 1221 829 vendicione‚
1240 783 1508 833 promissione,
1522 781 1766 830 accepcione,

438 859 475 891 et
497 853 628 890 ceteris
649 853 797 891 actibus
818 853 979 891 dominii
1000 854 1190 902 posterius
1215 853 1429 891 recitandis.
1488 852 1551 890 Sic
1573 853 1675 889 enim
1697 858 1768 889 stat

439 924 635 962 hominem
662 934 789 961 emere
809 936 953 973 equum
974 924 1031 961 vel
1061 924 1161 961 aliud
1192 923 1384 961 artificiale
1412 923 1559 969 usibile,
1582 928 1619 960 et
1646 922 1769 960 soluta
1785 934 1824 957 10

440 994 603 1043 pecunia
622 994 819 1043 acquirere
840 994 911 1030 sibi
932 994 990 1031 ius
1011 1000 1125 1043 atque
1148 994 1361 1031 dominium
1381 994 1431 1031 ad
1452 1000 1692 1031 crementum
1713 992 1770 1030 vel

441 1065 727 1102 decrementum
757 1065 1013 1113 possessionis
1033 1065 1091 1101 vel
1122 1065 1280 1102 dominii
1310 1064 1561 1113 precedentis,
1584 1064 1664 1101 sine
1693 1063 1769 1100 hoc

441 1135 545 1184 quod
565 1134 721 1183 aliquod
742 1135 932 1184 singulare
949 1136 997 1172 ab
1017 1135 1196 1172 alterutro
1213 1135 1538 1172 commutancium
1561 1133 1771 1183 specialiter

440 1205 669 1243 intendatur.
728 1204 805 1241 Ubi
834 1212 936 1254 patet
966 1206 1081 1254 quod,
1102 1205 1193 1242 dato
1223 1205 1303 1242 iure
1333 1205 1461 1242 divino
1490 1205 1529 1241 in
1558 1204 1770 1242 novacione

441 1275 600 1313 dominii
630 1275 688 1313 vel
727 1287 957 1324 quacunque
995 1275 1219 1312 habitudine
1258 1275 1473 1324 pertinenti,
1505 1274 1677 1312 dandum
1714 1279 1770 1311 est
1786 1285 1824 1317 15

441 1347 637 1384 obiectum
664 1346 710 1382 ad
733 1346 838 1395 quod
867 1345 1124 1395 principaliter
1153 1346 1401 1392 terminatur3
1431 1352 1468 1383 et
1491 1357 1571 1382 non
1600 1350 1771 1394 superest

442 1418 513 1454 nisi
545 1428 764 1462 commune,
798 1417 845 1453 de
880 1429 959 1466 quo
990 1417 1246 1466 principaliter
1279 1416 1375 1454 fiunt
1406 1422 1513 1454 actus
1552 1415 1771 1453 huiusmodi

440 1488 716 1525 commutandi.
775 1486 877 1524 Cum
910 1499 1003 1536 ergo
1037 1487 1143 1524 Deus
1178 1487 1328 1524 ordinat
1367 1488 1513 1536 species
1551 1485 1772 1524 huiusmodi

440 1558 587 1595 homini
621 1558 842 1604 subservire,
878 1558 1047 1607 sequitur
1084 1570 1131 1595 ex
1174 1558 1434 1607 descripcione
1470 1557 1630 1594 dominii
1665 1555 1771 1606 quod

441 1629 560 1666 homo
595 1629 795 1677 speciebus
843 1628 1061 1666 huiusmodi
1101 1629 1314 1666 secundum
1353 1628 1495 1677 aliquid
1540 1627 1768 1665 dominatur.
1786 1637 1826 1658 20

444 1699 622 1736 Serviunt
641 1699 799 1748 quidem
823 1699 861 1735 in
882 1699 955 1736 hoc
977 1698 1083 1747 quod
1114 1705 1201 1736 sunt
1221 1699 1418 1747 supposita
1439 1710 1514 1747 que
1544 1698 1771 1743 ministrant,

441 1776 478 1806 et
498 1768 583 1818 ipsa
605 1769 802 1818 supposita
823 1776 983 1806 causant
1004 1776 1203 1819 tamquam
1223 1769 1426 1805 intrinsece
1447 1768 1663 1817 quiditates.

500 1839 560 1876 Ex
581 1851 659 1889 quo
680 1846 784 1888 patet
805 1840 910 1888 quod
930 1839 1059 1886 homo,
1082 1846 1123 1876 ut
1145 1839 1361 1877 dominatur
1381 1839 1516 1876 maiori
1540 1838 1772 1875 multitudini

445 1910 666 1955 bestiarum,
696 1910 983 1955 numismatum,
1013 1909 1071 1947 vel
1107 1910 1384 1959 cuiuscumque
1412 1909 1497 1946 talis
1530 1908 1686 1955 usibilis,
1719 1908 1771 1945 sic

444 1980 495 2016 illi
534 1980 733 2017 communi
775 1980 938 2029 amplius
978 1988 1013 2018 et
1053 1980 1299 2030 multiplicius
1338 1979 1569 2017 dominatur.
1614 1978 1633 1999 *
1677 1979 1813 2016 Ideoo

443 2057 630 2088 consonat
651 2051 740 2087 dare
762 2051 929 2100 speciem
947 2063 1063 2099 quarn
1081 2052 1166 2100 quis
1188 2051 1363 2100 proprius
1384 2051 1528 2097 habuit,
1543 2051 1633 2100 quia
1652 2050 1772 2088 homo

443 2127 567 2170 potest
594 2121 789 2171 possidere
811 2122 976 2170 speciem
998 2122 1126 2159 multis
1154 2122 1269 2159 titulis
1291 2128 1327 2159 et
1353 2122 1497 2159 iuribus
1523 2121 1674 2159 uberius
1696 2121 1772 2158 sive

445 2192 590 2229 exilius.
647 2191 761 2228 Unde
782 2192 882 2229 idem
904 2198 961 2229 est
982 2193 1034 2230 sic
1054 2193 1192 2230 instare
1214 2192 1431 2242 sophistice,
1446 2204 1490 2229 ac
1513 2192 1542 2229 si
1566 2192 1617 2229 sic
1638 2203 1772 2241 argue-

445 2270 555 2308 retur,
579 2262 669 2299 ‘Tu
689 2262 807 2300 habes
837 2264 987 2308 bovem,
1010 2275 1103 2311 ergo
1124 2275 1195 2301 nec
1224 2270 1333 2312 potes
1354 2275 1468 2312 super
1496 2262 1571 2300 hoc
1592 2263 1770 2311 recipere,

448 2336 541 2371 ‘nec
576 2333 698 2371 debeo
732 2334 799 2370 tibi
833 2332 991 2371 bovem?
1051 2333 1161 2370 Idem
1195 2334 1297 2371 enim
1329 2334 1366 2370 in
1405 2334 1532 2382 specie
1567 2339 1693 2382 potest
1724 2332 1771 2370 de
1787 2348 1827 2379 30

446 2404 612 2442 essendo
649 2417 733 2442 esse
772 2405 864 2441 mihi
904 2404 1083 2449 debitum,
1125 2411 1161 2441 et
1199 2411 1330 2441 tamen
1378 2404 1468 2442 satis
1516 2403 1772 2452 multipliciter

446 2475 632 2520 habiturn,
655 2476 751 2512 sicut
782 2481 943 2512 constat.
1000 2474 1114 2512 Unde
1145 2475 1359 2511 dominium
1380 2474 1484 2523 quod
1513 2474 1632 2512 homo
1657 2474 1774 2510 habet

447 2545 493 2582 de
514 2545 577 2581 tali
599 2545 725 2593 specie
747 2552 803 2582 est
823 2545 1013 2593 singulare
1038 2544 1249 2582 secundum
1271 2545 1484 2582 subiectum
1506 2551 1542 2581 et
1563 2544 1773 2581 universale

447 2616 575 2664 quoad
614 2616 816 2661 obiectum,
857 2622 897 2652 ut
936 2616 1078 2653 dictum
1117 2622 1174 2652 est
1214 2615 1260 2652 de
1299 2616 1469 2652 dominio
1504 2616 1656 2661 divin03
1705 2614 1772 2652 sed

449 2686 676 2730 differenter,
700 2687 789 2735 quia
818 2685 925 2723 Deus
955 2698 1034 2723 non
1064 2692 1190 2734 potest
1219 2698 1301 2723 esse
1327 2686 1507 2722 dominus
1539 2685 1677 2734 speciei
1702 2684 1773 2721 nisi
1788 2691 1826 2723 35

484 2787 506 2808 7.
528 2780 595 2802 nota
607 2778 631 2802 A
643 2777 681 2804 C:
703 2780 775 2803 nala
792 2778 821 2804 B.
909 2784 931 2808 9.
952 2779 960 2807 [1
970 2778 1096 2804 dominii
1106 2777 1126 2803 B
1135 2778 1151 2804 f.
1164 2786 1245 2810 2191).
1343 2786 1381 2809 14.
1403 2777 1502 2803 divino
1517 2776 1540 2801 A
1552 2776 1589 2802 C:
1611 2776 1736 2802 dominio
1750 2776 1780 2801 B.
