2008 3305
62 209 248 267 OAP.1V.]
616 220 679 250 DE
712 219 952 252 PAUPERIE
987 218 1297 252 SALVATORIS.
1805 210 1887 265 283

190 328 265 369 ΒΑ]
281 330 412 367 turam,
432 323 469 357 in
487 334 560 368 qua
578 330 727 368 propter
744 324 932 358 racionem
959 334 1070 368 quam
1096 323 1218 367 tangis
1245 329 1347 357 extra
1373 323 1551 357 mundum
1571 330 1606 358 et

279 388 364 416 ante
391 382 570 416 mundum
598 393 754 416 vacuum
785 381 977 425 infinitum,
1006 393 1070 416 seu
1104 381 1165 416 ubi
1200 381 1394 424 infinitum,
1427 381 1604 416 astruxit:

279 439 377 483 quod
395 446 520 473 tamen
538 439 649 473 fidem
667 439 885 473 catholicam
900 446 1067 483 patenter
1081 446 1241 481 enervat,
1256 439 1285 474 si
1297 440 1359 473 ubi
1372 445 1434 473 aut
1448 451 1606 473 vacuum

278 507 335 530 res
368 496 528 531 existens
562 496 684 541 aliqua
710 497 932 539 affirmet-ur;
968 497 1143 541 quoniam
1169 497 1264 531 illius
1290 497 1395 531 vacui
1423 496 1605 531 infinitum

232 563 263 591 Β
281 553 296 573 *
313 555 416 589 Deus
433 561 562 588 auctor
580 566 652 588 non
670 554 799 597 fuerat,
818 566 886 589 nec
904 566 987 589 esse
1001 561 1179 598 potuerat,
1194 566 1278 589 cum
1295 566 1403 589 omne
1422 554 1604 589 infinitum

277 611 324 646 sit
342 611 540 647 infactibile
559 624 581 646 a
599 623 830 656 quocumque
846 623 853 646 :
882 612 912 646 si
930 624 1019 647 vero
1037 624 1195 647 vacuum
1220 613 1402 647 infinitum
1421 623 1495 647 non
1521 622 1604 646 esse

276 680 335 703 res
363 669 486 714 aliqua
513 676 706 713 astruatur,
736 669 971 714 consequitur
1000 671 1116 705 nichil
1145 682 1255 715 posse
1289 671 1327 705 in
1360 682 1404 705 eo
1437 670 1515 704 fieri
1542 676 1605 704 aut

277 727 400 770 creari,
430 733 465 761 et
492 728 540 761 ob
570 728 641 761 hoc
674 728 807 762 frustra
837 728 984 772 fingitur
1011 728 1192 763 creacioni
1224 728 1393 773 supponi.
1445 727 1559 762 Unde
1584 737 1604 760 e

276 784 458 819 contrario
488 791 594 819 acute
621 785 735 820 debes
763 786 956 820 advertere
983 787 1093 830 quod,
1124 786 1217 821 sicut
1244 798 1355 830 agere
1380 785 1515 820 alicubi
1541 784 1604 829 (de

60 850 206 891 intelligo
224 857 254 880 B.
278 842 349 877 situ
368 842 559 887 corporali,
579 842 755 887 intellige)
782 843 1023 887 presupponit
1047 855 1161 887 agens
1189 844 1239 878 ibi
1265 855 1358 886 esse,
1377 843 1429 878 sic
1454 849 1605 878 econtra

277 906 463 934 creantem
494 911 576 935 esse
603 900 737 935 alicubi
765 901 1004 946 presupponit
1033 901 1082 936 ibi
1117 913 1265 937 creare:
1306 901 1410 936 cuius
1445 901 1515 935 ista
1548 908 1604 935 est

276 957 385 1000 racio,
405 957 581 1002 quoniam
600 969 728 992 creans
752 964 881 1001 totum,
906 958 1058 1002 scilicet,
1077 959 1283 1004 producens
1308 960 1353 994 de
1370 958 1484 993 nihilo
1503 957 1604 992 aliud

276 1015 421 1059 alicubi,
440 1026 516 1050 non
534 1022 655 1060 potest
673 1015 743 1051 nisi
762 1016 798 1050 in
818 1027 884 1051 suo
904 1024 1037 1052 creato.
1089 1019 1174 1052 Non
1202 1018 1301 1052 enim
1326 1023 1382 1052 est
1408 1023 1548 1051 creator
1566 1015 1604 1049 in

276 1075 356 1107 loco
373 1073 443 1107 nisi
461 1085 527 1118 per
543 1074 728 1116 accidens,
747 1074 898 1117 scilicet,
925 1075 1011 1120 quia
1037 1081 1092 1110 est
1118 1075 1227 1110 simul
1251 1087 1335 1111 cum
1361 1086 1428 1110 suo
1455 1080 1604 1115 creato;

225 1141 262 1172 15
276 1143 343 1166 nec
362 1137 525 1165 creatum
542 1143 624 1166 esse
641 1138 762 1176 potest
778 1132 848 1168 nisi
866 1144 932 1177 per
955 1133 1185 1168 creacionem
1202 1146 1208 1168 z
1238 1140 1274 1168 et
1292 1133 1344 1167 ita
1367 1132 1605 1177 consequitur

276 1190 376 1234 quod
395 1196 537 1224 creator
553 1201 616 1224 seu
635 1201 765 1224 creans
783 1201 857 1224 non
875 1197 995 1235 potest
1012 1203 1094 1226 esse
1113 1191 1149 1225 in
1167 1191 1238 1226 situ
1256 1191 1307 1225 rei
1319 1197 1440 1225 create
1454 1190 1524 1224 nisi
1539 1201 1605 1234 per

277 1247 461 1290 accidens,
491 1248 641 1291 scilicet,
672 1248 757 1293 quia
784 1247 834 1282 ibi
861 1255 970 1283 creat.
1023 1249 1136 1284 Unde
1163 1248 1331 1284 clarescit
1366 1249 1412 1283 de
1438 1254 1604 1282 creatore

60 1304 158 1335 insiti
169 1314 265 1334 mun·
279 1305 419 1349 mundi,
438 1306 537 1350 quod
554 1306 636 1340 ideo
653 1305 719 1340 fuit
737 1305 774 1339 in
792 1306 912 1350 primo
930 1313 1117 1341 momento
1129 1306 1306 1351 temporis
1320 1305 1358 1340 in
1374 1306 1443 1340 situ
1460 1304 1602 1347 mundi,

59 1348 138 1378 dum
156 1355 186 1379 B.
279 1363 366 1408 quia
398 1363 448 1397 ibi
482 1363 662 1397 mundum
696 1363 846 1398 creavit.
897 1365 946 1398 Et
975 1364 1258 1399 fundamentum
1291 1364 1396 1398 istius
1426 1369 1482 1398 est
1516 1362 1604 1408 quia

226 1431 265 1452 20
279 1433 408 1455 creans
432 1427 550 1456 totum
575 1420 689 1455 nichil
714 1421 888 1465 supponit
914 1428 1046 1466 preter.
1063 1434 1102 1457 se
1127 1422 1259 1467 ipsum,
1285 1428 1322 1456 et
1347 1422 1394 1456 ob
1420 1422 1491 1455 hoc
1517 1427 1604 1455 ante

278 1479 506 1513 creacionem
524 1485 559 1513 et
578 1485 785 1513 creaturam
802 1491 985 1524 nusquam
1002 1486 1070 1522 est,
1087 1486 1123 1515 et
1142 1491 1207 1525 per
1231 1479 1461 1515 creacionem
1478 1485 1533 1514 est
1552 1478 1602 1513 ibi

277 1536 338 1571 ubi
365 1548 442 1571 rem
465 1543 564 1571 creat
583 1549 592 1578 3
618 1543 655 1571 at
679 1543 830 1571 econtra
853 1548 967 1581 agens
994 1549 1273 1582 presupponens
1295 1549 1335 1572 se
1357 1549 1441 1572 esse
1464 1537 1501 1571 in
1522 1538 1603 1571 loco

60 1605 99 1632 ut
113 1605 190 1641 agat
277 1600 316 1628 ut
334 1601 431 1638 agat,
450 1594 550 1639 prius
569 1600 624 1629 est
642 1600 774 1628 natura
789 1600 825 1629 et
843 1605 865 1628 a
883 1595 1098 1630 causalitate
1121 1595 1183 1630 ubi
1201 1595 1287 1640 agit,
1307 1606 1418 1640 quam
1436 1594 1486 1629 ibi
1505 1600 1602 1638 agat.

52 1645 154 1685 prius
169 1648 216 1674 est
280 1653 397 1696 Igitur
421 1664 465 1687 ex
491 1663 563 1696 quo
590 1653 694 1686 Deus
720 1663 795 1686 non
821 1652 931 1696 exigit
957 1664 1026 1688 nec
1052 1653 1225 1698 supponit
1253 1665 1292 1688 se
1309 1665 1392 1688 esse
1409 1653 1446 1687 in
1464 1654 1544 1687 loco
1562 1658 1602 1686 ut

59 1691 267 1761 ῗέὶῖῗέῗΖ-ΐὲῖεα
279 1717 365 1755 agat
398 1710 570 1753 creando,
600 1710 693 1744 sicut
721 1721 791 1745 nec
818 1716 964 1756 tempus
995 1711 1166 1756 supponit
1197 1711 1297 1757 (quia
1324 1711 1468 1746 creacio
1490 1710 1603 1745 nichil

62 1783 125 1805 om.
143 1781 173 1805 B.
276 1767 518 1814 presupponit
542 1773 665 1812 preter
690 1768 890 1803 creativam
917 1768 1154 1814 potenciam),
1186 1770 1338 1804 omnino
1367 1768 1605 1814 consequitur

277 1826 377 1871 quod
408 1826 531 1860 Deum
560 1837 643 1860 esse
671 1826 804 1860 alicubi
836 1838 949 1861 causa
978 1839 1052 1861 non
1081 1827 1159 1871 fuit,
1190 1839 1259 1862 nec
1289 1839 1370 1862 esse
1396 1833 1518 1872 potest
1541 1832 1605 1861 aut

276 1883 403 1928 potuit,
423 1884 521 1928 quod
540 1884 644 1918 Deus
662 1890 761 1918 creat
778 1883 912 1918 alicubi
927 1896 935 1927 ;
963 1884 1056 1919 sicut
1074 1896 1142 1919 nec
1162 1886 1286 1919 Deum
1304 1896 1387 1920 esse
1404 1884 1605 1929 aliquando

279 1952 391 1976 causa
416 1953 497 1976 esse
522 1941 641 1986 potuit
667 1948 730 1976 aut
755 1948 877 1986 potest
901 1943 1000 1987 quod
1026 1943 1131 1977 Deus
1156 1942 1356 1987 aliquando
1379 1942 1517 1977 creavit
1544 1948 1606 1976 aut

225 2007 266 2038 30
280 2006 388 2034 creat.
427 2001 476 2034 Et
486 2006 542 2034 est
554 2000 665 2034 fixum
677 2000 777 2044 quod
792 1999 962 2044 diximus,
977 2000 1125 2043 scilicet,
1138 2001 1238 2045 quod
1253 2002 1357 2035 Deus
1369 2000 1406 2034 in
1420 2001 1539 2045 primo
1551 2000 1606 2033 in-

278 2057 390 2092 stanti
402 2057 554 2101 originis
568 2057 696 2092 mundi
712 2057 849 2102 incepit
862 2069 943 2093 esse
957 2057 1141 2102 dominus,
1154 2069 1224 2093 nec
1237 2057 1411 2093 dominus
1429 2064 1514 2093 ante
1528 2057 1606 2092 fuit.

328 2171 559 2206 IOHANNES.
586 2170 648 2205 Sic
665 2170 765 2205 racio
783 2170 970 2215 patefacit.
1624 2169 1689 2203 IV.

51 2231 132 2273 suit
143 2231 267 2262 addidi.
326 2230 556 2263 RICARDUS.
583 2230 641 2262 Ex
667 2240 738 2273 quo
764 2229 874 2273 igitur
901 2231 1004 2263 Deus
1031 2229 1068 2263 in
1097 2228 1225 2263 mundi
1253 2229 1393 2274 origine
1420 2229 1499 2273 fuit,
1529 2229 1605 2264 sive
1618 2228 1886 2290 icgfflatieffiaenrrig-be

280 2297 393 2330 opera
420 2298 482 2320 sex
509 2285 652 2320 dierum
678 2292 784 2321 erant
810 2286 918 2321 simul
943 2287 1051 2329 facta,
1082 2287 1182 2322 iuxta
1210 2287 1307 2329 illud,
1338 2288 1417 2332 Qui
1438 2288 1543 2321 vivit
1564 2288 1604 2321 z'n
1619 2302 1695 2323 ment
1709 2297 1741 2323 of
1751 2295 1886 2323 creation.

279 2348 445 2378 eternum
470 2345 589 2378 simul
610 2345 754 2378 creavit
777 2346 915 2385 omnia,
934 2344 1049 2378 Eccli.
1066 2345 1163 2379 xviii.
1186 2354 1200 2379 1
1231 2344 1359 2389 (quam
1377 2345 1605 2379 sentenciam

280 2399 425 2433 videtur
442 2400 571 2434 beatus
589 2400 820 2443 Augustinus
841 2399 1000 2443 tenere);
1028 2400 1105 2434 sive
1131 2411 1244 2444 opera
1269 2400 1330 2434 illa
1353 2400 1497 2435 fuerant
1522 2411 1605 2434 suc-

280 2456 507 2491 cessionibus
526 2456 595 2490 sibi
614 2456 795 2491 distinctis
814 2464 946 2499 creata,
967 2456 1092 2501 (quarn
1116 2457 1343 2492 sentenciam
1361 2458 1607 2492 communiter

281 2514 390 2548 ceteri
405 2514 574 2548 doctores
591 2520 717 2549 tenent
736 2521 771 2549 et
789 2526 857 2548 nos
875 2515 1057 2549 credimus
1075 2515 1267 2558 veriorem,
1287 2515 1380 2550 sicut
1394 2515 1430 2549 in
1443 2516 1605 2560 quodam

281 2572 402 2606 libello
431 2583 496 2616 per
523 2578 558 2606 te
587 2584 609 2606 a
638 2572 747 2606 nobis
781 2579 911 2607 exacto
939 2572 1200 2616 ostendimus),
1230 2575 1333 2608 Deus
1359 2584 1442 2608 esse
1470 2573 1605 2617 incepit

228 2637 269 2667 40
282 2629 453 2663 dominus
472 2641 593 2663 rerum
611 2629 777 2664 omnium
796 2637 1011 2665 creatarum.
1062 2632 1119 2665 Tu
1138 2631 1246 2675 igitur
1259 2631 1318 2665 dic
1335 2631 1523 2666 racionem
1541 2632 1604 2666 ali-

282 2698 394 2731 quam
412 2698 523 2721 unam
541 2694 603 2722 aut
622 2689 754 2732 plures,
774 2687 803 2722 si
822 2688 931 2730 nosti,
950 2688 1058 2723 huius
1078 2689 1191 2723 divini
1210 2689 1374 2724 dominii.

333 2746 421 2779 IOH.
448 2745 633 2779 Raciones
653 2746 721 2780 iste
747 2745 835 2779 mihi
855 2746 1043 2780 videntur:
1073 2747 1196 2781 Deum
1220 2746 1377 2781 dicimus
1400 2747 1602 2790 dominum,

284 2802 369 2846 quia
388 2809 521 2837 cuncta
538 2803 623 2837 fecit
644 2804 689 2838 de
714 2803 849 2838 nichilo
877 2811 911 2839 et
937 2811 1069 2839 cuncta
1094 2811 1282 2849 preservat
1300 2816 1322 2839 a
1339 2805 1499 2849 nichilo3
1526 2817 1604 2839 ani-
