2095 3278
858 212 1062 246 RICARDI
1095 212 1399 245 ARMACHANI
1858 200 1960 261 [mn.
1974 214 2023 246 11.

438 316 614 357 5.mereri
644 323 681 353 et
711 316 901 362 acquirere
934 323 1103 362 poterant
1131 317 1244 352 vitam
1279 324 1454 352 eternam.
1506 316 1611 359 Item,
1642 315 1807 361 premisit
1821 320 1910 363 [170

480 375 642 420 capitulo
659 386 717 410 XV.
747 374 870 418 14—18‚
890 376 995 409 Deus
1017 377 1116 409 enim
1143 375 1188 410 ab
1204 376 1319 409 z'nz'cz'o
1342 375 1539 408 constituit
1561 374 1758 418 hominem,
1775 378 1812 408 et

479 433 637 477 reliquit
652 444 735 466 eum
753 432 794 465 in
812 442 929 466 manu
947 433 1097 466 consilii
1118 433 1206 474 suz',·
1231 432 1368 466 adiecit
1383 432 1565 466 mandata
1590 434 1626 465 et
1635 433 1812 476 precepta

479 502 560 525 sua.
602 490 633 524 S
635 491 651 524 ε’
661 490 826 524 volueris
843 491 1023 524 mandata
1041 501 1262 524 conservare
1279 489 1551 524 conservabunt
1565 493 1600 523 te
1621 493 1657 523 et
1672 490 1713 523 in
1723 491 1809 534 per-

472 548 758 593 petuumfidem
775 548 958 592 placitam
971 548 1111 592 facere.
1154 548 1346 592 Apposuit
1362 547 1433 581 tz'bz‘
1447 558 1587 591 aquam
1604 550 1639 581 et
1660 547 1784 591 zgrnem
1791 557 1812 587 ,¹
1826 555 1845 587 5

482 604 537 638 ad
546 605 650 649 quod
663 605 829 640 volueris
850 606 1004 650 porrzge
1027 616 1182 639 manum
1208 609 1314 639 tuam
1331 617 1345 640 .·
1369 608 1456 639 ante
1471 604 1656 638 hominem
1675 605 1758 638 vita
1776 606 1815 637 et

486 661 618 706 *mors,
637 662 771 697 bonum
788 666 824 696 et
840 663 1007 704 malma:
1032 663 1133 707 quod
1140 663 1331 707 placuerit
1344 663 1379 696 ez*
1393 662 1550 696 dabitur
1564 662 1635 696 z'llz‘.
1672 660 1759 705 Ubi,
1781 661 1810 696 si
1823 667 1856 696 D

484 731 551 765 per
572 721 695 754 vitam
714 720 830 754 vitam
855 726 1021 755 eternam
1046 719 1261 764 accipimus,
1281 719 1370 754 satis
1395 725 1496 764 patet
1518 719 1617 764 quod
1643 719 1690 753 ad
1712 719 1813 753 illam

485 777 750 822 acquirendam
774 778 987 813 facultatem
1011 778 1180 823 accepit;
1209 777 1309 822 quod
1333 783 1505 822 patenter
1530 777 1690 811 affirmat
1715 777 1818 821 quod

477 837 673 881 placuerit
695 835 758 869 z'llz'
782 835 937 870 dabitur
947 837 983 869 ez'
996 848 1009 871 .·
1035 836 1096 880 qui
1116 847 1244 870 sensus
1270 835 1438 870 litteralis
1465 846 1510 869 eo
1527 834 1639 869 michi
1657 834 1812 878 videtur,
1829 848 1868 872 10

484 893 584 938 quod
598 892 648 927 ibi
666 892 843 938 premisit,
859 893 907 927 Si
922 894 1089 928 volueris
1101 894 1282 927 mandata
1300 904 1530 936 conservare,
1545 892 1816 927 conservabunt

484 955 528 996 te,
549 951 595 986 de
613 951 897 986 conservacione
916 958 1094 996 perpetua
1120 951 1209 985 illud
1228 951 1446 995 intelligens.
1490 951 1602 995 Quod
1626 951 1814 995 probatur,

485 1009 573 1055 quia
588 1009 763 1054 sequitur,
781 1010 819 1043 E
821 1013 839 1056 ζ
853 1010 894 1043 in
906 1011 1132 1054 perpetuum
1144 1009 1263 1054 fidem
1273 1008 1468 1053 placidam
1481 1009 1622 1053 facere,
1642 1007 1815 1053 qualiter-

486 1078 630 1112 cunque
649 1067 739 1101 illud
758 1066 962 1112 accipiatur
979 1067 1027 1101 ad
1046 1067 1219 1110 litteram,
1238 1066 1523 1111 perpetuitatem
1541 1072 1686 1111 gratam
1703 1066 1816 1100 habet

487 1136 670 1161 annexam
686 1137 693 1160 :
721 1125 820 1160 unde
839 1124 1074 1169 consequitur
1092 1125 1190 1170 quod
1207 1125 1319 1159 homo
1338 1125 1391 1159 sic
1410 1137 1432 1159 a
1450 1126 1534 1159 Deo
1546 1124 1662 1159 fuerat
1680 1123 1814 1158 consti·
1831 1131 1869 1163 15

488 1189 600 1226 tutus,
613 1183 712 1228 quod
730 1194 797 1227 per
814 1183 1074 1217 mandatorum
1092 1182 1373 1217 observanciam
1385 1188 1530 1227 poterat
1543 1181 1612 1216 sibi
1627 1181 1816 1226 acquirere

444 1247 476 1281 6,
489 1240 604 1275 vitam
628 1246 795 1275 eternam
815 1252 824 1283 ;
851 1240 950 1285 quod
977 1239 1055 1274 sine
1078 1239 1202 1283 gracia
1227 1250 1303 1273 non
1321 1240 1481 1275 valebat.
1532 1239 1642 1283 Quod
1667 1239 1818 1284 insuper

487 1298 670 1343 propheta
699 1299 797 1333 Osee
826 1298 863 1332 in
892 1309 1052 1343 persona
1080 1297 1153 1332 Dei
1179 1299 1333 1342 loquens
1358 1298 1471 1332 michi
1496 1298 1642 1332 videtur
1666 1296 1819 1332 innuere

489 1356 561 1391 isto
594 1356 718 1399 modo,
748 1356 845 1401 Ego,
879 1356 993 1400 quasi
1021 1357 1212 1390 nutricius
1244 1356 1432 1401 Effraym,
1456 1356 1660 1401 portabam
1687 1366 1746 1390 eos
1777 1355 1820 1389 in

488 1413 656 1448 humeris
689 1414 790 1457 meis,
829 1417 865 1447 et
895 1414 1106 1447 nescierunt
1142 1413 1245 1457 quod
1273 1425 1444 1448 curarem
1477 1424 1535 1448 eos
1564 1414 1606 1448 in
1625 1413 1819 1458 funiculis
1833 1419 1874 1441 20

488 1471 644 1513 Adanu,-
668 1471 819 1506 traham
849 1482 908 1505 eos
933 1471 975 1505 in
1002 1471 1168 1505 vinculis
1193 1472 1368 1505 caritatis
1397 1470 1498 1516 (Ose.
1522 1470 1569 1506 xi.
1592 1480 1624 1514 3,
1648 1469 1685 1515 4)
1707 1483 1714 1505 :
1743 1481 1819 1505 non

490 1529 591 1564 enim
613 1529 760 1564 videtur
784 1529 884 1574 quod
907 1528 1055 1563 vincula
1074 1528 1239 1564 caritatis
1257 1529 1437 1564 funiculos
1454 1529 1538 1563 Ade
1566 1534 1728 1571 vocaret,
1749 1527 1820 1563 nisi

491 1586 627 1622 caritas
646 1586 768 1632 ipsum
784 1586 951 1621 vinciens
977 1586 1142 1621 Creatori
1168 1586 1204 1620 in
1229 1598 1295 1621 sua
1315 1586 1504 1622 creacione
1528 1586 1564 1620 in
1583 1586 1664 1631 ipso
1681 1586 1822 1631 fuisset,

492 1644 668 1690 quoniam
687 1650 836 1689 propter
854 1644 1056 1687 caritatem,
1071 1655 1183 1689 quam
1200 1644 1441 1689 postmodum
1459 1644 1660 1689 penitendo
1671 1643 1820 1689 recepit,

491 1713 728 1748 nequaquam
754 1701 805 1737 ita
821 1708 992 1745 vocaret3
1021 1708 1076 1737 set
1098 1701 1229 1747 pocius
1255 1702 1436 1737 funiculos
1461 1701 1598 1737 Christi
1617 1713 1682 1737 seu
1702 1702 1820 1737 Marie
1835 1710 1873 1743 25

492 1760 621 1795 matris
647 1760 736 1803 eius,
755 1766 817 1794 aut
838 1759 993 1794 Ieremie
1018 1766 1081 1795 aut
1109 1760 1286 1794 Iohannis
1314 1760 1482 1805 Baptiste
1507 1767 1570 1794 aut
1596 1759 1746 1794 alterius
1773 1760 1821 1794 ab

494 1824 598 1853 utero
632 1817 840 1852 innocentis
859 1829 866 1852 :
910 1817 1023 1851 immo
1057 1818 1171 1852 verba
1211 1818 1458 1862 precedencia
1499 1817 1590 1852 illud
1623 1817 1822 1861 affirmant,

495 1875 583 1920 quia
600 1875 689 1910 dicit
707 1887 745 1910 se
763 1875 876 1910 fuisse
895 1874 1001 1919 quasi
1022 1874 1219 1910 nutricium
1243 1875 1424 1920 Effraym,
1442 1881 1478 1910 et
1505 1886 1567 1910 eos
1592 1882 1760 1920 portasse
1783 1875 1822 1910 in

492 1933 655 1968 humeris
692 1933 778 1975 suis,
813 1932 964 1976 scilicet,
997 1944 1124 1967 curam
1157 1944 1284 1968 eorum
1317 1932 1487 1977 gessisse,
1521 1936 1557 1967 et
1588 1934 1824 1975 nescierunt,-

493 1991 621 2025 volens
649 1989 702 2033 (ut
729 1990 841 2024 michi
868 1989 1028 2034 videtur)
1053 1990 1257 2035 exprimere
1285 2002 1325 2025 se
1351 1991 1518 2025 similiter
1542 2002 1668 2025 curam
1695 2002 1822 2025 eorum
1837 2002 1878 2033 30

493 2048 652 2092 gessisse
669 2054 704 2083 et
716 2048 829 2082 fuisse
846 2059 973 2082 eorum
988 2047 1197 2090 nutricium,
1213 2053 1268 2083 set
1282 2048 1351 2092 ipsi
1370 2048 1460 2083 illud
1478 2059 1552 2082 non
1565 2049 1799 2083 adverterant
1814 2060 1823 2092 ;

495 2105 589 2141 sicut
614 2105 681 2140 fuit
707 2117 729 2140 a
754 2105 937 2150 principio
957 2106 1133 2141 nutricius
1150 2106 1275 2140 Adam
1299 2112 1335 2141 et
1353 2105 1431 2141 eius
1455 2117 1581 2140 curam
1600 2106 1716 2150 gessit
1733 2112 1770 2141 et
1788 2106 1826 2140 in

495 2163 651 2198 vinculis
687 2163 851 2198 caritatis
884 2175 968 2198 eum
1002 2163 1122 2207 traxit,
1158 2163 1242 2198 licet
1277 2164 1356 2209 ipse
1390 2170 1476 2199 ante
1509 2170 1703 2208 peccatum
1737 2163 1827 2199 illud

495 2221 617 2255 minus
659 2221 855 2267 diligenter
896 2221 1118 2266 adverterat,
1161 2227 1200 2256 ut
1242 2221 1322 2266 ipse
1364 2233 1431 2256 suo
1472 2232 1584 2266 opere
1629 2221 1823 2267 peccando

496 2278 676 2324 probavit.
1837 2286 1877 2320 35

398 2401 486 2435 VII,
548 2394 658 2427 Hanc
701 2392 942 2437 sentenciam,
976 2392 1061 2428 licet
1103 2392 1284 2437 Magister
1318 2392 1600 2428 Sentenciarum
1633 2404 1715 2427 eam
1752 2403 1826 2427 non

458 2464 485 2497 7.
498 2457 630 2494 teneat,
644 2450 789 2485 videtur
800 2450 911 2484 michi
931 2450 1087 2486 Genesis
1101 2450 1250 2484 inicium
1264 2451 1472 2485 continere:
1498 2451 1560 2485 ubi
1580 2450 1632 2485 sic
1647 2450 1827 2493 scribitur,

507 2509 610 2543 Vidit
632 2509 736 2542 Deus
759 2513 890 2543 cuncta
915 2520 986 2552 que
998 2509 1153 2553 fecerat,
1172 2512 1208 2542 et
1223 2513 1333 2543 erant
1350 2509 1462 2543 valde
1478 2509 1571 2542 bona
1579 2521 1600 2550 ,⁶
1623 2512 1660 2542 et
1672 2508 1827 2553 sactum

497 2570 552 2601 est
567 2569 717 2611 vespere
727 2570 763 2600 et
779 2578 886 2600 mane
896 2566 973 2600 dies
989 2570 1127 2610 sextus,
1142 2567 1235 2601 Gen.
1251 2566 1272 2601 i.
1287 2576 1343 2610 31,
1361 2573 1397 2601 et
1412 2566 1447 2600 ii.
1464 2576 1494 2601 Ι.
1529 2565 1567 2601 Si
1581 2565 1679 2600 enim
1694 2572 1826 2600 cuncta

498 2636 611 2668 opera
636 2624 706 2659 Dei
734 2624 771 2658 in
798 2624 873 2659 suis
899 2624 1077 2668 gradibus
1103 2624 1248 2659 fuerant
1267 2624 1375 2659 valde
1401 2624 1512 2666 bona,
1531 2623 1584 2658 sic
1610 2624 1722 2658 homo
1746 2630 1823 2658 erat
1837 2631 1880 2662 40

498 2682 606 2716 valde
624 2682 743 2716 bonus
762 2682 797 2715 in
817 2693 883 2716 sua
907 2681 1041 2726 specie,
1061 2688 1099 2717 ut
1120 2681 1155 2715 in
1181 2682 1256 2716 suis
1282 2682 1474 2726 speciebus
1493 2688 1613 2716 cetere
1632 2687 1797 2716 creature
1814 2693 1822 2716 :

501 2746 554 2774 set
573 2740 654 2784 quis
672 2745 793 2784 potest
813 2740 935 2774 dicere
953 2739 1140 2774 hominem
1158 2740 1265 2774 valde
1282 2739 1423 2773 bonum
1441 2745 1502 2773 aut
1529 2739 1743 2783 perfectum,
1763 2738 1823 2783 qui

501 2809 575 2833 non
599 2797 762 2842 possidet
787 2797 988 2840 caritatem,
1008 2808 1078 2841 que
1101 2803 1156 2832 est
1175 2797 1359 2831 vinculum
1387 2796 1626 2841 perfeccionis
1655 2795 1716 2840 (ad
1745 2796 1824 2831 Col.
