2095 3278
54 224 243 283 cAP.1X.]
602 235 667 266 DE
701 233 942 266 PAUPERIE
975 231 1289 264 SALVATORIS.
1796 234 1881 274 449

165 354 254 395 410]
323 350 411 384 RIC.
439 349 615 393 Superius
641 348 706 383 tibi
732 347 806 383 dixi
833 348 932 393 quod
958 349 1027 391 lex,
1047 347 1245 382 iudicando
1270 357 1347 381 rem
1374 345 1455 389 sibi,
1473 356 1548 378 non
1567 344 1600 379 ei
1619 352 1665 377 He
1679 352 1730 378 has
1743 361 1778 378 no
1792 352 1862 384 title,

275 406 414 441 confert
443 406 649 440 dominium
679 418 748 441 nec
777 406 939 451 aliquem
973 406 1117 440 titulum
1152 404 1201 438 illi
1235 409 1400 448 prestat:
1437 409 1491 437 set
1521 402 1600 447 ipse

275 463 464 498 mediante
480 465 560 508 lege
579 476 644 509 per
669 464 842 498 accidens
864 463 916 508 (ut
945 461 1119 506 diximus)
1146 461 1421 506 possessionem
1447 459 1601 504 acquirit
1615 469 1664 494 but
1679 469 1746 506 only
1758 468 1842 506 civil·

275 521 431 565 civilem,
446 521 475 556 si
494 522 729 566 possessione
748 528 833 556 ante
851 528 1018 556 caruerat
1035 534 1043 562 3
1070 531 1141 565 que
1159 520 1211 554 ita
1231 525 1447 564 potestesse
1466 517 1602 552 iniusta
1615 502 1881 566 ξ’ῃοξζθζὲζῗξζζῗωὴ

238 588 256 619 5
277 587 315 614 ut
334 579 430 614 iusta
449 579 568 624 (sicud
586 586 641 614 est
660 580 696 613 in
716 579 906 624 proposito
932 577 1071 622 nostro)
1088 589 1096 612 :
1124 578 1222 611 unde
1248 577 1284 611 in
1309 577 1380 610 hoc
1402 587 1491 610 casu
1516 576 1601 620 quia
1614 569 1866 634 ζῇὲξξξὲξζθωῃ·

275 637 432 672 scienter
457 638 601 671 titulum
628 637 730 671 illum
756 636 921 681 iniquum
947 635 1119 678 admittit,
1147 634 1297 678 scilicet,
1324 633 1599 678 possessionem

274 693 451 739 iniquam,
479 706 500 729 a
524 706 591 729 sua
621 693 854 729 consciencia
888 701 924 728 et
957 705 979 727 a
1012 694 1092 737 lege
1125 692 1198 727 alia
1228 691 1281 737 (ut
1308 690 1482 736 diximus)
1513 702 1598 725 con-

273 752 507 796 dempnatur.

326 810 416 844 IOH.
442 810 554 844 Risus
578 809 690 844 michi
710 809 854 844 videtur
878 809 1062 843 affirmare
1088 807 1366 853 possessionem
1392 807 1493 841 illam
1520 818 1601 841 esse
1615 813 1870 852 albeitponfirmed

219 881 258 902 10
276 867 451 902 iniustam
478 879 548 912 que
575 867 670 902 iusto
697 867 830 902 iudicio
861 866 931 901 sibi
959 867 1169 908 confertur3
1198 865 1373 910 quoniam
1397 865 1464 899 hec
1490 848 1839 915 michiffldge‘ffgffffffi

274 925 420 959 videtur
437 925 725 969 repugnanciam
744 924 941 968 continere,
961 924 1109 967 scilicet,
1136 922 1412 968 possessionem
1439 934 1522 957 esse
1549 922 1602 956 in-

274 983 411 1017 iustam
428 989 464 1017 et
482 982 629 1017 iustam.

321 1042 408 1075 RIC.
441 1041 552 1075 Risus
586 1047 670 1075 tuus
705 1041 831 1075 dolore
866 1040 1081 1075 miscebitur
1113 1046 1149 1075 et
1183 1046 1348 1074 extrema
1389 1038 1515 1083 gaudii
1551 1038 1603 1073 tui

219 1110 252 1138 D
275 1097 423 1133 *luctus
459 1098 512 1142 (ut
547 1097 696 1142 estimo)
732 1098 952 1142 occupabit;
988 1097 1164 1143 quoniam
1198 1097 1376 1132 iudicium
1410 1095 1602 1141 tripliciter
1615 1104 1687 1130 fora
1697 1103 1864 1141 judgement

217 1171 254 1203 15
275 1156 411 1190 iustum
429 1156 616 1199 asseritur,
642 1156 765 1202 quoad
792 1167 907 1200 agens
934 1162 1089 1199 tantum,
1116 1155 1240 1200 quoad
1267 1155 1419 1199 paciens
1445 1137 1884 1202 tantum,ss²{{2{5rss{‡¹ttssgu⁵

272 1220 308 1248 et
338 1213 461 1258 quoad
491 1220 708 1259 utrumque:
752 1220 789 1248 et
824 1213 876 1248 sic
910 1220 966 1248 est
1001 1213 1180 1247 iudicium
1214 1212 1353 1247 iustum
1387 1211 1605 1256 simpliciter
1619 1205 1666 1230 the
1679 1203 1766 1236 given
1782 1202 1872 1233 ‘Oithe

1618 1238 1746 1268 receiver,
1760 1246 1791 1262 or
1804 1242 1833 1262 to

272 1271 393 1316 primo
411 1272 534 1314 modo,
547 1283 591 1305 ac
607 1271 771 1306 secundo
791 1271 967 1305 iudicium
982 1271 1186 1305 secundum
1199 1270 1287 1315 quid
1303 1270 1380 1304 sive
1398 1269 1604 1304 secundum
1618 1272 1704 1301 both;
1723 1271 1779 1296 and
1794 1270 1821 1295 in
1835 1269 1883 1294 the

49 1338 172 1359 non...
184 1331 254 1359 aut.
273 1328 412 1373 aliquid
431 1341 504 1363 non
523 1329 659 1363 iustum
678 1328 895 1373 simpliciter
913 1328 986 1362 dici
1004 1334 1136 1372 potest.
1186 1329 1342 1362 Constat
1360 1334 1485 1362 autem
1506 1326 1602 1360 istud
1616 1305 1885 1375 ῗξξῖἓιῖῗῗῐξῗῗὼε

49 1382 113 1402 om·
131 1379 162 1402 Β·
274 1386 449 1421 iudicium
464 1387 586 1431 quoad
604 1398 720 1430 agens
742 1386 856 1430 (puta,
871 1386 995 1430 quoad
1014 1384 1188 1429 iudicem)
1205 1396 1288 1419 esse
1303 1385 1450 1428 iustum,
1463 1395 1603 1429 nequa-
1617 1380 1747 1398 recewer.

217 1459 257 1481 20
275 1455 386 1488 quam
411 1445 535 1488 quoad
560 1455 724 1488 passum,
751 1444 927 1488 quoniam
952 1455 1019 1478 nec
1045 1450 1100 1478 est
1127 1442 1264 1477 iustum
1291 1443 1414 1487 quoad
1440 1449 1602 1477 actorem

274 1501 451 1546 iniquum,
481 1501 540 1546 qui
568 1514 633 1546 per
658 1502 781 1546 ipsum
807 1501 982 1535 iudicium
1009 1501 1116 1535 infert
1144 1512 1206 1535 reo
1237 1499 1421 1543 iniuriam,
1453 1511 1521 1535 nec
1548 1506 1604 1534 est

273 1559 409 1593 iustum
426 1571 488 1594 reo
507 1558 567 1604 qui
587 1558 724 1603 patitur
742 1570 807 1603 per
831 1558 1007 1593 iudicium
1034 1559 1081 1592 ab
1106 1565 1229 1592 actore
1256 1558 1438 1592 iniuriam.
1491 1558 1605 1592 Unde

273 1616 510 1651 contrarietas
540 1628 613 1650 non
641 1622 697 1650 est
729 1616 899 1651 absoluta
929 1623 967 1650 ut
994 1616 1112 1660 fingis,
1140 1615 1315 1660 quoniam
1339 1627 1414 1650 non
1439 1622 1495 1650 est
1521 1627 1606 1660 pos-

276 1674 392 1708 sessio
418 1673 478 1708 illa
504 1674 602 1708 iusta
620 1673 835 1718 simpliciter
857 1685 976 1718 neque
1000 1673 1120 1708 eciam
1142 1674 1266 1718 quoad
1289 1685 1452 1717 passum,
1472 1672 1540 1708 etsi
1559 1673 1605 1707 sit

217 1744 256 1774 ²5
277 1731 371 1766 iusta
405 1731 609 1766 secundum
643 1731 791 1776 aliquid,
827 1731 977 1773 scilicet,
1013 1731 1137 1775 quoad
1172 1730 1332 1765 iudicem
1366 1730 1604 1765 iudicantem.

276 1789 326 1823 Et
352 1788 382 1823 si
410 1788 576 1823 intimius
602 1789 853 1833 perscruteris,
880 1789 979 1823 nullo
1010 1789 1142 1823 horum
1171 1789 1366 1825 modorum
1396 1795 1452 1823 est
1479 1789 1606 1824 titulus

275 1847 334 1881 ille
353 1845 470 1881 iustus
489 1858 554 1881 seu
581 1846 768 1891 possessio
789 1846 851 1880 illa
879 1846 986 1889 iusta,
1005 1846 1175 1891 quamvis
1200 1845 1297 1880 iusto
1322 1846 1457 1880 iudicio
1480 1846 1606 1891 quoad

274 1915 389 1948 agens
408 1905 590 1939 habeatur
607 1905 654 1938 ab
673 1904 809 1949 impio;
836 1903 1011 1949 quoniam
1035 1903 1162 1939 titulus
1189 1915 1254 1948 per
1277 1903 1455 1938 iudicium
1480 1904 1604 1948 acqui-

276 1961 367 1996 situs
385 1962 432 1996 ab
451 1961 574 2006 aliquo
597 1962 746 1996 racione
769 1961 892 1996 iudicii
921 1962 1039 1996 iustus
1066 1961 1139 1996 dici
1167 1973 1241 1996 non
1266 1968 1398 2006 potest,
1419 1961 1489 1996 nisi
1509 1962 1605 1996 iusto

217 2034 257 2065 30
277 2020 399 2064 quoad
417 2031 568 2064 passum
587 2020 723 2054 iudicio
747 2019 979 2065 acquiratur;
1007 2019 1184 2064 quoniam
1206 2019 1353 2063 agentis
1376 2019 1521 2054 iusticia
1539 2031 1605 2054 ne-

277 2088 464 2122 quaquam
482 2077 519 2111 in
537 2089 648 2122 passo
667 2078 811 2112 titulum
830 2077 965 2112 iustum
983 2078 1117 2112 reddit.

326 2135 415 2169 IOH.
441 2136 576 2169 Adhuc
597 2135 674 2170 istis
693 2135 897 2178 recalcitro,
918 2135 1093 2180 quoniam
1117 2134 1230 2169 michi
1249 2135 1398 2169 videtur
1422 2136 1520 2179 quod
1539 2134 1607 2170 iste

276 2193 389 2227 habet
407 2193 506 2227 hunc
524 2193 671 2227 titulum
697 2193 774 2227 sive
797 2193 1075 2237 possessionem
1100 2204 1144 2227 ex
1168 2192 1387 2227 auctoritate
1411 2192 1513 2236 legis,
1532 2205 1607 2227 me-

278 2250 405 2284 diante
420 2249 490 2284 isto
502 2250 636 2284 iudicio
654 2263 662 2292 ;
687 2257 722 2285 et
738 2251 879 2285 habens
892 2251 1153 2285 auctoritatem
1167 2250 1260 2294 legis
1275 2250 1387 2284 habet
1400 2250 1581 2284 iusticiam
1597 2261 1605 2293 ;

219 2320 258 2350 35
278 2313 314 2342 et
327 2307 377 2342 ita
388 2319 454 2351 per
466 2307 564 2343 istud
576 2308 751 2342 iudicium
764 2308 919 2342 efficitur
930 2308 966 2342 in
982 2307 1051 2342 isto
1063 2319 1176 2352 passo
1190 2319 1262 2342 una
1274 2307 1364 2351 legis
1376 2307 1522 2342 iusticia
1535 2318 1608 2352 qua

278 2365 372 2400 iuste
390 2365 554 2409 possidet
574 2377 638 2400 seu
657 2365 795 2400 detinet
814 2365 903 2399 illud
921 2365 1020 2410 quod
1039 2365 1109 2400 sibi
1127 2372 1183 2400 est
1202 2365 1457 2399 adiudicatum
1475 2377 1497 2399 a
1515 2366 1606 2409 lege.

326 2423 413 2457 RIC.
443 2424 597 2457 Constat
623 2422 756 2457 clarius
782 2434 826 2458 ex
852 2422 1043 2467 premissis
1062 2423 1162 2467 quod
1184 2422 1253 2457 iste
1278 2434 1353 2457 non
1380 2423 1494 2457 habet
1519 2434 1606 2467 pos-

278 2480 485 2514 sessionem
502 2491 572 2514 nec
590 2492 668 2515 rem
687 2480 807 2524 ipsam
831 2481 1052 2515 auctoritate
1075 2479 1178 2524 legis,
1197 2480 1267 2514 nisi
1292 2492 1359 2524 per
1379 2479 1554 2514 accidens
1571 2487 1607 2514 et

278 2543 407 2572 contra
425 2537 673 2572 intencionem
693 2537 785 2582 legis
805 2549 874 2582 que
900 2538 936 2572 in
960 2549 1003 2572 eo
1029 2549 1119 2572 casu
1143 2538 1265 2572 locum
1290 2549 1364 2572 non
1386 2538 1524 2580 habet3
1553 2544 1607 2572 set

217 2610 260 2641 40
278 2594 371 2629 forte
383 2595 600 2630 auctoritate
615 2594 745 2630 iudicis
758 2607 822 2640 per
835 2607 872 2629 se
888 2595 1162 2640 possessionem
1176 2594 1350 2639 acquirit:
1372 2600 1426 2629 set
1439 2594 1524 2639 quia
1536 2595 1607 2630 hoc

320 2728 349 2758 9.
375 2717 447 2749 The
471 2720 587 2759 speech
612 2719 644 2750 in
672 2728 699 2749 M
723 2720 845 2760 begins,
867 2719 937 2749 ‘Ad
960 2719 1046 2749 hune
1070 2724 1226 2759 punctum
1250 2716 1378 2759 gaudeo
1401 2729 1452 2749 me
1472 2720 1607 2757 venisse,

275 2761 433 2802 quoniam
456 2762 524 2792 iam
547 2763 658 2793 fateris
683 2763 921 2803 possessionem
945 2762 1039 2793 illam
1063 2772 1130 2793 esse
1154 2763 1320 2800 iniustam,
1345 2768 1377 2793 et
1400 2772 1519 2802 negare
1542 2773 1607 2793 non

276 2804 398 2844 poteris
414 2804 507 2835 illam
524 2805 759 2845 possessionem
772 2816 838 2836 esse
855 2805 974 2835 iustam
988 2815 1026 2835 ex
1042 2815 1106 2847 quo
1123 2806 1208 2836 iusto
1225 2805 1346 2837 iudicio
1364 2805 1412 2836 illi
1429 2805 1606 2843 confertur;

276 2846 365 2889 quod
382 2847 480 2878 michi
497 2848 626 2879 videtur
641 2847 916 2889 repugnanciam‚⁷
935 2851 994 2879 &C.

938 2915 1018 2953 ΟΕ
