2095 3278
46 202 278 261 CAP.XXII.]
593 213 658 244 DE
691 211 936 244 PAUPERIE
969 209 1284 243 SALVATORIS.

149 324 248 365 22A]
263 317 362 353 nulla
380 322 548 352 creatura
563 316 760 361 quicquam
773 316 910 350 habere
924 315 1039 360 possit
1056 327 1079 349 a
1093 326 1131 349 se
1146 313 1227 359 ipso
1246 319 1300 348 set
1312 325 1334 347 a
1352 324 1419 347 suo
1433 313 1591 347 Factore

44 380 112 421 ipso
128 390 192 411 om.
204 386 236 410 Β.
264 376 302 410 in
334 375 454 420 prima
487 385 555 408 sua
586 373 739 418 origine,
768 379 803 408 et
838 373 885 408 ob
919 374 989 407 hoc
1025 378 1199 417 sequatur
1231 371 1349 406 eciam
1376 370 1476 415 quod
1503 376 1591 404 tunc

45 496 139 528 habet
149 503 178 527 B.

262 433 414 467 omnino
447 442 601 477 peccare
634 442 709 465 non
743 430 871 475 possit.
938 430 1117 464 Ponendo
1150 435 1274 463 autem
1308 434 1459 463 econtra
1491 427 1590 471 quod

261 496 366 524 actus
385 489 613 534 quiscunque
631 488 744 523 libere
761 488 959 522 voluntatis
979 488 1253 522 instantaneum
1270 486 1409 520 habeat
1428 485 1590 527 inicium,

229 555 246 586 5
262 547 361 592 quod
380 546 490 580 michi
503 545 623 580 visum
642 551 698 580 est
716 557 824 590 posse
843 545 890 580 de
905 544 1044 579 difficili
1065 543 1249 587 sustineri,
1264 555 1310 578 ne
1327 555 1371 577 ex
1386 543 1447 577 illo
1461 553 1591 587 sequa-

261 611 320 639 tur
348 604 519 639 meritum
547 603 800 638 continuatum
829 614 895 647 per
921 608 1066 647 tempus
1093 613 1175 636 esse
1202 600 1331 646 premii
1359 600 1502 642 infiniti,
1529 605 1592 633 aut

261 668 388 697 actum
406 673 472 705 pro
500 670 573 695 uno
600 661 752 695 instanti
778 660 913 695 nullius
939 671 1021 695 esse
1046 659 1178 701 meriti,
1198 670 1283 693 cum
1309 658 1591 703 proporcionern

261 720 309 754 ad
329 719 500 753 meritum
519 717 772 753 continuatum
791 717 828 752 in
847 724 1014 762 tempore
1032 717 1171 751 nullam
1192 716 1244 761 (ut
1263 714 1421 759 videtur)
1441 726 1591 760 propor-

220 787 250 815 Β
264 777 407 812 cionem
427 776 542 821 possit
561 776 697 810 habere
713 787 721 819 3
749 774 1032 819 invesffl‘ganda
1049 781 1105 810 est
1124 785 1237 809 causa
1254 785 1319 808 cur
1341 779 1446 808 actus
1470 773 1591 807 bonus

212 847 251 868 10
263 834 382 880 possit
409 834 447 868 in
473 833 594 878 primo
612 845 694 868 esse
720 833 873 868 alicuius
900 840 1066 868 creature
1084 832 1224 875 haberi,
1242 843 1316 866 non
1342 832 1473 874 malus,
1492 829 1592 876 quod

264 898 352 938 puto
377 891 489 926 nimis
515 891 664 926 difficile
690 897 753 925 aut
780 890 1008 936 impossibile
1034 890 1195 935 reperiri,
1214 901 1298 924 cum
1324 889 1373 923 ad
1398 895 1593 933 utrumque

263 956 388 984 actum
406 949 442 984 in
461 950 648 983 voluntate
667 948 713 983 sit
731 949 841 993 plena
858 949 1026 991 facultas,
1045 955 1080 983 et
1098 959 1194 993 equa
1219 953 1282 981 aut
1304 946 1408 992 quasi
1427 946 1590 991 equalis:

263 1014 325 1042 aut
351 1006 573 1042 invenienda
601 1012 657 1041 est
683 1018 795 1041 causa
820 1006 893 1040 alia
919 1018 984 1040 cur
1016 1012 1147 1040 neuter
1172 1011 1276 1040 actus
1303 1003 1421 1049 possit
1447 1015 1529 1039 esse
1556 1003 1593 1038 in

263 1064 381 1110 primo
412 1064 575 1098 instanti.
629 1065 673 1098 In
704 1075 776 1109 quo
806 1064 1049 1109 probabiliter
1078 1063 1150 1097 dici
1178 1074 1289 1108 posse
1319 1061 1465 1096 videtur
1494 1061 1593 1106 quod

212 1130 250 1161 15
263 1129 367 1157 actus
394 1121 594 1157 voluntatis
622 1121 659 1155 in
687 1122 807 1166 primo
835 1122 986 1157 instanti
1017 1120 1071 1156 sui
1098 1132 1180 1156 esse
1206 1132 1229 1155 a
1255 1121 1350 1162 Deo,
1368 1126 1546 1164 tanquam
1570 1129 1594 1153 a

265 1191 379 1215 causa
406 1185 540 1223 agente
569 1179 782 1223 sufficiente,
811 1191 893 1214 esse
923 1191 998 1214 non
1023 1185 1157 1224 potest,
1182 1178 1356 1223 quoniam
1386 1188 1461 1212 non
1488 1182 1592 1212 actus

263 1237 464 1273 voluntatis
491 1243 590 1279 tunc,
617 1242 671 1271 set
699 1237 824 1282 passio
854 1237 933 1272 sola
961 1243 1070 1279 esset,
1096 1247 1164 1271 nec
1194 1248 1217 1270 a
1242 1236 1431 1270 voluntate
1460 1234 1498 1269 in
1525 1245 1594 1269 sua

264 1295 405 1339 origine
422 1306 503 1330 esse
521 1301 642 1339 potest
660 1301 808 1339 propter
824 1294 1012 1329 racionem
1029 1293 1250 1338 permissam
1276 1294 1324 1328 de
1348 1292 1492 1327 merito.
1542 1293 1593 1327 Et

264 1352 362 1398 quia,
382 1353 584 1387 secundum
610 1351 874 1396 philosophum
897 1358 1065 1386 nostrum
1089 1351 1310 1386 duodecimo
1333 1349 1591 1395 Metaphisice‚

213 1422 254 1443 20
265 1411 336 1445 hoc
361 1410 513 1445 interest
539 1409 634 1444 inter
654 1420 806 1444 causam
834 1415 1007 1454 agentern
1031 1415 1068 1444 et
1094 1420 1247 1444 causam
1269 1408 1473 1451 formalem,
1493 1407 1593 1452 quod

263 1479 378 1512 agens
392 1479 539 1512 semper
552 1467 718 1512 precedit
735 1467 887 1511 factum,
900 1468 1020 1502 forma
1037 1478 1283 1512 nequaquam,
1299 1472 1353 1501 set
1372 1465 1409 1500 in
1427 1465 1593 1509 articulo,

264 1532 303 1561 ut
328 1525 440 1559 michi
466 1525 633 1568 videtur;
665 1537 688 1559 a
712 1525 820 1559 nobis
847 1524 1099 1570 expectandus
1124 1531 1179 1559 est
1206 1524 1345 1568 doctor,
1363 1529 1399 1558 et
1426 1523 1595 1558 dicamus

265 1595 350 1618 cum
368 1582 576 1627 Augustino
593 1588 721 1618 nostro
741 1583 890 1618 doctore
904 1583 1003 1627 quod
1021 1594 1096 1617 non
1115 1582 1231 1627 potuit
1251 1582 1288 1616 in
1306 1582 1425 1626 primo
1443 1580 1595 1616 instanti

265 1640 386 1685 respui
404 1652 449 1675 ne
471 1639 621 1675 daretur
643 1641 712 1675 hec
737 1640 874 1685 gracia,
893 1640 987 1675 sicut
1013 1651 1081 1674 nec
1105 1640 1229 1685 respui
1253 1639 1371 1685 potuit
1398 1638 1595 1684 corporalis

214 1706 251 1737 25
266 1698 489 1741 mortalitas;
520 1697 608 1743 quia
624 1704 744 1733 totum
767 1698 981 1734 necessario
1006 1698 1233 1733 sufficienter
1250 1709 1273 1733 a
1290 1699 1372 1733 Deo
1397 1697 1476 1741 fuit,
1495 1696 1595 1742 quod

267 1756 303 1791 in
322 1755 462 1800 origine
480 1757 593 1790 homo
610 1761 816 1801 acceperat.

315 1815 404 1849 IOH.
430 1813 623 1848 Assencio.

1785 199 1869 252 365

1606 437 1634 460 2.

314 1872 401 1906 RIC.
431 1871 532 1906 Sicut
551 1871 659 1916 igitur
678 1871 745 1907 iste
763 1882 874 1906 cause
892 1871 1000 1906 huius
1019 1871 1207 1916 originalis
1226 1870 1380 1906 dominii
1398 1881 1472 1905 non
1490 1875 1594 1915 pote-
1607 1875 1647 1901 As
1661 1874 1708 1901 the
1721 1883 1819 1902 causes

265 1935 348 1964 rant
375 1928 497 1973 respui
523 1940 570 1964 ne
596 1929 782 1973 darentur,
802 1940 887 1964 cum
911 1929 947 1963 in
973 1929 1115 1974 origine
1140 1929 1282 1964 homini
1308 1929 1516 1970 dabantur3
1543 1939 1596 1962 sic

213 1995 253 2025 30
266 1997 336 2021 nec
369 1986 468 2021 istud
502 1986 708 2021 dominium
742 1992 885 2031 poterat
919 1993 1008 2022 tunc
1042 1988 1154 2021 homo
1187 1998 1372 2031 respuere,
1399 1986 1430 2020 si
1456 1985 1505 2020 ad
1528 1986 1597 2020 has

267 2055 398 2079 causas
416 2044 626 2079 necessario
652 2044 886 2089 sequebatur.
931 2044 970 2080 Si
994 2056 1083 2079 vero
1110 2044 1244 2080 dixeris
1270 2045 1338 2079 has
1365 2055 1496 2078 causas
1522 2054 1597 2077 non

1565 1927 1572 1933 .
1608 1909 1640 1935 of
1649 1908 1767 1941 original
1781 1908 1852 1935 lord-

1609 1942 1672 1974 ship
1682 1943 1765 1968 could
1778 1948 1827 1968 not
1839 1942 1874 1968 be

1610 1976 1721 2001 refused
1734 1976 1772 2008 by
1784 1984 1849 2001 man

1610 2009 1691 2035 when
1704 2009 1772 2041 they
1784 2017 1857 2036 were

1609 2043 1667 2068 first
1680 2043 1772 2075 given,
1787 2051 1819 2068 so

1565 2101 1571 2106 ,
1610 2075 1719 2101 neither
1731 2076 1815 2102 could

266 2113 348 2136 esse
374 2112 506 2136 causas
536 2101 703 2145 dominii,
728 2108 783 2137 set
811 2108 873 2137 aut
901 2102 1009 2137 simul
1039 2101 1076 2136 in
1104 2102 1298 2137 creacione
1323 2112 1408 2136 cum
1433 2100 1598 2135 dominio

269 2159 510 2203 concurrisse,
530 2166 592 2194 aut
610 2159 806 2194 causaliter
824 2160 927 2204 sequi
946 2159 1154 2194 dominium
1178 2159 1307 2194 ordine
1331 2158 1501 2202 naturali,
1520 2169 1596 2192 non

268 2217 388 2251 minus
415 2217 664 2261 consequitur,
691 2217 805 2251 immo
832 2217 964 2261 magis,
991 2217 1090 2262 quod
1126 2216 1333 2251 dominium
1357 2223 1444 2251 tunc
1474 2215 1597 2260 respui

214 2279 253 2311 35
269 2274 420 2309 omnino
446 2285 522 2308 non
551 2273 687 2319 potuit,
715 2286 760 2310 ex
791 2285 864 2320 quo
891 2274 961 2309 sibi
991 2286 1107 2309 coeva
1136 2281 1199 2309 aut
1226 2273 1432 2319 posteriora
1456 2273 1598 2318 origine

267 2331 390 2376 respui
408 2332 616 2366 nullatenus
634 2337 843 2377 potuerunt.
894 2332 967 2366 Dic
985 2331 1073 2376 quid
1091 2332 1158 2367 tibi
1175 2332 1330 2367 videtur.

318 2391 407 2424 IOH.
436 2389 618 2431 Ostende,
645 2389 675 2424 si
703 2389 811 2433 nosti,
838 2390 937 2435 quod
972 2389 1070 2425 istud
1099 2389 1307 2424 dominium
1331 2395 1498 2434 tempore
1523 2400 1598 2423 non

270 2447 494 2491 sequebatur
510 2447 580 2481 hec
597 2447 706 2481 bona.

319 2505 404 2539 RIC.
432 2505 569 2539 Nonne
592 2504 759 2549 superius
784 2504 900 2539 habes
926 2510 1118 2539 ostensum
1141 2516 1185 2539 ex
1205 2503 1299 2539 serie
1326 2503 1599 2548 Scripturarum

217 2576 259 2606 40
272 2562 370 2607 quod
388 2562 512 2596 Adam
531 2562 567 2596 in
590 2573 657 2596 sua
679 2562 799 2607 prima
822 2561 963 2607 origine
988 2561 1131 2607 accepit
1152 2561 1249 2596 istud
1268 2561 1483 2603 dominium,
1502 2561 1601 2606 quod

272 2625 422 2663 propter
435 2618 698 2654 mortalitatem
712 2618 875 2664 corporis
888 2620 1094 2654 naturalem
1113 2618 1364 2654 necessarium
1383 2625 1460 2653 erat
1478 2618 1538 2662 illi,
1553 2629 1601 2653 ne

272 2687 439 2711 summus
458 2676 598 2711 Artifex
615 2677 652 2711 in
669 2677 889 2712 necessariis
908 2677 1106 2712 defuisset?

323 2735 412 2769 IOH.
439 2735 528 2767 Non
555 2734 680 2769 statim
714 2734 796 2779 ipso
821 2740 946 2769 creato
972 2734 1133 2779 oportuit
1158 2733 1211 2768 uti
1241 2734 1372 2778 rebus;
1408 2733 1506 2769 unde
1526 2743 1602 2768 non

274 2791 419 2826 videtur
437 2792 640 2827 necessitas
659 2791 765 2827 istius
784 2792 938 2828 dominii
957 2791 993 2826 in
1012 2792 1132 2837 prima
1149 2790 1301 2836 origine.

1610 2110 1672 2135 that
1684 2109 1810 2143 lordship

1610 2143 1692 2169 itself.
