2008 3305
201 245 286 272 CAP.
309 231 415 288 xxm]
681 241 824 273 LIBER
856 240 1054 273 PRIMUS.
1724 236 1802 274 Ῐ4Ι

85 362 184 404 47A]
198 363 324 407 potest
343 357 436 406 poni
460 357 645 403 essencia,
668 357 736 394 sed
766 356 872 405 quod
902 357 1057 394 racione
1088 355 1214 393 solum
1244 367 1266 391 a
1286 353 1373 391 Deo
1398 352 1807 413 distin-ffegffirlgllcffietgge

201 428 336 478 guitur.
394 427 496 464 Nam
518 428 644 465 omnis
670 427 842 465 essencia
862 434 918 465 est
940 433 1087 464 creator
1107 426 1165 462 vel
1186 432 1370 471 creatura,
1394 437 1530 462 secun·
1540 421 1707 496 Ercresse'ss
1735 469 1741 474 ,

199 499 291 536 dum
311 499 571 547 Augustinum
594 498 632 534 in
653 497 713 535 De
734 527 742 535 .
766 527 773 535 .
797 527 804 534 .
820 510 828 543 ;
859 498 965 534 nulla
985 498 1068 534 talis
1088 497 1227 534 volicio
1248 502 1304 533 est
1323 495 1531 532 formaliter
1541 475 1720 534 nssittilgrssmn
1734 478 1757 495 ¹⁵

200 575 346 606 creator
361 568 419 605 vel
436 575 610 605 creatura
625 581 633 614 ;
656 580 750 617 ergo
766 567 869 604 nulla
885 574 941 604 est
959 567 1166 605 formaliter
1187 566 1368 603 essencia.
1401 564 1531 602 Minor

169 649 186 681 5
201 645 303 689 patet
317 650 364 676 eo
379 638 494 687 quod,
510 638 540 674 si
553 638 762 675 formaliter
775 645 875 675 esset
888 637 1005 684 Deus,
1016 644 1107 674 tunc
1121 649 1202 674 non
1217 643 1317 674 esset
1331 636 1531 673 distinccio
1542 645 1606 704 {qod
1620 644 1731 704 iwrio}
1741 649 1774 690 ¹to

201 710 298 746 inter
321 709 530 746 voliciones
557 708 654 745 inter
680 720 720 745 se
748 708 911 745 invicem
939 714 1052 757 atque
1083 706 1224 753 Deum,
1256 719 1327 744 nec
1356 706 1533 755 prioritas
1563 687 1714 705 lsvouon
1741 697 1748 704 ’

199 786 335 816 nature
355 779 452 815 inter
472 778 638 815 divinam
659 778 872 815 essenciam
900 784 937 814 et
962 777 1141 823 easdem;
1182 777 1288 813 cuius
1309 776 1533 825 oppositum

201 849 291 886 dicit
320 849 454 886 doctor
480 854 516 885 et
541 848 602 885 alii
623 848 795 884 videntes
823 847 1022 896 quomodo
1044 848 1181 884 veritas
1209 852 1265 883 est
1289 846 1532 894 contingens,

201 918 330 955 Deum
342 918 435 955 velle
453 930 724 967 quamcunque
740 924 954 955 creaturam
972 917 1146 954 existere.
1194 917 1303 954 Patet
1318 928 1411 965 ergo
1428 915 1534 965 quod

152 1004 190 1026 10
202 989 340 1026 volicio
356 989 417 1025 illa
433 1001 513 1025 non
529 995 586 1026 est
601 988 776 1025 essencia
791 1000 859 1037 per
880 1000 919 1024 se
940 988 978 1024 in
995 999 1147 1036 genere,
1165 987 1253 1035 quia
1273 993 1364 1024 tunc
1386 986 1533 1022 infinite

203 1065 382 1104 creature,
394 1064 431 1095 et
444 1071 510 1108 per
527 1070 770 1108 consequens
783 1058 1007 1095 universitas
1021 1064 1158 1103 creata,
1168 1064 1297 1095 essent
1314 1056 1534 1105 simpliciter

201 1130 289 1167 Deo
311 1135 500 1167 coeterne.
550 1129 660 1175 Item,
682 1135 773 1165 tunc
795 1128 901 1165 Deus
923 1134 1022 1165 esset
1043 1128 1302 1177 composicius
1323 1133 1358 1164 et
1378 1127 1532 1176 proprie
1544 1138 1565 1163 b.
1589 1138 1710 1176 {f-God's
1783 1171 1789 1177 1

203 1195 422 1231 substancia
455 1194 601 1231 habens
632 1195 850 1243 potenciam
882 1200 968 1231 ante
998 1201 1149 1231 actum:
1182 1206 1271 1230 nam
1312 1172 1661 1231 huiusmodi{2³sli2t1iffl2,¹
1670 1172 1812 1231 ῑῖῗῗοῗῖῗὶ

158 1269 189 1297 Β
203 1265 411 1302 voliciones
427 1264 550 1302 forent
566 1265 765 1314 potissime
780 1264 992 1313 qualitates,
1007 1271 1043 1301 et
1059 1277 1126 1313 per
1141 1276 1386 1313 consequens
1397 1263 1414 1282 ’¹‘
1425 1263 1532 1301 Deus
1543 1239 1813 1331 Ξῖἐῗὲἷέἕῖἶῖἶηξα

153 1347 189 1378 15
204 1335 360 1372 haberet
385 1335 545 1383 globum
574 1334 764 1372 infinitum
795 1334 1032 1384 qualitatum,
1057 1347 1131 1384 que
1161 1341 1248 1372 sunt
1269 1334 1533 1384 perfecciones
1543 1314 1582 1331 an
1598 1314 1612 1331 e
1627 1315 1661 1332 ac
1677 1315 1747 1332 um⁷

205 1411 269 1441 aut
288 1405 479 1441 bonitates
499 1405 581 1441 eius
602 1405 781 1451 secunde,
804 1405 942 1454 quibus
963 1405 1156 1453 perficitur
1172 1405 1443 1453 contingenter
1459 1416 1468 1450 ;
1499 1410 1535 1441 et

204 1487 292 1512 cum
309 1487 424 1511 omne
442 1474 553 1524 quale
574 1475 809 1512 accidentale
830 1476 1084 1524 presupponit
1101 1476 1193 1525 quid
1209 1475 1247 1511 in
1265 1488 1418 1524 genere,
1436 1481 1537 1511 esset

205 1545 295 1581 dare
316 1544 480 1581 formam
511 1546 808 1583 substancialem
838 1558 912 1595 que
939 1546 984 1583 sit
1012 1553 1119 1583 actus
1149 1558 1264 1595 quem
1293 1546 1538 1594 consequitur

205 1615 290 1652 talis
322 1615 484 1664 qualitas
517 1616 808 1664 contingentem
853 1622 890 1653 et
916 1628 1005 1653 cum
1038 1616 1164 1653 omnis
1196 1616 1360 1665 quiditas
1387 1616 1538 1653 contin-

155 1701 196 1722 20
207 1692 342 1734 genter
367 1685 490 1734 qualis
520 1687 771 1735 presupponit
797 1686 1021 1732 essenciam‚
1054 1686 1149 1723 sicut
1176 1687 1324 1735 questio
1346 1686 1452 1732 Quid
1478 1692 1536 1723 est

207 1757 447 1805 questionem
479 1756 518 1793 Si
547 1763 615 1802 est,
648 1757 816 1806 sequitur
845 1757 950 1805 quod
979 1757 1086 1794 Deus
1119 1764 1218 1795 esset
1247 1758 1408 1795 univoce
1447 1757 1535 1794 sub-

207 1826 350 1864 stancia
379 1826 526 1863 habens
552 1828 775 1876 potenciam
806 1834 893 1865 ante
915 1834 1053 1865 actum.
1112 1828 1219 1865 Deus
1246 1840 1353 1876 ergo,
1375 1840 1463 1865 cum
1491 1828 1538 1864 sit

207 1904 287 1934 tarn
307 1897 492 1946 equivoce
514 1910 582 1934 ens
604 1910 693 1935 cum
715 1898 876 1946 singulis
897 1898 1091 1945 creaturis,
1108 1911 1188 1936 non
1208 1898 1325 1935 habet
1346 1899 1537 1936 subiectus

208 1967 428 2005 huiusmodi
450 1968 619 2017 qualitati
633 1981 642 2014 ;
674 1969 763 2017 quia
793 1976 1045 2018 aggregatum
1075 1982 1122 2006 ex
1144 1969 1215 2006 illis
1238 1969 1420 2006 essenciis
1447 1981 1537 2006 cum

158 2046 195 2078 25
210 2038 308 2084 Deo,
330 2051 418 2075 cum
452 2045 552 2076 esset
584 2051 734 2076 summe
769 2040 929 2086 bonum,
963 2039 1061 2077 foret
1089 2039 1209 2085 Deus,
1241 2046 1278 2077 et
1308 2041 1360 2077 sic
1390 2040 1537 2076 infinite

195 2109 383 2146 'essencie
433 2108 559 2146 forent
608 2109 726 2147 Deus.
784 2109 894 2155 Item,
934 2109 1028 2147 tales
1075 2110 1296 2156 voliciones,
1337 2122 1425 2147 cum
1465 2110 1572 2151 sinte:
1594 2111 1695 2138 ifsuch
1707 2112 1774 2138 voli·

1552 2152 1626 2172 thssS
1639 2155 1711 2171 were
1724 2154 1816 2171 essen·

211 2180 468 2216 essencialiter
506 2179 692 2226 absolute,
728 2187 887 2229 possent
922 2192 1005 2218 esse
1040 2181 1120 2218 sine
1159 2181 1234 2218 hoc
1269 2181 1375 2230 quod
1409 2187 1538 2218 essent
1551 2179 1785 2245 {ffissyffifffflussgg

211 2250 326 2287 volite
353 2256 546 2296 creature;
581 2251 648 2288 sed
673 2257 764 2287 tunc
797 2263 877 2288 non
907 2257 1034 2288 essent
1058 2251 1266 2289 voliciones
1295 2246 1793 2312 huiusmodi;ss}{g¹gdg{ii2}egs

211 2332 305 2368 ergo
326 2326 413 2357 sunt
433 2320 640 2358 voliciones
661 2320 881 2358 huiusmodi
901 2321 1192 2370 contingenter:
1224 2329 1260 2359 et
1282 2335 1362 2360 non
1382 2322 1538 2359 habebi·
1552 2313 1600 2339 ‘he
1614 2318 1749 2340 creature.

158 2401 200 2431 30
213 2397 272 2427 tur
302 2391 394 2440 quid
428 2403 496 2440 per
530 2403 571 2428 se
607 2398 693 2428 sunt
728 2391 799 2428 nisi
833 2391 961 2428 divina
991 2393 1186 2438 essencia;
1219 2405 1310 2441 ergo
1343 2405 1423 2430 non
1453 2400 1539 2430 sunt

212 2462 382 2499 essencie
404 2461 666 2499 condistincte.
721 2461 759 2499 Si
780 2468 907 2498 autem
927 2474 1005 2499 non
1026 2469 1187 2511 possunt
1207 2475 1290 2500 esse
1320 2464 1401 2501 sine
1432 2476 1539 2501 crea-

297 2564 319 2587 3.
339 2555 347 2584 ΙΙ
362 2555 392 2580 in
407 2554 429 2580 B
443 2554 460 2580 f.
477 2564 525 2587 233
538 2563 561 2580 c.
622 2555 803 2587 fhrmalz'ler
815 2555 853 2581 B:
874 2564 927 2582 om.
942 2555 966 2580 A
978 2555 1011 2581 C.
1158 2566 1197 2581 22.
1218 2565 1284 2582 cum
1299 2557 1339 2582 sit
1352 2565 1405 2583 om.
1422 2557 1453 2582 B.

260 2629 288 2659 3.
314 2620 365 2652 Cf.
389 2622 529 2662 August.
552 2626 668 2652 contra
691 2621 809 2653 Iulian.
834 2622 946 2663 Pelag.
968 2623 988 2654 i.
1008 2624 1025 2653 8
1049 2626 1064 2661 ξ
1085 2622 1144 2662 36:
1170 2624 1201 2653 A
1224 2634 1289 2664 quo
1313 2634 1441 2654 summo
1466 2648 1472 2654 .
1499 2648 1506 2655 .
1531 2647 1540 2656 .

214 2676 312 2713 atque
350 2672 655 2704 incommunicabili
686 2674 773 2704 bono
803 2675 987 2705 universam
1018 2675 1184 2705 conditam
1215 2675 1295 2706 dicit
1326 2675 1438 2716 [fides]
1472 2685 1540 2706 esse

216 2729 398 2755 creaturam
413 2729 605 2765 naturasque
623 2735 734 2755 omnes
752 2727 874 2763 bonas;
899 2727 1047 2766 quamvis
1064 2726 1206 2767 impares
1224 2727 1383 2765 Creatori,
1403 2728 1479 2767 quia
1501 2738 1540 2758 ex

216 2775 319 2806 nihilo
337 2780 472 2812 creatas,
488 2776 628 2817 ideoque
648 2777 843 2809 mutabiles:
869 2778 915 2808 ita
935 2783 969 2809 ut
989 2779 1123 2809 omnino
1144 2778 1235 2809 nulla
1256 2783 1372 2810 natura
1394 2780 1435 2810 sit
1456 2789 1541 2820 quae

217 2837 281 2858 non
298 2831 353 2858 aut
369 2828 438 2869 ipse
455 2828 497 2859 sit
513 2832 568 2859 aut
585 2829 627 2859 ab
644 2829 716 2869 ipso
732 2829 817 2860 faeta
834 2830 885 2865 sit,
903 2831 961 2861 &c.
981 2841 988 2860 τ
1012 2830 1098 2872 Opp.
1122 2839 1169 2860 10.
1189 2840 1250 2871 520
1264 2839 1298 2861 D.
