2095 3278
71 204 157 235 CAP.
173 191 228 250 L]

607 203 670 236 DE
703 203 797 237 PAU
805 203 947 235 PERIE
978 203 1293 237 SALVATORIS.

178 316 276 358 25D]
289 306 395 338 verior
420 311 452 339 et
478 307 583 348 magis
610 308 742 349 proprie
767 308 856 339 dicta
881 307 1021 339 donacio
1045 307 1082 338 fit
1108 318 1165 349 per
1189 307 1524 339 communicacionem
1551 315 1607 337 seu

70 942 243 973 baroniam
255 951 266 973 .·

69 986 202 1016 baronia

70 1039 140 1060 eam
154 1036 184 1060 Β.

189 1073 273 1103 26A
329 1071 544 1102 Tricesimum
558 1071 741 1113 capitulum
757 1072 871 1102 nititur
882 1070 1041 1102 affirmare
1058 1070 1076 1089 *
1089 1071 1265 1113 multiplici
1282 1072 1412 1103 racione
1428 1071 1516 1112 quod
1532 1081 1612 1102 nun·
1626 1075 1677 1106 30.

70 1335 132 1356 855?
148 1332 195 1355 M:

69 1378 137 1399 rem
154 1375 174 1398 Β

289 359 539 390 translacionem
555 359 769 400 possessionis
785 369 883 400 quam
899 369 956 400 per
972 359 1223 390 translacionem
1240 358 1378 389 alicuius
1393 358 1540 389 dominii.

331 408 531 439 Vicesimum
554 408 729 448 septimum
753 408 942 449 capitulum,
961 408 1001 438 de
1025 407 1160 438 dacione
1183 417 1245 447 que
1266 406 1301 437 fit
1318 417 1375 447 per
1390 407 1610 438 communica·
1625 410 1675 445 27.

288 454 414 487 cionem
440 456 654 496 possessionis
678 457 854 498 inquirens,
878 456 1049 491 describit;
1082 461 1167 487 etex
1183 456 1404 497 descripcione
1422 456 1564 486 obiciens
1580 459 1612 486 et

256 511 274 542 5
289 507 486 548 respondens
510 507 650 538 affirmat
674 508 763 548 quod
786 508 863 539 talis
886 508 1026 539 donacio
1044 512 1091 538 est
1108 507 1222 537 utilior
1238 511 1269 538 et
1286 507 1426 538 validior
1443 517 1480 537 ac
1496 507 1612 538 libera-

287 558 350 589 lior
366 569 463 599 quam
487 569 525 590 ea
548 558 688 590 donacio
711 559 745 590 in
769 569 834 600 qua
857 558 1048 590 transfertur
1071 558 1167 589 civile
1190 558 1386 596 dominium,
1411 558 1515 590 eciam
1538 567 1613 589 cum

286 610 491 650 possessione
508 610 679 641 conformi.

331 661 533 693 Vicesimum
551 666 704 692 octavum
721 661 902 702 capitulum
924 665 1060 692 conatur
1081 660 1249 692 ostendere
1265 661 1353 702 quod
1373 670 1539 702 nunquam
1555 670 1613 701 per
1627 655 1678 686 28.

287 717 397 743 actum
421 713 612 744 donacionis
636 713 768 753 proprie
795 713 883 744 dicte
908 712 1098 743 transfertur
1121 712 1260 753 quodvis
1287 712 1479 747 dominium,
1507 722 1546 743 ex
1572 722 1612 743 eo

236 767 275 790 10
288 763 483 795 concludens
499 763 586 805 quod
605 764 743 794 donacio
760 774 826 794 non
842 768 891 795 est
907 773 983 794 vera
1000 767 1058 794 aut
1074 763 1205 804 proprie
1225 763 1313 795 dicta
1333 763 1396 794 nisi
1413 763 1538 794 donans
1554 763 1612 795 do-

286 814 424 845 minium
439 815 484 845 rei
501 815 575 845 date
592 815 653 846 sibi
669 814 814 846 retineat.

331 866 534 896 Vicesimum
563 876 687 896 nonum
714 865 897 906 capitulum
928 865 1031 896 obicit
1062 869 1175 896 contra
1202 865 1445 896 conclusionem
1476 864 1612 906 capituli
1627 873 1676 905 29.

287 917 499 958 precedentis,
525 921 623 958 atque
646 917 807 955 dissolvit,
836 917 1010 948 ostendens
1033 916 1123 958 quod
1150 917 1296 948 obiectus
1320 917 1521 949 conclusioni
1546 927 1612 947 non

287 969 398 1000 obviat
420 969 569 1007 secunde,
590 969 679 1010 quod
702 968 878 1000 translacio
901 969 1036 999 baronie
1059 979 1078 999 a
1101 978 1176 1009 rege
1199 979 1256 1000 seu
1279 969 1360 1000 duce
1384 969 1417 1000 in
1440 969 1612 1000 baroniam

285 1020 440 1051 donando
456 1030 522 1051 non
538 1020 685 1061 procedit
701 1020 743 1051 ab
759 1020 872 1061 aliquo
888 1020 921 1050 in
937 1020 1049 1060 aliquo
1065 1020 1211 1060 ipsorum
1228 1020 1385 1051 dominio.

285 1133 385 1164 quam
402 1133 460 1164 per
475 1128 584 1154 actum
608 1123 799 1154 donacionis
822 1127 931 1163 potest
955 1123 987 1153 in
1011 1122 1147 1163 aliquod
1169 1122 1332 1154 transferri
1355 1123 1548 1161 dominium,
1566 1127 1613 1154 set

286 1175 375 1215 quod
390 1174 632 1213 nichilominus,
658 1179 733 1205 actu
756 1173 950 1205 donacionis
973 1173 1151 1215 completo,
1177 1178 1287 1216 potest
1310 1174 1498 1206 donatarius
1521 1174 1555 1205 in
1578 1185 1612 1206 se

285 1225 385 1257 libere
401 1226 526 1257 efficere
541 1226 637 1257 civile
654 1226 846 1257 dominium.

233 1290 273 1311 20
329 1277 545 1308 Tricesimum
568 1277 710 1319 primum
735 1276 915 1318 capitulum
941 1281 1077 1317 propter
1102 1276 1254 1308 ultimam
1281 1277 1445 1309 racionem
1473 1277 1611 1319 capituli
1625 1278 1678 1310 31.

283 1329 483 1370 precedentis
500 1329 602 1360 obicit
617 1329 729 1360 civilia
745 1328 893 1359 dominia
915 1338 984 1359 esse
1008 1328 1169 1369 superflua
1192 1333 1290 1369 atque
1314 1339 1426 1367 cassa;
1450 1334 1482 1361 et
1498 1329 1612 1369 solvit,

284 1380 457 1411 ostendens
480 1379 656 1411 utilitatem
680 1390 793 1411 eorum
818 1379 851 1419 in
875 1389 964 1417 casn,
980 1383 1012 1411 et
1036 1379 1125 1420 quod
1148 1389 1212 1410 non
1237 1384 1310 1411 sunt
1325 1380 1474 1412 instituta
1490 1391 1509 1411 a
1524 1381 1611 1420 Deo,

284 1431 362 1462 licet
385 1431 631 1471 quodammodo
654 1432 839 1472 approbata
862 1431 903 1461 ab
927 1440 988 1469 e0;
1013 1435 1045 1461 et
1067 1430 1200 1462 ulterius
1226 1431 1332 1462 reddit
1357 1442 1489 1463 causam
1514 1442 1612 1473 quare

285 1483 375 1523 apud
405 1482 549 1514 carnales
587 1482 755 1514 conclusio
785 1482 939 1514 tricesimi
976 1482 1113 1523 capituli
1143 1488 1279 1523 apparet
1309 1483 1487 1521 mirabilis5
1526 1483 1612 1515 ultra

234 1544 272 1575 25
287 1534 459 1565 ostendens
475 1534 564 1574 quod
580 1534 719 1565 donacio
736 1534 769 1564 in
793 1544 858 1575 qua
881 1534 1071 1565 transfertur
1093 1534 1276 1565 dominium
1298 1538 1348 1566 est
1363 1539 1455 1566 actus
1471 1535 1611 1575 virtutis,

285 1585 362 1616 licet
377 1595 442 1616 non
459 1586 500 1616 sit
516 1590 607 1617 actus
622 1585 769 1616 dominii.

330 1636 546 1668 Tricesimum
567 1636 745 1669 secundum
767 1635 947 1677 capitulum
969 1635 1009 1666 de
1029 1636 1308 1676 commodacione,
1334 1636 1554 1678 deposicione,
1573 1648 1612 1669 ac
1624 1645 1677 1677 32.

284 1688 518 1728 pignoracione
533 1692 717 1729 pertractat,
735 1687 907 1719 ostendens
923 1687 1064 1728 qualiter
1088 1687 1120 1718 in
1144 1692 1231 1719 statu
1253 1690 1440 1721 innocencie
1462 1693 1611 1730 poterant

285 1740 434 1778 exerceri,
462 1740 635 1771 obiciendo
663 1739 911 1780 multipliciter;
944 1749 983 1770 ac
1008 1738 1167 1770 solvendo
1198 1739 1341 1772 declarat
1368 1741 1509 1782 qualiter
1539 1741 1611 1782 quis

233 1802 274 1833 30
287 1796 396 1832 potest
420 1792 697 1823 commodatarius
725 1801 795 1822 esse
820 1790 866 1822 rei
892 1790 991 1832 pleno
1017 1790 1085 1822 iure
1110 1790 1172 1822 sibi
1199 1791 1354 1829 subiecte,
1385 1797 1416 1824 et
1446 1792 1548 1824 obicit
1573 1803 1612 1824 ac

285 1843 443 1874 dissolvit.

329 1894 544 1925 Tricesimum
568 1894 703 1926 tercium
727 1892 909 1934 capitulum
932 1893 973 1924 de
996 1893 1232 1934 pignoraeione
1256 1898 1288 1927 et
1311 1894 1353 1926 de
1379 1895 1550 1937 empcione
1576 1898 1609 1927 et
1623 1903 1673 1935 33.

284 1946 476 1977 vendicione
499 1946 642 1977 ostendit
664 1946 804 1987 qualiter
827 1945 900 1976 Ade
924 1950 1075 1986 poterant
1099 1947 1269 1978 convenire
1291 1948 1424 1979 racione
1447 1948 1495 1979 su'i
1512 1947 1610 1988 origi-

284 1997 369 2028 nalis
396 1997 552 2033 dominii;
577 1997 618 2029 de
641 1998 825 2039 empcione,
851 1997 938 2038 quod
962 2011 1028 2031 non
1053 1996 1096 2026 sit
1121 2003 1212 2029 actus
1235 1998 1383 2038 dominii,
1409 1999 1553 2031 obiciens
1578 2003 1610 2030 et

233 2058 271 2090 35
286 2048 475 2079 dissolvens.

329 2100 544 2131 Tricesimum
568 2104 719 2141 quartum
743 2101 925 2142 capitulum
948 2101 1092 2133 declarat
1115 2101 1209 2132 illam
1236 2101 1388 2132 ultimam
1412 2101 1608 2143 particulam
1623 2108 1675 2141 34.

286 2151 518 2193 descripcionis
542 2151 711 2192 originalis
734 2152 881 2191 dominii,
907 2153 1041 2192 scilicet,
1057 2153 1103 2184 eis
1126 2153 1223 2194 plene
1245 2153 1370 2192 utendi,
1393 2153 1545 2192 obiciens,
1571 2164 1610 2185 ac

286 2203 496 2234 dissolvendo
513 2203 686 2234 ostendens
702 2204 842 2244 qualiter
857 2205 1002 2236 defensio
1026 2209 1059 2236 et
1083 2204 1242 2245 repeticio
1266 2208 1299 2235 et
1321 2204 1451 2245 empeio
1473 2204 1507 2235 in
1524 2209 1609 2236 statu

285 2255 426 2295 presenti
451 2255 648 2286 conveniunt
671 2259 702 2286 et
725 2256 759 2286 in
785 2259 871 2287 statu
895 2256 1086 2288 innocencie
1113 2256 1344 2297 competebant
1371 2257 1524 2298 originali
1551 2257 1609 2289 do-

230 2316 273 2348 40
286 2307 387 2338 minio
400 2317 407 2345 ;
431 2311 463 2338 et
479 2306 644 2338 declarata
658 2307 852 2348 recolligens
867 2308 1005 2339 tercium
1021 2308 1142 2339 librum
1159 2308 1335 2340 concludit.

334 2437 563 2471 IOHANNES.
594 2437 673 2470 Iam
699 2447 808 2470 cerno
832 2437 932 2480 quod
958 2437 1057 2471 istud
1084 2437 1289 2472 dominium
1315 2437 1364 2472 ob
1386 2437 1458 2472 hoc
1475 2436 1610 2472 dicitur
1622 2441 1649 2473 I.

1806 193 1884 247 381

284 2494 486 2539 orzgz‘nalz's
497 2495 711 2537 auctoritas,
726 2494 813 2538 quia
830 2494 949 2539 primo
963 2494 1102 2529 homini
1116 2495 1152 2529 in
1171 2506 1239 2529 sua
1256 2494 1396 2539 origine
1412 2495 1480 2530 fuit
1499 2496 1609 2530 colla-
1622 2491 1720 2519 Orthe
1732 2492 1815 2532 kinds
1828 2494 1860 2521 of

285 2559 364 2587 tum
382 2564 447 2597 pro
465 2564 504 2587 se
521 2558 557 2586 et
575 2563 641 2596 pro
666 2551 822 2596 posteris
847 2552 923 2586 suis
945 2552 1117 2587 omnibus
1133 2564 1141 2596 ;
1169 2559 1204 2587 et
1224 2553 1323 2598 quod
1340 2553 1464 2587 Adam
1485 2564 1551 2597 pro
1570 2565 1610 2589 se

286 2616 323 2644 et
353 2609 428 2645 suis
455 2621 538 2644 eam
565 2609 726 2654 perdidit
756 2609 1030 2654 delinquendo;
1067 2617 1102 2645 et
1130 2611 1229 2655 quod
1262 2610 1299 2644 in
1326 2611 1427 2645 omni
1457 2611 1607 2648 homine

231 2676 272 2708 45
287 2667 527 2712 presupponit
573 2666 737 2711 graciam
780 2666 996 2711 originalem
1037 2674 1184 2712 gratum
1224 2668 1451 2712 reddentem,
1495 2680 1606 2714 quam

286 2725 451 2769 graciam
480 2724 659 2769 recipiunt
687 2724 892 2770 quicunque
926 2724 1110 2760 iustificati
1141 2737 1164 2760 a
1195 2727 1299 2769 Deo;
1338 2732 1374 2760 et
1404 2727 1503 2771 quod
1530 2738 1605 2762 non

285 2782 447 2818 variatur
473 2781 544 2817 ista
571 2781 774 2817 auctoritas
805 2781 883 2817 sive
911 2781 1012 2817 istud
1041 2783 1246 2818 dominium
1272 2783 1473 2819 secundum
1498 2785 1616 2821 varia-

1621 2535 1788 2559 POSSssSSlOD.
