2008 3305
186 188 270 228 244

183 1005 253 1030 Man
267 1013 318 1030 can
332 1004 404 1030 have

181 1039 263 1064 merit
276 1044 323 1064 not
337 1038 369 1064 of

182 1072 273 1097 works
285 1072 335 1103 (ex

179 1105 330 1137 operibus),
344 1104 395 1130 but

181 1139 305 1170 through
318 1138 409 1164 works

176 1171 245 1204 (per
255 1172 353 1204 opera)

181 2136 214 2164 of
222 2146 304 2170 grace
317 2137 367 2170 (ex

176 2171 306 2204 gracia).

181 2566 203 2584 c.
223 2556 292 2582 Man
305 2555 356 2582 has

859 185 924 216 DE
955 184 1174 217 DOMINIO
1207 183 1384 215 D1V1No
1621 171 1728 229 [cAP.
1746 184 1784 212 v.

463 303 537 337 iam
567 313 637 337 non
667 300 837 345 moritur,
870 299 986 336 Rom.
1007 299 1051 336 vi.
1075 312 1096 347 9
1111 312 1120 345 3
1150 305 1187 336 et
1220 311 1237 335 2
1262 298 1392 335 Thim.
1420 296 1455 334 ii.
1481 306 1525 345 17
1556 296 1688 334 recitat
1717 297 1787 334 sub
1805 294 1906 336 [85A

464 371 537 408 hac
559 371 692 415 forma,
714 370 917 406 Hz'meneus
936 374 970 406 et
985 369 1155 406 Philetus
1176 382 1199 405 a
1220 370 1370 406 veritate
1397 369 1617 405 exciderunt
1637 368 1790 404 dicentes

463 441 766 478 resurreccionenz
797 441 871 476 iam
885 441 1038 489 factam
1051 453 1064 476 .·
1093 440 1161 476 sed
1187 452 1201 476 1
1228 438 1317 476 Cor.
1337 451 1397 475 xv.
1423 451 1469 486 13
1497 438 1670 476 absolute
1699 437 1791 474 dicit

463 512 543 549 sine
564 511 762 557 adverbiis,
779 510 830 548 Si
844 511 1067 547 resurreccio
1088 514 1313 546 mortuorum
1334 521 1405 545 non
1425 512 1485 553 est,
1507 513 1592 544 tunc
1615 507 1791 545 Christus

463 595 533 618 non
554 582 796 623 resurrexit;
831 586 867 618 et
896 580 947 617 ita
976 580 1022 617 de
1053 579 1239 617 similibus
1268 585 1325 616 est
1353 578 1601 616 censendum.
1658 577 1708 614 Et
1737 577 1821 620 sic5

462 651 682 700 intelligitur
711 650 803 688 illud
832 650 880 687 ad
911 650 989 687 Tit.
1020 650 1068 686 iii.
1091 663 1125 696 4,
1149 659 1183 697 5,
1210 649 1407 698 Apparuit
1432 648 1636 696 benignitas
1664 651 1698 684 et
1723 647 1790 683 hu-

462 723 624 759 manitas
644 720 858 759 Salvatoris
877 721 999 757 nostri
1014 720 1098 766 Dei,
1121 733 1192 756 nan
1211 732 1262 757 ex
1281 719 1447 768 operibus
1460 720 1599 755 z'ustim'e
1617 718 1790 768 quefici-

461 805 542 829 mus
571 805 643 829 nos.
706 791 768 829 Sic
798 792 920 828 eciam
949 790 1166 840 intelligitur
1197 790 1290 827 illud
1321 789 1499 838 apostoli,
1536 788 1652 826 Rom.
1677 788 1729 825 xi.
1754 789 1789 835 6,

467 862 517 900 Si
531 867 647 899 autem
664 863 803 911 gracia
823 861 907 907 Dei,
928 863 1003 898 iam
1031 873 1103 897 non
1132 873 1182 898 ex
1210 860 1376 910 operibus
1387 873 1407 903 ,·
1436 865 1474 897 et
1502 859 1555 896 sic
1585 858 1632 896 de
1662 858 1791 895 multis

462 933 655 970 similibus.
1806 941 1846 964 10

516 1003 599 1040 Nec
622 1015 669 1040 ex
689 1003 767 1040 istis
789 1002 968 1052 sequitur,
991 1002 1021 1039 si
1042 1014 1122 1039 non
1150 1001 1199 1039 ad
1227 1001 1332 1039 illum
1362 1012 1519 1038 sensum
1541 1013 1588 1038 ex
1610 999 1790 1049 operibus

462 1073 572 1111 datur
591 1073 792 1122 premium,
814 1072 919 1121 quod
948 1084 1064 1109 nemo
1093 1084 1161 1121 per
1181 1083 1301 1121 opera
1320 1078 1568 1120 promeretur.
1627 1069 1791 1107 Constat

463 1143 619 1193 quidem
648 1155 696 1180 ex
726 1143 891 1191 septimo
917 1142 1158 1179 Phisicorum
1179 1141 1286 1191 quod
1305 1141 1530 1179 Aristoteles
1556 1140 1689 1177 laxans
1714 1145 1788 1176 ter-

462 1214 591 1251 minos
611 1212 788 1251 concedit
808 1213 914 1262 quod
938 1224 1102 1261 corpora
1126 1212 1337 1250 inanimata
1360 1218 1397 1249 et
1421 1212 1589 1249 animata
1613 1223 1694 1248 non
1715 1211 1790 1248 sint

461 1284 591 1330 libera,
612 1283 700 1321 licet
722 1283 796 1320 sint
816 1295 884 1332 per
905 1295 955 1328 se,
977 1295 1057 1320 non
1082 1289 1211 1320 tamen
1236 1295 1283 1319 ex
1309 1294 1361 1328 se,
1381 1282 1550 1328 mobilia,
1571 1281 1637 1318 sed
1664 1280 1787 1318 solum
1803 1292 1841 1324 15

462 1355 709 1392 racionabilia
729 1366 804 1403 que
823 1354 966 1391 habent
988 1352 1006 1372 *
1028 1354 1067 1390 in
1097 1365 1137 1391 se
1165 1353 1321 1402 plenam
1346 1353 1535 1402 originem
1566 1352 1622 1389 sui
1648 1358 1786 1397 motus,
1801 1358 1833 1387 B

462 1425 559 1462 sicut
597 1424 759 1462 credidit
796 1424 845 1461 de
888 1424 1045 1461 homine
1083 1430 1120 1461 et
1158 1423 1387 1472 corporibus
1426 1423 1628 1460 celestibus
1666 1428 1703 1459 et
1741 1422 1789 1459 de

461 1495 620 1532 mundo.
680 1495 812 1544 Ipsam
840 1494 944 1531 enim
979 1494 1120 1531 habent
1151 1494 1249 1530 intra
1288 1505 1327 1530 se
1359 1500 1438 1530 tam
1469 1492 1637 1530 activum
1670 1504 1789 1542 quam

460 1565 655 1614 passivum
683 1565 913 1614 principium
943 1565 1000 1602 sui
1029 1571 1168 1612 motuS‚
1190 1572 1228 1603 et
1257 1572 1419 1615 possunt
1457 1579 1504 1604 ex
1535 1578 1605 1604 suo
1635 1566 1788 1603 arbitrio

460 1635 640 1673 inchoare
662 1641 809 1672 motum
830 1635 911 1672 sine
931 1634 1005 1672 hoc
1021 1635 1127 1684 quod
1148 1636 1197 1672 ad
1224 1636 1298 1673 hoc
1320 1643 1546 1674 moveantur
1566 1650 1588 1675 a
1607 1643 1785 1675 movente
1802 1644 1842 1666 20

460 1705 672 1743 extrinsece
704 1705 901 1743 obiective.
958 1704 1076 1742 Bruta
1106 1711 1233 1742 autem
1267 1712 1304 1743 et
1335 1712 1459 1743 cetera
1492 1719 1561 1756 per
1591 1719 1630 1744 se
1667 1713 1786 1753 mota,

459 1775 547 1812 licet
575 1775 742 1812 habeant
771 1775 934 1813 formam
963 1775 1207 1812 intrinsecam
1236 1788 1306 1824 per
1332 1788 1449 1825 quam
1478 1784 1680 1814 moventur
1708 1777 1787 1814 effi-

461 1846 600 1883 caciter
621 1846 715 1882 sicut
737 1845 981 1882 materialiter
1001 1857 1023 1882 a
1043 1846 1195 1894 passivo
1223 1846 1423 1895 principio,
1445 1847 1535 1896 quia
1555 1853 1686 1884 tamen
1715 1848 1789 1885 ista

460 1928 541 1953 non
563 1916 754 1953 sufficiunt
774 1915 845 1952 nisi
870 1916 918 1952 ab
935 1915 1141 1953 influencia
1161 1916 1231 1953 celi
1252 1928 1363 1954 suurn
1383 1929 1630 1966 progressum
1650 1918 1788 1968 †qu0d

459 1985 518 2022 vel
556 1991 647 2023 tunc
686 1986 744 2023 vel
782 1985 885 2034 prius
923 1992 1120 2022 moveatur
1159 1998 1292 2024 sensus
1331 1999 1464 2024 eorum
1503 1987 1707 2025 materialis
1737 1989 1786 2025 ab
1801 1993 1841 2025 25

461 2056 615 2093 obiecto
650 2056 869 2102 intrinseco,
903 2056 1008 2105 quod
1041 2056 1264 2093 inclinando
1299 2057 1348 2094 ad
1378 2063 1529 2094 motum
1567 2057 1787 2096 huiusmodi

461 2126 553 2175 ipsis
583 2125 717 2163 inferat
746 2126 977 2175 passionem.
1036 2126 1136 2164 Cum
1163 2139 1256 2176 ergo
1285 2127 1409 2176 prima
1437 2128 1546 2176 origo
1575 2128 1711 2177 premii
1739 2129 1788 2166 sit

461 2196 591 2245 gracia
625 2202 663 2233 et
694 2208 774 2233 non
812 2197 991 2234 meritum
1021 2197 1208 2246 premiati‚
1239 2209 1319 2234 non
1350 2198 1489 2234 mirum
1527 2199 1556 2235 si
1592 2198 1786 2248 Scriptura

461 2266 560 2303 dicat
590 2266 638 2303 ad
668 2266 771 2303 hunc
801 2278 957 2303 sensum
977 2267 1083 2315 quod
1112 2279 1229 2305 nemo
1257 2274 1424 2305 meretur
1443 2280 1490 2305 ex
1511 2280 1626 2318 opere
1648 2269 1717 2307 sed
1737 2281 1785 2307 ex

460 2336 590 2385 gracia
620 2336 850 2385 premiantis.
911 2337 1017 2374 Alias
1047 2343 1175 2376 autem
1204 2338 1521 2386 equivocaciones
1555 2339 1665 2376 huius
1697 2352 1784 2389 pre·
1798 2350 1840 2381 30

458 2406 667 2454 posicionis
694 2420 744 2444 ex
771 2407 930 2445 attendit
960 2407 1175 2457 theologus,
1197 2408 1341 2445 subtilis
1370 2408 1572 2457 indagator
1601 2421 1785 2448 sensuum

462 2476 751 2525 Scripturarum.

523 2546 665 2584 Tercio
692 2553 796 2596 patet
816 2547 931 2596 quod,
953 2547 1039 2585 licet
1058 2547 1188 2596 gracia
1216 2548 1381 2586 increata
1407 2561 1454 2586 ex
1475 2561 1551 2600 qua
1581 2550 1786 2589 formaliter

494 2665 516 2689 6.
538 2665 593 2696 iii„
608 2665 688 2691 codd.
705 2665 738 2690 2⁰.
930 2675 968 2692 10.
988 2667 997 2695 ΙΙ
1009 2666 1154 2692 similibus
1168 2667 1190 2692 B
1205 2667 1221 2692 s.
1236 2675 1317 2698 250A.
1492 2677 1528 2700 14.
1549 2669 1625 2695 sint:
1644 2668 1748 2695 addidi.

767 2771 814 2802 13.
839 2763 983 2805 Perhaps
1001 2764 1103 2795 Arist.
1127 2764 1222 2805 Phys.
1241 2765 1308 2798 viii.
1328 2776 1343 2796 2
1362 2776 1392 2807 p.
1411 2776 1469 2807 ²52
1484 2768 1511 2798 b.
