2008 3305
114 191 198 235 294

134 2622 166 2647 In
181 2621 257 2647 what
270 2630 350 2647 sense

132 2656 179 2681 the
193 2656 290 2687 angels
303 2664 350 2681 are

131 2690 353 2717 dominaciones.

789 190 992 223 RICARDI
1025 189 1328 222 ARMACHANI
1785 178 1888 237 [ΠΒ.
1911 193 1940 221 1.

393 294 545 328 adduxit
564 293 773 328 animancia
796 294 845 328 ad
863 295 987 329 Adam
1010 301 1048 329 ut
1066 294 1207 329 videret
1222 294 1312 339 quid
1330 299 1477 329 vocaret
1498 305 1552 337 ea,
1571 299 1634 328 aut
1653 292 1725 327 alia
1740 298 1810 339 [512

393 353 523 397 quevis
554 363 666 397 opera
696 364 767 397 que
794 359 945 397 possent
972 364 1037 397 per
1066 359 1231 387 creature
1265 352 1476 397 potenciam
1510 350 1668 386 exerceri
1686 362 1694 386 ε
1711 349 1723 394 )
1740 353 1821 385 Gen.
1841 353 1873 385 ii.
1893 363 1943 395 19.

393 421 628 455 nequaquam
653 417 803 455 propter
828 411 897 445 hec
922 421 1035 455 opera
1062 411 1165 445 Deus
1190 421 1314 445 rerum
1339 409 1511 444 dominus
1544 409 1728 443 diceretur

394 479 479 502 cum
506 479 618 512 opera
646 468 735 502 talia
763 468 799 502 in
827 479 901 502 non
932 468 1093 502 dominis
1122 468 1268 502 valeant
1302 467 1465 512 reperiri.
1517 468 1622 509 Item,
1649 472 1729 501 esto

394 526 494 571 quod
528 526 611 560 talis
645 526 871 571 principatus
906 526 1028 560 minus
1062 532 1148 570 apte
1185 525 1392 560 dominium
1425 531 1631 567 vocaretur,
1664 534 1759 566 ne-5

394 595 579 629 quaquam
605 591 754 629 propter
779 584 1041 629 accepcionem
1067 584 1147 619 eius
1173 584 1220 619 ab
1247 583 1388 628 angelis
1417 589 1515 618 esset
1542 583 1580 617 in
1607 582 1729 627 aliqua

394 649 500 687 parte
525 643 743 677 translatum
769 642 806 676 in
832 643 987 686 angelos
1013 642 1180 677 divinum
1207 642 1424 685 dominium,
1448 653 1511 676 seu
1536 640 1730 683 minutum,

396 700 496 734 iuxta
513 700 700 735 racionem
716 700 955 745 principalem
969 700 1189 745 premissam
1205 712 1212 744 ;
1241 700 1415 745 quoniam
1434 705 1647 744 sequeretur
1664 709 1731 743 pro

397 759 549 793 instanti
575 758 833 794 translacionis
861 760 985 793 Deum
1004 759 1093 793 illud
1110 759 1271 804 parciale
1290 758 1497 793 dominium
1515 757 1732 802 angelorum

397 823 547 862 propter
569 817 858 862 acquisicionem
883 828 1005 852 rerum
1027 828 1049 852 a
1079 817 1154 852 suis
1187 816 1301 851 servis
1335 816 1483 860 habere,
1512 821 1548 850 et
1582 821 1733 860 propter
1747 826 1787 848 10

397 874 683 909 translacionem
715 876 854 909 factam
887 875 936 909 ab
970 886 1014 909 eo
1049 881 1264 920 sequeretur
1297 886 1363 919 pro
1404 874 1536 908 eodem
1580 871 1732 907 instanti

400 934 525 967 Deum
544 933 708 967 dominio
723 933 785 967 illo
799 933 950 978 parciali
967 945 1092 968 carere
1108 945 1116 968 ε
1145 944 1215 978 que
1234 933 1343 967 simul
1362 938 1458 967 stare
1476 943 1551 966 non
1566 936 1734 976 possunt.

400 992 515 1026 Unde
543 997 688 1025 constat
718 991 817 1036 quod
846 992 950 1026 Deus
980 1002 1055 1025 non
1082 997 1205 1036 potest
1235 991 1396 1026 alienare
1424 990 1502 1025 sive
1535 989 1734 1024 transferre

400 1061 508 1084 suum
526 1050 708 1094 prefatum
734 1049 953 1093 dominium,
973 1050 1178 1085 secundum
1204 1056 1322 1085 totum
1348 1056 1412 1084 aut
1438 1055 1605 1094 partem:
1634 1046 1734 1092 quod

399 1108 468 1143 tibi
486 1108 618 1142 clarius
636 1108 820 1142 elucescet
839 1107 963 1142 statim
982 1107 1144 1142 inferius.
1752 1115 1789 1148 15

450 1168 528 1201 IOH
568 1166 606 1201 Si
631 1165 677 1200 de
703 1165 882 1209 regimine
906 1165 1106 1200 commisso
1129 1165 1269 1209 angelis
1296 1165 1341 1200 sit
1359 1176 1445 1199 vere
1466 1175 1617 1198 suasum
1635 1163 1736 1208 quod

401 1224 607 1259 dominium
637 1236 759 1259 rerum
786 1223 839 1258 eis
865 1223 1146 1258 commissarum
1173 1235 1247 1258 non
1274 1224 1449 1267 habeant,
1477 1222 1563 1268 quia
1587 1227 1737 1267 propter

401 1294 508 1317 suum
526 1282 767 1316 commodum
783 1288 819 1316 et
838 1293 943 1316 suam
966 1281 1235 1326 perfeccionem
1258 1281 1468 1325 augendam
1485 1279 1737 1325 principaliter

402 1341 589 1375 subiectos
612 1339 681 1374 sibi
703 1351 777 1374 non
802 1346 945 1383 regunt,
965 1346 1019 1374 set
1037 1346 1186 1384 propter
1203 1339 1441 1373 commodum
1460 1339 1709 1373 subiectorum
1726 1349 1734 1381 3

400 1411 476 1434 non
502 1405 623 1444 potest
648 1398 768 1444 quivis
794 1400 956 1443 prelatus
981 1397 1135 1433 ecclesie
1160 1409 1229 1432 nec
1262 1397 1379 1443 potuit
1406 1397 1442 1431 in
1473 1398 1555 1442 lege
1584 1396 1737 1441 antiqua
1752 1412 1793 1434 20

402 1468 467 1492 seu
492 1468 590 1491 nova
619 1463 706 1502 apte
740 1457 914 1491 dominus
947 1456 1135 1501 appellari,
1170 1467 1254 1491 cum
1287 1455 1515 1501 principatus
1541 1466 1663 1490 rerum
1689 1455 1736 1489 ab

402 1516 570 1560 apostolo
598 1516 851 1549 ministerium
882 1515 1096 1560 appelletur.
1157 1515 1421 1548 Ministerium
1456 1518 1575 1556 tuum,
1606 1512 1736 1558 inquit,

402 1575 518 1620 imple
542 1573 578 1617 (2
602 1574 651 1608 ad
669 1573 791 1608 Thim.
816 1573 862 1607 iv,
886 1573 945 1618 5);
984 1580 1020 1609 et
1047 1580 1085 1608 ut
1107 1572 1178 1607 sibi
1200 1572 1375 1608 subiectis
1398 1572 1590 1618 proficiant
1613 1571 1650 1606 in
1674 1571 1734 1605 illo
1746 1574 1809 1604 Pro
1833 1584 1860 1614 2,

402 1632 606 1668 ministerio
647 1638 888 1667 statuuntur:
932 1632 1031 1667 unde
1071 1633 1258 1677 apostolus
1292 1632 1381 1666 dicit
1414 1632 1463 1666 ad
1497 1632 1669 1666 Hebreos
1701 1618 1891 1665 v.‘³0dd·¹·

406 1702 435 1736 1,
460 1693 592 1726 Omnis
603 1691 782 1738 pontifex
800 1702 849 1724 ex
866 1691 1078 1725 hominibus
1093 1693 1310 1735 assumptus
1328 1692 1403 1734 pro
1427 1690 1638 1724 hominibus
1654 1700 1738 1724 con·
1755 1697 1792 1729 25

403 1751 584 1785 stituitur
609 1750 650 1783 in
680 1749 755 1783 hiis
779 1760 850 1793 que
875 1752 966 1783 sunt
992 1749 1047 1783 ad
1066 1749 1189 1782 Deum
1218 1752 1262 1782 ut
1289 1749 1421 1792 φῆναί
1442 1749 1540 1782 dona
1565 1751 1602 1782 ei
1623 1748 1740 1782 sacri-

392 1809 490 1854 ficia
517 1810 591 1852 pro
616 1808 791 1852 peccatis.
842 1807 892 1841 Et
926 1806 972 1841 de
1001 1807 1127 1841 Aaron
1160 1812 1196 1841 et
1231 1806 1313 1841 filiis
1348 1806 1426 1840 eius
1460 1812 1516 1840 est
1550 1805 1740 1850 scriptum,

404 1868 519 1901 Num.
538 1864 634 1899 xviii.
657 1874 685 1909 Ι,
711 1865 767 1898 Tu
785 1869 821 1898 et
831 1865 918 1909 filii
938 1865 1000 1898 tus·
1014 1865 1219 1909 portabitis
1242 1865 1483 1908 iniquitatem
1503 1864 1743 1904 sanctuarii;

403 1930 440 1959 et
467 1923 571 1966 infra,
604 1924 661 1957 Tu
687 1927 812 1957 aulem
839 1926 874 1957 et
886 1923 973 1967 filii
996 1923 1058 1957 lui
1075 1922 1343 1957 ministrabitis
1364 1923 1417 1956 eis
1439 1923 1481 1956 in
1503 1921 1740 1956 tabernaculo
1751 1934 1817 1956 ver.
1836 1934 1864 1955 2.

403 1982 620 2017 testimonii.
1755 1988 1797 2019 30

453 2042 541 2074 RIC.
568 2041 685 2074 Recte
710 2039 782 2073 hoc
808 2037 920 2073 infers
945 2038 991 2073 de
1017 2037 1230 2072 hominibus
1257 2036 1407 2082 prelatis
1434 2037 1525 2082 ipsis
1554 2036 1742 2080 subiectis,

405 2097 576 2143 apostolo
588 2098 697 2132 Petro
709 2103 882 2140 testante,
895 2096 956 2141 qui
968 2096 1126 2141 pastoris
1139 2095 1293 2131 ecclesie
1306 2095 1359 2130 sic
1373 2095 1546 2130 describit
1559 2095 1720 2130 officium
1734 2101 1864 2138 :pastor
1878 2104 1908 2127 Β.

404 2158 554 2191 Pascite
578 2157 647 2200 qui
669 2159 724 2190 est
747 2157 788 2189 in
814 2156 917 2189 vobis
935 2165 1089 2200 gregem
1114 2155 1190 2188 Dei
1212 2157 1287 2197 etc„
1317 2165 1391 2188 non
1437 2154 1670 2188 dominantes
1701 2154 1742 2187 in
1747 2161 1864 2198 pascat
1880 2164 1910 2187 B.

405 2216 525 2256 cleris,
554 2218 609 2248 set
630 2214 762 2258 firma
780 2214 886 2258 sacti
902 2215 1036 2258 gregis
1059 2224 1107 2246 ex
1129 2214 1267 2254 animo,
1297 2221 1310 2246 1
1334 2213 1410 2246 Pet.
1429 2224 1462 2246 v.
1481 2222 1512 2254 2,
1532 2221 1563 2255 3.
1620 2211 1743 2254 Unde,

408 2272 502 2307 sicut
528 2284 597 2306 nec
623 2272 757 2316 angeli,
789 2271 839 2305 ita
870 2282 939 2305 nec
968 2270 1100 2315 prelati
1134 2270 1282 2304 racione
1312 2268 1533 2314 prelacionis
1564 2281 1628 2304 sue
1659 2275 1744 2303 sunt
1757 2276 1796 2308 35

410 2330 552 2364 domini
595 2329 790 2364 hominum
833 2329 1066 2363 subditorum
1090 2340 1096 2363 :
1137 2328 1305 2372 nunquid
1347 2335 1471 2362 autem
1514 2327 1643 2372 prelati
1682 2333 1745 2361 aut

409 2388 531 2432 angeli
557 2399 679 2422 rerum
705 2388 860 2421 aliarum
886 2386 1027 2421 domini
1055 2386 1128 2421 sint
1156 2386 1315 2430 dicendi,
1334 2385 1484 2420 inferius
1511 2396 1578 2420 suo
1601 2385 1694 2429 loco,
1713 2384 1743 2419 si

409 2447 510 2489 libet,
528 2446 669 2481 valebis
688 2445 884 2491 inquirere.

327 2566 398 2601 XI,
460 2562 691 2596 IOHANNES.
721 2561 796 2594 Cur
821 2559 933 2604 aliqui
960 2559 1082 2603 angeli
1108 2559 1382 2593 dmninaciones
1403 2558 1451 2592 ab
1474 2557 1643 2601 apostolo
1661 2562 1746 2591 sunt

412 2616 546 2659 vocati,
574 2628 603 2650 s1
631 2616 766 2650 nullius
792 2615 842 2649 rei
870 2615 1072 2659 corporalis
1098 2615 1236 2648 habent
1262 2613 1495 2648 dominium?
1519 2614 1599 2646 sive
1632 2613 1745 2654 troni,
1758 2619 1801 2650 40

414 2675 540 2720 inquit,
559 2676 639 2708 sive
663 2675 938 2708 dominaciones
962 2674 1042 2706 sive
1058 2674 1304 2717 principatus
1327 2673 1407 2705 sive
1433 2670 1452 2691 *
1459 2673 1670 2716 potestates,
1698 2670 1747 2704 ad
1759 2668 1817 2697 6Α

413 2733 492 2768 Col.
520 2732 542 2767 i.
572 2732 642 2774 163
679 2737 715 2766 et
741 2732 789 2765 ad
816 2731 911 2775 Eph.
949 2731 970 2764 i.
1007 2740 1062 2775 21,
1096 2732 1209 2775 super
1239 2740 1382 2764 omnem
1414 2729 1677 2773 principatum
1713 2731 1750 2761 et

404 2793 624 2835 potestatem
644 2794 678 2824 et
695 2790 998 2823 dominacionem.
