2008 3305
213 202 297 231 cAP.
316 187 423 246 xiv]
682 200 827 231 LIBER
859 200 1056 232 PRIMUS.
1730 203 1746 229 1
1759 198 1809 241 15

97 320 196 362 38A]
212 315 515 364 constiparentur
543 315 725 352 militibus
755 315 804 351 ad
836 315 893 351 sui
922 314 1148 360 custodiam,
1179 326 1227 351 ne
1259 313 1367 352 Deus
1401 326 1531 364 preve-
1547 324 1613 363 yvith
1628 325 1709 362 other

209 385 319 423 niens
339 397 492 423 omnem
519 393 647 423 actum
676 386 781 434 prius
810 385 977 434 impellat
1005 385 1136 422 hostes
1166 397 1236 433 pro
1257 384 1321 422 illa
1350 397 1531 422 mensura
1544 358 1708 418 isiriffeqrisslse

207 455 378 492 volentes
398 456 435 492 in
457 456 562 504 ipsos
591 456 754 501 irruere3
785 462 821 493 et
851 455 942 492 illud
971 455 1119 504 nephas
1149 455 1394 504 principalius
1423 456 1532 493 time-

208 532 291 563 rent
322 538 438 575 quam
469 526 614 563 facinus
644 526 798 571 inimici,
831 525 920 575 quia
945 526 1067 563 sciunt
1098 526 1275 562 homines
1309 537 1389 562 non
1417 538 1532 574 posse

176 610 193 640 5
208 596 311 645 ipsos
335 597 523 642 invadere,
545 597 615 633 nisi
635 596 878 645 impellantur
897 608 919 633 a
940 596 1026 633 Deo
1055 596 1183 644 previe
1204 596 1462 633 necessitante
1484 596 1533 633 ad

208 666 326 704 taliter
346 667 614 703 invadendum.
671 666 720 703 Et
740 679 807 715 per
828 666 929 703 idern
951 666 1076 703 mariti
1098 665 1354 715 principaliter
1374 666 1532 703 adhibe-

206 743 290 773 rent
323 738 537 774 custodiam
569 738 645 774 suis
679 737 863 774 uxoribus
899 749 946 774 ne
977 736 1083 774 Deus
1112 736 1284 785 impellat
1314 736 1532 773 adulterum

206 807 307 855 prius
328 808 523 844 nolentem
549 808 805 845 concumbere
831 820 918 844 cum
949 820 1081 845 uxore.
1138 807 1187 844 Et
1217 807 1270 844 sic
1308 807 1534 856 generaliter

207 878 364 926 pollitici
383 891 503 927 penas
530 884 753 923 statuerent,
774 878 1026 924 hortarentur,
1050 884 1086 915 et
1117 878 1363 915 consulerent
1392 877 1534 926 princi-

158 966 195 988 10
208 949 340 997 paliter
368 955 404 986 et
438 961 532 998 pure
565 949 754 999 superflue
783 955 918 986 contra
946 949 1075 986 Deum
1091 963 1100 996 3
1132 961 1220 986 cum
1249 949 1330 996 ipse
1360 949 1534 986 absolute

162 1020 408 1057 Bnecessitat
437 1020 485 1057 ad
514 1027 652 1057 cuncta
681 1020 822 1057 scelera
843 1019 1029 1057 facienda.
1085 1019 1146 1056 Ex
1168 1019 1307 1056 talibus
1329 1017 1533 1056 de*ducci-

207 1090 346 1127 onibus
367 1090 415 1126 ad
435 1090 670 1139 impossibile
697 1089 816 1127 credit
840 1090 1092 1138 Augustinus,
1114 1096 1252 1127 octavo
1274 1101 1386 1138 super
1408 1088 1534 1126 Gene-

208 1160 280 1197 sim
319 1160 367 1197 ad
403 1160 576 1205 litteram,
610 1160 724 1207 xxxi,
755 1160 859 1209 quod
899 1173 978 1198 non
1017 1160 1062 1197 sit
1101 1160 1284 1210 possibile
1322 1166 1534 1198 creaturam

207 1242 290 1268 esse
310 1230 396 1268 Deo
418 1231 498 1268 sine
518 1231 701 1279 temporis
722 1231 835 1268 inicio
856 1236 1092 1268 coeternam.

156 1461 168 1483 1
177 1462 194 1493 5
639 1434 966 1472 CAPITULUM
997 1435 1105 1472 XIV.

265 1549 343 1588 SED
375 1550 464 1599 quia
498 1550 751 1588 introducitur
784 1551 943 1588 materia
977 1551 1024 1588 de
1058 1551 1284 1588 necessitate
1316 1550 1534 1588 futurorum
1548 1562 1794 1627 ΒξέᾶΝνεὲΞῗζιίτῖο

1527 1622 1533 1628 ,
1567 1606 1575 1619 ,

208 1628 307 1658 tacta
341 1621 522 1670 superius,
554 1628 665 1659 sexto
700 1628 737 1659 et
772 1622 937 1670 septimo
972 1621 1159 1670 capitulis,
1191 1628 1227 1658 et
1257 1621 1334 1659 duo
1363 1621 1688 1670 precipurtlzz'ngsto
1700 1637 1783 1657 come,

1547 1671 1663 1688 concern
1667 1660 1816 1694 iugwlziclz

208 1692 386 1729 doctores
424 1692 543 1729 nostri
581 1692 738 1737 ordinis,
779 1692 933 1737 scilicet,
973 1692 1153 1729 dominus
1193 1691 1460 1729 Ardmacanus
1499 1699 1535 1728 et
1548 1696 1717 1727 FitzRalph
1730 1695 1792 1719 and

1548 1730 1679 1754 Bradwa
1684 1729 1768 1754 rdine

208 1763 355 1800 Doctor
375 1762 603 1809 Profundus,
626 1763 801 1800 videntur
828 1762 865 1798 in
893 1763 964 1800 ista
989 1763 1146 1799 materia
1173 1762 1415 1808 discordare;
1446 1775 1535 1800 nec·
1548 1763 1690 1796 disagrc‘e-

157 1847 197 1869 20
209 1846 288 1871 non
309 1833 406 1870 inter
421 1833 551 1870 omnia
566 1833 682 1870 dubia
699 1833 979 1882 Scripturarum
994 1833 1140 1870 videtur
1155 1833 1246 1870 illud
1266 1845 1351 1870 esse
1368 1833 1535 1870 maxime

210 1904 475 1953 scrupulosum
505 1904 543 1940 in
581 1910 729 1941 tantum
764 1903 870 1953 quod
908 1910 1053 1941 rotatur
1086 1904 1343 1941 communiter
1382 1903 1420 1940 in
1459 1903 1534 1940 dis-

209 1975 478 2024 putacionibus
498 1974 722 2024 plebeorum
736 1987 745 2020 ;
776 1974 863 2012 ideo
886 1981 1002 2011 restat
1027 1974 1284 2012 declaracioni
1306 1974 1402 2011 illius
1429 1973 1535 2010 dubii

208 2045 405 2094 paululum
434 2045 709 2082 insistendum:
750 2045 916 2082 sciencia
945 2044 1059 2090 enim,
1090 2044 1303 2082 secundum
1338 2043 1535 2082 Lineolni-

209 2127 352 2161 ensem,
373 2115 516 2164 gaudet
535 2116 735 2153 extraneis.

157 2203 194 2235 25
264 2186 311 2222 In
345 2186 476 2234 primis
506 2186 662 2235 quidem
695 2198 875 2235 suppono
909 2198 999 2223 cum
1031 2186 1190 2223 doctore
1226 2185 1397 2223 secundo
1429 2185 1533 2234 quod
1549 2205 1569 2221 1.
1591 2195 1795 2227 Prelz'minary

1546 2229 1743 2261 assumptious
1752 2236 1760 2253 .·

209 2257 340 2293 omnia
364 2269 439 2305 que
462 2257 639 2294 evenient
662 2257 708 2293 sit
732 2256 989 2294 necessarium
1013 2257 1175 2294 evenire.
1235 2256 1415 2294 Secundo
1444 2268 1532 2305 sup-
1545 2261 1816 2328 ζὲέἕὲῗῑῗὲῗρὲνὲῑεῐ

242 2369 265 2391 7.
284 2359 454 2384 adulterum
469 2359 506 2384 B:
527 2359 710 2385 adulterium
723 2359 748 2384 A
761 2358 792 2385 C.
974 2361 996 2385 Β.
1019 2359 1160 2385 nolentem
1172 2358 1352 2385 concumbere
1366 2359 1388 2385 B
1400 2366 1406 2385 :
1425 2360 1536 2386 valente
1545 2331 1577 2356 Of
1587 2336 1734 2362 necessum

208 2392 356 2418 concubere
368 2393 393 2417 A
404 2392 435 2418 C.

256 2495 302 2516 12.
330 2486 467 2526 August.
486 2486 526 2516 de
543 2485 625 2517 Gen.
644 2486 685 2516 ad
703 2485 846 2516 litteram
863 2485 920 2515 lib.
938 2485 1006 2516 viii.
1026 2494 1062 2515 22
1084 2488 1098 2522 ξ
1119 2495 1171 2526 44,
1190 2486 1277 2526 Opp.
1296 2495 1313 2525 3
1333 2487 1382 2525 (Ι)
1405 2494 1513 2526 240G.

255 2536 304 2567 16.
331 2537 402 2566 The
420 2537 568 2577 question
585 2536 622 2567 of
634 2537 791 2577 necessity
803 2537 925 2576 having
941 2536 1020 2567 been
1039 2536 1181 2568 touched
1197 2536 1230 2567 in
1246 2538 1301 2568 the
1318 2537 1379 2567 last
1393 2537 1539 2578 chapter,

209 2589 235 2619 it
254 2599 330 2619 now
351 2588 452 2618 forms
476 2588 532 2619 the
556 2588 677 2628 subject
700 2588 737 2619 of
755 2599 846 2620 more
865 2588 1033 2619 elaborate
1057 2588 1200 2630 enquiry,
1225 2588 1402 2629 extending
1423 2593 1458 2620 to
1482 2588 1539 2620 the

209 2640 271 2671 end
289 2640 325 2670 of
338 2640 469 2680 chapter
486 2640 573 2671 xvissi.

257 2698 304 2731 17.
330 2691 370 2722 V.
390 2702 497 2732 supra,
514 2702 569 2732 pp.
589 2693 641 2730 38,
659 2700 698 2731 43
718 2702 805 2732 seqq.

257 2744 305 2773 18.
331 2742 370 2773 R.
389 2742 583 2783 FitzRalph,
601 2742 725 2774 Summ.
744 2743 776 2772 in
795 2743 928 2783 Quaest.
947 2743 1079 2774 Armen.
1096 2743 1176 2775 libb.
1195 2744 1271 2781 xiv„
1289 2743 1366 2773 xvii.

260 2802 307 2834 19.
331 2793 369 2824 T.
390 2793 635 2832 Bradwardine,
652 2794 692 2825 de
710 2794 819 2825 Causa
837 2794 899 2824 Dei
916 2794 972 2825 lib.
992 2794 1040 2833 iii,
1057 2794 1106 2825 ed.
1126 2795 1172 2825 H.
1190 2794 1309 2833 Savile,
1329 2793 1411 2824 1618
1429 2793 1521 2825 solio.

855 2863 921 2896 12
