2008 3305
115 217 200 273 316
767 223 973 259 RicARm
1005 221 1305 257 ARMACHANr
1787 204 1886 264 [Lm.
1912 218 1937 247 1.

396 336 552 376 ‘possunt
569 330 743 376 parabole
763 330 829 365 iste
848 329 1001 374 intelligi
1020 329 1066 364 de
1086 328 1158 363 Dei
1182 326 1395 362 muneribus
1420 323 1668 370 spiritualibus
1687 327 1723 358 et
1738 320 1830 362 [10D

395 389 648 433 corporalibus
679 387 862 433 aliquibus
890 387 1069 422 veraciter
1101 384 1361 421 commodatis.
1411 381 1592 418 Concedit
1624 380 1724 416 enim

397 448 503 481 Deus
520 446 629 481 nobis
648 447 860 491 petentibus
885 452 996 490 atque
1014 456 1089 479 non
1107 443 1317 489 petentibus
1341 442 1463 487 sepius
1482 440 1625 485 gracias
1644 450 1725 484 pro-

395 504 588 549 phetandi,
604 503 768 545 curandi,
780 503 924 547 linguas
939 502 1116 544 diversas,
1129 501 1355 546 sapienciam
1369 500 1423 544 (ut
1436 499 1523 533 dicit
1538 495 1724 540 Iacobus),

396 569 432 597 et
459 561 733 596 continenciam
761 561 815 606 (ut
840 560 928 595 dicit
955 560 1145 605 Scriptura
1170 559 1258 603 alia)
1286 565 1321 593 et
1348 557 1481 592 similia
1507 567 1670 597 munera,
1689 561 1756 595 et5

396 620 593 654 nonnullas
621 619 846 655 extrinsecas
876 627 946 662 res,
976 618 1081 653 sicuti
1110 625 1227 652 terras
1255 623 1292 651 et
1321 615 1513 658 beneficia,
1544 620 1580 649 et
1609 613 1727 647 multa

398 678 492 721 alia3
521 678 722 722 aliquando
741 678 790 711 ad
808 684 965 721 tempus,
984 676 1135 718 scilicet,
1154 676 1244 710 dum
1262 675 1315 709 eis
1334 673 1415 719 quis
1439 673 1551 708 utitur
1568 672 1664 707 iuste
1691 677 1728 706 et

398 742 528 770 sancte
548 735 671 779 (sicuti
690 735 773 769 filiis
794 734 942 770 Israelis
961 734 1063 769 dedit
1080 741 1218 768 terram
1243 731 1501 777 promissionis
1526 737 1562 765 et
1579 729 1728 774 regibus

401 793 550 828 Israelis
569 794 659 828 illud
677 803 831 838 regnum
849 793 902 827 sic
920 792 1115 835 concessit,
1140 799 1250 836 atque
1277 789 1448 825 concedit
1466 788 1601 824 cotidie
1619 787 1728 822 nobis

399 852 539 886 talenta
565 858 600 886 et
629 851 772 896 panes),
790 858 827 886 et
852 863 875 885 a
898 857 1064 895 torpente
1089 851 1158 884 hec
1185 848 1366 884 subtrahit
1386 847 1494 892 (sicut
1519 846 1728 891 exprimunt
1745 857 1784 879 10

399 909 470 944 iste
496 908 707 954 parabole);
734 916 771 944 et
796 909 918 944 eciam
944 920 1029 943 cum
1054 908 1178 950 modo,
1198 907 1347 950 scilicet,
1371 907 1420 940 ad
1442 905 1726 950 negociandum,

400 974 463 1002 aut
484 967 592 1012 (sicut
610 967 835 1002 concludunt
854 965 1046 1012 parabole)
1065 966 1113 1000 ad
1139 976 1289 1000 usuram
1305 977 1312 1000 :
1342 964 1440 999 unde
1462 975 1538 998 non
1556 962 1729 997 videntur

398 1026 575 1070 parabole
593 1025 727 1060 debere
746 1024 897 1069 intelligi
915 1025 961 1059 de
979 1024 1206 1058 naturalibus
1226 1023 1334 1058 donis
1355 1029 1417 1056 aut
1443 1022 1524 1056 aliis
1543 1020 1729 1055 inamissi-

398 1083 533 1117 bilibus
563 1094 628 1127 per
656 1090 863 1128 peccatum,
890 1093 961 1127 que
986 1093 1060 1116 non
1088 1082 1136 1115 ad
1162 1088 1308 1126 tempus
1334 1092 1403 1115 nec
1429 1079 1480 1114 ita
1506 1090 1590 1114 cum
1615 1078 1729 1113 modo
1782 1114 1789 1115 r

400 1140 564 1184 donavit,
583 1148 621 1176 ut
645 1150 729 1175 cum
755 1140 888 1175 modus
914 1140 1095 1175 omittitur
1119 1139 1336 1174 amittantur
1353 1138 1462 1182 (sicut
1480 1137 1540 1171 hic
1557 1138 1604 1172 de
1623 1148 1729 1171 servo
1745 1147 1782 1180 15

399 1209 562 1244 nequam
580 1198 826 1243 concluditur)
843 1210 850 1241 ;
877 1204 932 1233 set
949 1199 997 1232 de
1023 1197 1131 1232 bonis
1158 1196 1423 1231 amissibilibus
1441 1207 1506 1240 per
1523 1202 1728 1240 peccatum,

400 1268 465 1302 per
482 1268 552 1301 que
570 1263 692 1301 potest
709 1257 821 1291 homo
839 1256 1071 1300 negociando
1089 1255 1221 1290 mereri
1247 1261 1284 1289 et
1309 1266 1461 1288 usuram
1478 1254 1609 1288 afferre
1626 1264 1632 1287 :
1660 1263 1729 1287 nec

400 1316 501 1349 vales
519 1315 676 1359 probare
693 1315 740 1349 de
759 1314 839 1349 istis
864 1314 952 1359 quin
977 1313 1050 1348 sint
1068 1313 1250 1348 veraciter
1272 1312 1518 1353 commodate,
1545 1322 1620 1345 non
1647 1322 1730 1355 pro-

400 1372 479 1417 prie
497 1383 541 1406 ac
559 1383 644 1407 vere
662 1373 808 1407 donate.
860 1373 920 1416 Et,
939 1378 977 1406 ut
1003 1372 1103 1416 quod
1124 1370 1247 1415 poscis
1271 1370 1318 1404 de
1344 1369 1406 1404 tali
1425 1369 1730 1404 commodacione
1735 1371 1841 1413 possis
1857 1378 1896 1401 M.

401 1430 548 1465 racione
574 1431 761 1475 probetur,
787 1441 875 1465 ecce
901 1441 1011 1464 nemo
1038 1429 1217 1473 insipiens
1248 1427 1402 1472 ambigit
1428 1427 1516 1472 quin
1545 1427 1730 1462 Dominus
1746 1440 1786 1462 20

401 1499 510 1523 verus
544 1488 749 1533 aliquarum
776 1498 899 1522 rerum
926 1498 1019 1533 quas
1049 1492 1171 1531 potest
1209 1487 1359 1529 donare,
1390 1497 1475 1519 cum
1504 1497 1568 1519 eas
1604 1485 1731 1527 donat,

401 1553 528 1591 posset
554 1546 706 1580 modum
732 1545 889 1588 adicere,
907 1552 943 1580 et
970 1545 1021 1579 ita
1044 1555 1108 1579 eas
1135 1544 1383 1586 commodare,
1406 1555 1480 1577 non
1506 1543 1595 1578 dare
1615 1542 1731 1588 (intel-

401 1604 486 1648 ligo,
506 1605 553 1638 de
571 1604 728 1638 dacione
746 1603 891 1649 proprie
910 1603 1020 1646 dicta,
1040 1603 1085 1637 de
1104 1602 1202 1647 quali
1218 1602 1329 1636 modo
1344 1600 1596 1645 tractavimus)
1612 1613 1619 1645 ;
1646 1601 1732 1636 licet

403 1662 474 1696 hec
508 1662 765 1696 commodacio
792 1662 829 1695 in
855 1661 970 1696 sacris
1004 1661 1145 1704 litteris,
1175 1659 1274 1704 quod
1303 1659 1401 1693 iuxta
1429 1659 1732 1693 circumstancias

404 1720 667 1764 scripturarum
698 1726 841 1765 oportet
871 1720 1107 1754 advertenter
1136 1718 1339 1760 attendere,
1369 1717 1595 1762 aliquociens
1629 1717 1733 1751 dacio
1748 1729 1788 1761 25

404 1778 621 1823 appellatur.

274 1894 394 1930 XXV.
457 1893 688 1927 IOHANNES.
715 1892 852 1926 Fateor
873 1891 1213 1926 commodacionem
1235 1898 1412 1936 tanquam
1432 1897 1556 1925 actum
1579 1889 1733 1925 dominii

125 1957 265 1985 ofG0d’s
280 1966 340 1989 pro·
407 1951 455 1985 ad
479 1951 647 1984 divinum
669 1950 874 1984 dominium
899 1950 1109 1995 pertinere:
1136 1950 1183 1984 de
1207 1950 1438 1994 proteccione
1463 1949 1540 1983 sive
1561 1948 1732 1992 tuicione,

125 1991 230 2017 tection
243 1991 275 2018 of
285 1991 328 2017 his
577 2009 583 2014 .
612 2008 617 2014 .
803 2008 808 2013 .
838 2008 843 2013 .
970 2008 976 2013 .
1273 2008 1281 2020 Ἰ
1411 2007 1417 2012 .
1705 2006 1711 2011 .

124 2024 192 2057 gifts
407 2010 454 2043 de
472 2015 691 2053 repeticione
708 2015 744 2043 et
762 2009 929 2052 Immone,
949 2020 978 2043 51
1002 2009 1134 2052 placet,
1152 2015 1307 2042 ostencie
1322 2009 1475 2052 qualiter
1493 2008 1576 2041 Deo
1594 2007 1640 2041 de
1658 2018 1733 2041 suis

405 2066 511 2101 bonis
526 2066 761 2100 conveniant.
1748 2074 1790 2105 30

451 2125 680 2158 RICARDUS.
711 2123 835 2157 David
863 2123 952 2158 dicit
983 2123 1019 2157 in
1052 2124 1222 2167 Psalmis,
1240 2125 1428 2158 Dominus
1456 2124 1626 2168 deffensor
1657 2123 1734 2156 vite
1746 2125 1798 2156 Ps.
1813 2125 1898 2157 xxvi.
1916 2133 1942 2155 1.

403 2194 489 2224 mee,
508 2183 698 2215 Dominus
713 2185 905 2226 protector
925 2183 1003 2215 vite
1023 2193 1098 2215 mee
1110 2195 1123 2216 .·
1148 2195 1171 2216 a
1195 2193 1268 2226 quo
1283 2183 1300 2201 *
1317 2182 1539 2227 trepidabo?
1563 2187 1733 2226 patenter
1745 2188 1821 2217 ΗΑ

404 2240 605 2275 ostendens
620 2239 876 2274 defensionem
890 2239 1025 2274 debere
1039 2240 1230 2274 dominato
1244 2252 1309 2285 per
1322 2239 1526 2275 dominium
1540 2239 1708 2274 adhiberi
1727 2251 1734 2274 :

404 2298 503 2332 unde
531 2298 662 2332 Ierem.
694 2298 715 2332 i.
748 2307 802 2341 34,
830 2298 973 2340 dicitur,
1000 2299 1191 2332 Dominus
1215 2300 1445 2332 exercituum
1471 2310 1602 2332 nomen
1628 2299 1731 2339 eius,·

404 2356 543 2389 iudicio
568 2355 736 2399 defendet
767 2367 920 2389 causam
949 2367 1088 2390 eorum.
1138 2357 1187 2390 Et
1216 2356 1399 2390 Dominus
1426 2356 1514 2390 dixit
1540 2356 1589 2390 ad
1615 2357 1827 2392 Abra-z'udo‘
1839 2368 1881 2391 B:

405 2414 505 2456 ham,
526 2414 620 2448 Gen.
639 2425 697 2447 xv,
720 2423 748 2456 Ι,
774 2414 859 2458 Ego
877 2416 1070 2458 protector
1094 2418 1184 2448 tuus
1205 2426 1317 2455 sum;
1354 2421 1389 2448 et
1417 2413 1452 2448 in
1481 2413 1648 2457 Psalmis,
1676 2414 1734 2448 De
1747 2404 1802 2435 ide?
1815 2411 1854 2434 M.

406 2474 536 2504 ventre
549 2472 686 2505 matris
703 2482 778 2504 mee
794 2475 837 2505 tu
854 2483 890 2505 es
899 2473 1090 2515 protector
1105 2483 1218 2514 meus,
1234 2478 1268 2506 et
1287 2473 1481 2505 Protector
1496 2476 1550 2505 est
1565 2472 1731 2505 omnium
1746 2478 1798 2508 Ps.
1814 2477 1878 2508 lxx.
1896 2475 1927 2508 6.

406 2529 644 2572 sperandum
670 2530 711 2562 in
736 2540 798 2563 se:
824 2536 861 2563 et
887 2529 1003 2563 multa
1029 2535 1115 2563 sunt
1140 2529 1212 2564 alia
1236 2530 1272 2563 in
1296 2529 1493 2573 Scripturis
1517 2541 1586 2574 que
1609 2536 1733 2564 actum
1748 2537 1888 2568 Ps.xvii,
1901 2545 1951 2576 31,

407 2586 632 2621 defensionis
658 2587 785 2621 divino
818 2587 983 2621 dominio
1016 2594 1184 2632 patenter
1215 2588 1427 2622 attribuunt.
1480 2588 1540 2621 De
1567 2594 1651 2623 actu
1679 2599 1735 2623 re-

128 2656 183 2681 and
197 2654 367 2688 resumption
412 2644 604 2689 peticionis
632 2644 775 2688 dicitur,
802 2645 920 2679 Exod.
938 2645 985 2679 vi.
1004 2646 1035 2687 6,
1056 2646 1140 2690 Ego
1157 2646 1355 2689 Dominus,
1374 2647 1443 2690 qui
1465 2646 1580 2680 eduxi
1603 2658 1668 2680 vos
1693 2647 1736 2680 de
1749 2655 1791 2686 40

127 2690 160 2716 of
170 2690 255 2716 them.
409 2700 599 2744 ergastulo
611 2700 649 2732 E
643 2701 863 2744 gyssciorum
868 2726 875 2741 ,
890 2704 925 2733 et
937 2712 1065 2733 eruam
1080 2702 1123 2733 de
1136 2702 1326 2743 servitute,
1338 2702 1521 2734 redimens
1534 2703 1574 2735 in
1589 2701 1737 2735 brachio

408 2758 581 2795 extenl0;
606 2754 667 2788 ubi
694 2762 769 2788 tam
796 2762 899 2789 actus
927 2755 1158 2799 repeticionis
1179 2758 1322 2798 (eruam
1350 2756 1479 2800 inquit)
1500 2767 1609 2800 quam
1632 2764 1735 2791 actus

408 2811 574 2846 luicionis
602 2810 651 2856 (el
676 2813 872 2856 redimam)
903 2812 1027 2847 divino
1049 2813 1212 2848 dominio
1233 2813 1422 2858 Scriptura
1448 2814 1622 2857 attribuit,
1652 2814 1737 2859 Ego
