<?xml version="1.0" encoding="UTF-8"?>
<!DOCTYPE html PUBLIC "-//W3C//DTD XHTML 1.0 Transitional//EN"
    "http://www.w3.org/TR/xhtml1/DTD/xhtml1-transitional.dtd">
<html xmlns="http://www.w3.org/1999/xhtml" xml:lang="en" lang="en">
 <head>
  <title>
</title>
<meta http-equiv="Content-Type" content="text/html;charset=utf-8" />
  <meta name='ocr-system' content='tesseract 3.04.00' />
  <meta name='ocr-capabilities' content='ocr_page ocr_carea ocr_par ocr_line ocrx_word'/>
</head>
<body>
  <div class='ocr_page' id='page_1' title='image "./dedominiodivinol00wycl_0400.png"; bbox 0 0 2095 3278; ppageno 0'>
   <div class='ocr_carea' id='block_1_1' title="bbox 216 167 2040 227">
    <p class='ocr_par' dir='ltr' id='par_1_1' title="bbox 216 167 2040 227">
     <span class='ocr_line' id='line_1_1' title="bbox 216 167 2040 227; baseline -0.001 -14"><span class='ocrx_word' id='word_1_1' title='bbox 216 185 300 227; x_wconf 81' lang='lat'>344</span> <span class='ocrx_word' id='word_1_2' title='bbox 872 181 1078 213; x_wconf 87' lang='lat' dir='ltr'><strong>RICARDI</strong></span> <span class='ocrx_word' id='word_1_3' title='bbox 1111 180 1412 213; x_wconf 86' lang='lat' dir='ltr'><strong>ARMACHANI</strong></span> <span class='ocrx_word' id='word_1_4' title='bbox 1873 167 1975 227; x_wconf 75' lang='lat' dir='ltr'>[Lm.</span> <span class='ocrx_word' id='word_1_5' title='bbox 1994 183 2040 217; x_wconf 80' lang='lat'>11,</span> 
     </span>
    </p>
   </div>
   <div class='ocr_carea' id='block_1_2' title="bbox 491 283 1927 735">
    <p class='ocr_par' dir='ltr' id='par_1_2' title="bbox 494 283 1927 387">
     <span class='ocr_line' id='line_1_2' title="bbox 494 283 1927 329; baseline 0 -10"><span class='ocrx_word' id='word_1_6' title='bbox 494 285 630 319; x_wconf 75' lang='lat' dir='ltr'><em>manui</em></span> <span class='ocrx_word' id='word_1_7' title='bbox 652 288 772 319; x_wconf 77' lang='lat' dir='ltr'>vestre</span> <span class='ocrx_word' id='word_1_8' title='bbox 795 285 933 319; x_wconf 76' lang='lat' dir='ltr'><em>traditi</em></span> <span class='ocrx_word' id='word_1_9' title='bbox 955 289 1053 328; x_wconf 80' lang='lat' dir='ltr'>sunt,</span> <span class='ocrx_word' id='word_1_10' title='bbox 1072 289 1108 319; x_wconf 83' lang='lat' dir='ltr'>et</span> <span class='ocrx_word' id='word_1_11' title='bbox 1130 296 1235 319; x_wconf 79' lang='lat' dir='ltr'>amne</span> <span class='ocrx_word' id='word_1_12' title='bbox 1258 285 1361 329; x_wconf 81' lang='lat' dir='ltr'>quad</span> <span class='ocrx_word' id='word_1_13' title='bbox 1382 286 1554 318; x_wconf 77' lang='lat' dir='ltr'>movetur</span> <span class='ocrx_word' id='word_1_14' title='bbox 1568 287 1604 318; x_wconf 87' lang='lat' dir='ltr'>et</span> <span class='ocrx_word' id='word_1_15' title='bbox 1627 283 1730 318; x_wconf 81' lang='lat' dir='ltr'><em>vivit</em></span> <span class='ocrx_word' id='word_1_16' title='bbox 1750 283 1825 318; x_wconf 81' lang='lat' dir='ltr'>erit</span> <span class='ocrx_word' id='word_1_17' title='bbox 1836 287 1927 329; x_wconf 76' lang='grc' dir='ltr'>[ΠΒ</span> 
     </span>
     <span class='ocr_line' id='line_1_3' title="bbox 494 340 1823 387; baseline 0 -12"><span class='ocrx_word' id='word_1_18' title='bbox 494 343 598 376; x_wconf 80' lang='lat' dir='ltr'>vobis</span> <span class='ocrx_word' id='word_1_19' title='bbox 615 344 656 376; x_wconf 78' lang='lat' dir='ltr'>in</span> <span class='ocrx_word' id='word_1_20' title='bbox 674 343 793 377; x_wconf 82' lang='lat' dir='ltr'>cibum</span> <span class='ocrx_word' id='word_1_21' title='bbox 807 356 820 377; x_wconf 90' lang='lat'>.·</span> <span class='ocrx_word' id='word_1_22' title='bbox 844 344 957 387; x_wconf 77' lang='lat' dir='ltr'><em>quasi</em></span> <span class='ocrx_word' id='word_1_23' title='bbox 972 344 1073 377; x_wconf 83' lang='lat' dir='ltr'>olera</span> <span class='ocrx_word' id='word_1_24' title='bbox 1094 343 1264 376; x_wconf 82' lang='lat' dir='ltr'>virencz’a</span> <span class='ocrx_word' id='word_1_25' title='bbox 1282 341 1429 376; x_wconf 77' lang='lat' dir='ltr'>tradidi</span> <span class='ocrx_word' id='word_1_26' title='bbox 1444 342 1548 375; x_wconf 80' lang='lat' dir='ltr'>vobis</span> <span class='ocrx_word' id='word_1_27' title='bbox 1565 342 1703 375; x_wconf 83' lang='lat' dir='ltr'><em>omnia.</em></span> <span class='ocrx_word' id='word_1_28' title='bbox 1747 340 1823 376; x_wconf 91' lang='lat' dir='ltr'>Ubi</span> 
     </span>
    </p>

    <p class='ocr_par' dir='ltr' id='par_1_3' title="bbox 492 398 1826 504">
     <span class='ocr_line' id='line_1_4' title="bbox 493 398 1826 445; baseline -0.002 -10"><span class='ocrx_word' id='word_1_29' title='bbox 493 412 567 435; x_wconf 91' lang='lat' dir='ltr'>non</span> <span class='ocrx_word' id='word_1_30' title='bbox 586 400 802 445; x_wconf 83' lang='lat' dir='ltr'>exprimitur</span> <span class='ocrx_word' id='word_1_31' title='bbox 819 400 943 445; x_wconf 84' lang='lat' dir='ltr'>aliqua</span> <span class='ocrx_word' id='word_1_32' title='bbox 961 399 1114 435; x_wconf 90' lang='lat' dir='ltr'>dominii</span> <span class='ocrx_word' id='word_1_33' title='bbox 1133 406 1221 434; x_wconf 89' lang='lat' dir='ltr'>tunc</span> <span class='ocrx_word' id='word_1_34' title='bbox 1239 400 1286 434; x_wconf 92' lang='lat' dir='ltr'>de</span> <span class='ocrx_word' id='word_1_35' title='bbox 1307 399 1468 444; x_wconf 81' lang='lat' dir='ltr'>presenti</span> <span class='ocrx_word' id='word_1_36' title='bbox 1488 398 1654 442; x_wconf 81' lang='lat' dir='ltr'>donacio,</span> <span class='ocrx_word' id='word_1_37' title='bbox 1674 405 1730 433; x_wconf 88' lang='lat' dir='ltr'>set</span> <span class='ocrx_word' id='word_1_38' title='bbox 1747 398 1826 433; x_wconf 86' lang='lat' dir='ltr'>eius</span> 
     </span>
     <span class='ocr_line' id='line_1_5' title="bbox 492 458 1823 504; baseline -0.001 -12"><span class='ocrx_word' id='word_1_39' title='bbox 492 458 711 493; x_wconf 81' lang='lat' dir='ltr'><strong>exercicium</strong></span> <span class='ocrx_word' id='word_1_40' title='bbox 730 458 907 502; x_wconf 86' lang='lat' dir='ltr'>debiturn,</span> <span class='ocrx_word' id='word_1_41' title='bbox 926 471 992 504; x_wconf 89' lang='lat' dir='ltr'>per</span> <span class='ocrx_word' id='word_1_42' title='bbox 1010 459 1122 493; x_wconf 91' lang='lat' dir='ltr'>verba</span> <span class='ocrx_word' id='word_1_43' title='bbox 1140 458 1210 500; x_wconf 83' lang='lat' dir='ltr'>issa,</span> <span class='ocrx_word' id='word_1_44' title='bbox 1232 458 1371 491; x_wconf 78' lang='lat' dir='ltr'>Terror</span> <span class='ocrx_word' id='word_1_45' title='bbox 1386 461 1508 491; x_wconf 83' lang='lat' dir='ltr'>vester</span> <span class='ocrx_word' id='word_1_46' title='bbox 1520 468 1562 491; x_wconf 88' lang='lat' dir='ltr'>ac</span> <span class='ocrx_word' id='word_1_47' title='bbox 1578 461 1727 501; x_wconf 78' lang='lat' dir='ltr'>tremor,</span> <span class='ocrx_word' id='word_1_48' title='bbox 1741 463 1823 501; x_wconf 66' lang='lat' dir='ltr'>etc„</span> 
     </span>
    </p>

    <p class='ocr_par' dir='ltr' id='par_1_4' title="bbox 491 515 1853 735">
     <span class='ocr_line' id='line_1_6' title="bbox 493 515 1853 561; baseline -0.001 -11"><span class='ocrx_word' id='word_1_49' title='bbox 493 523 528 551; x_wconf 89' lang='lat' dir='ltr'>et</span> <span class='ocrx_word' id='word_1_50' title='bbox 554 518 627 551; x_wconf 78' lang='lat' dir='ltr'>erit</span> <span class='ocrx_word' id='word_1_51' title='bbox 651 517 755 551; x_wconf 81' lang='lat' dir='ltr'>vebis</span> <span class='ocrx_word' id='word_1_52' title='bbox 779 518 821 550; x_wconf 78' lang='lat' dir='ltr'>in</span> <span class='ocrx_word' id='word_1_53' title='bbox 846 517 993 558; x_wconf 78' lang='lat' dir='ltr'>cibum;</span> <span class='ocrx_word' id='word_1_54' title='bbox 1017 523 1053 550; x_wconf 91' lang='lat' dir='ltr'>et</span> <span class='ocrx_word' id='word_1_55' title='bbox 1079 516 1253 561; x_wconf 89' lang='lat' dir='ltr'>preterita</span> <span class='ocrx_word' id='word_1_56' title='bbox 1278 515 1357 550; x_wconf 90' lang='lat' dir='ltr'>eius</span> <span class='ocrx_word' id='word_1_57' title='bbox 1384 515 1541 550; x_wconf 84' lang='lat' dir='ltr'>donacio</span> <span class='ocrx_word' id='word_1_58' title='bbox 1568 527 1633 560; x_wconf 90' lang='lat' dir='ltr'>per</span> <span class='ocrx_word' id='word_1_59' title='bbox 1658 516 1821 558; x_wconf 82' lang='lat' dir='ltr'>verbum,</span> <span class='ocrx_word' id='word_1_60' title='bbox 1836 528 1853 559; x_wconf 89' lang='lat'>5</span> 
     </span>
     <span class='ocr_line' id='line_1_7' title="bbox 491 573 1822 618; baseline -0.002 -10"><span class='ocrx_word' id='word_1_61' title='bbox 491 574 638 608; x_wconf 76' lang='lat' dir='ltr'><em>Manus·</em></span> <span class='ocrx_word' id='word_1_62' title='bbox 669 578 790 608; x_wconf 78' lang='lat' dir='ltr'>vestre</span> <span class='ocrx_word' id='word_1_63' title='bbox 821 575 959 609; x_wconf 76' lang='lat' dir='ltr'><em>traditi</em></span> <span class='ocrx_word' id='word_1_64' title='bbox 989 578 1088 617; x_wconf 75' lang='lat' dir='ltr'>smil,</span> <span class='ocrx_word' id='word_1_65' title='bbox 1118 580 1154 608; x_wconf 89' lang='lat' dir='ltr'>et</span> <span class='ocrx_word' id='word_1_66' title='bbox 1188 574 1333 608; x_wconf 81' lang='lat' dir='ltr'>tradidi</span> <span class='ocrx_word' id='word_1_67' title='bbox 1364 573 1469 607; x_wconf 78' lang='lat' dir='ltr'><em>vobis</em></span> <span class='ocrx_word' id='word_1_68' title='bbox 1501 574 1640 614; x_wconf 75' lang='lat' dir='ltr'>Omnia,</span> <span class='ocrx_word' id='word_1_69' title='bbox 1670 573 1822 618; x_wconf 80' lang='lat' dir='ltr'><strong>exprimi</strong></span> 
     </span>
     <span class='ocr_line' id='line_1_8' title="bbox 492 631 1824 676; baseline -0.001 -11"><span class='ocrx_word' id='word_1_70' title='bbox 492 632 604 666; x_wconf 88' lang='lat' dir='ltr'>michi</span> <span class='ocrx_word' id='word_1_71' title='bbox 623 632 816 675; x_wconf 90' lang='lat' dir='ltr'>videntur;</span> <span class='ocrx_word' id='word_1_72' title='bbox 842 639 879 667; x_wconf 88' lang='lat' dir='ltr'>ut</span> <span class='ocrx_word' id='word_1_73' title='bbox 898 643 943 666; x_wconf 82' lang='lat' dir='ltr'>ex</span> <span class='ocrx_word' id='word_1_74' title='bbox 959 632 1030 666; x_wconf 85' lang='lat' dir='ltr'>hac</span> <span class='ocrx_word' id='word_1_75' title='bbox 1049 643 1154 666; x_wconf 90' lang='lat' dir='ltr'>sacra</span> <span class='ocrx_word' id='word_1_76' title='bbox 1172 631 1361 676; x_wconf 81' lang='lat' dir='ltr'>Scriptura</span> <span class='ocrx_word' id='word_1_77' title='bbox 1382 642 1451 665; x_wconf 90' lang='lat' dir='ltr'>nos</span> <span class='ocrx_word' id='word_1_78' title='bbox 1478 631 1633 665; x_wconf 87' lang='lat' dir='ltr'>instruat</span> <span class='ocrx_word' id='word_1_79' title='bbox 1651 642 1715 666; x_wconf 86' lang='lat' dir='ltr'>eos</span> <span class='ocrx_word' id='word_1_80' title='bbox 1734 631 1824 665; x_wconf 84' lang='lat' dir='ltr'>illud</span> 
     </span>
     <span class='ocr_line' id='line_1_9' title="bbox 492 688 1606 735; baseline -0.002 -10"><span class='ocrx_word' id='word_1_81' title='bbox 492 689 698 725; x_wconf 88' lang='lat' dir='ltr'>dominium</span> <span class='ocrx_word' id='word_1_82' title='bbox 716 702 781 735; x_wconf 88' lang='lat' dir='ltr'>per</span> <span class='ocrx_word' id='word_1_83' title='bbox 797 689 1020 725; x_wconf 89' lang='lat' dir='ltr'>beneficium</span> <span class='ocrx_word' id='word_1_84' title='bbox 1038 688 1240 724; x_wconf 89' lang='lat' dir='ltr'>creacionis</span> <span class='ocrx_word' id='word_1_85' title='bbox 1259 695 1368 724; x_wconf 87' lang='lat' dir='ltr'>antea</span> <span class='ocrx_word' id='word_1_86' title='bbox 1387 688 1606 734; x_wconf 80' lang='lat' dir='ltr'>suscepisse.</span> 
     </span>
    </p>
   </div>
   <div class='ocr_carea' id='block_1_3' title="bbox 206 802 2023 1835">
    <p class='ocr_par' dir='ltr' id='par_1_5' title="bbox 206 802 2023 1835">
     <span class='ocr_line' id='line_1_10' title="bbox 409 802 1825 847; baseline -0.002 -8"><span class='ocrx_word' id='word_1_87' title='bbox 409 810 480 844; x_wconf 81' lang='lat' dir='ltr'>VI,</span> <span class='ocrx_word' id='word_1_88' title='bbox 541 804 772 839; x_wconf 85' lang='lat' dir='ltr'>IOHANNES.</span> <span class='ocrx_word' id='word_1_89' title='bbox 801 805 884 839; x_wconf 91' lang='lat' dir='ltr'>Hec</span> <span class='ocrx_word' id='word_1_90' title='bbox 901 803 1026 838; x_wconf 90' lang='lat' dir='ltr'>omnia</span> <span class='ocrx_word' id='word_1_91' title='bbox 1044 804 1201 838; x_wconf 80' lang='lat' dir='ltr'>letanter</span> <span class='ocrx_word' id='word_1_92' title='bbox 1214 802 1367 847; x_wconf 84' lang='lat' dir='ltr'>accipio,</span> <span class='ocrx_word' id='word_1_93' title='bbox 1381 814 1451 847; x_wconf 90' lang='lat' dir='ltr'>que</span> <span class='ocrx_word' id='word_1_94' title='bbox 1468 802 1580 837; x_wconf 87' lang='lat' dir='ltr'>michi</span> <span class='ocrx_word' id='word_1_95' title='bbox 1600 802 1825 837; x_wconf 88' lang='lat' dir='ltr'>sufficienter</span> 
     </span>
     <span class='ocr_line' id='line_1_11' title="bbox 212 861 2017 912; baseline 0.002 -15"><span class='ocrx_word' id='word_1_96' title='bbox 212 865 341 896; x_wconf 55' lang='lat' dir='ltr'>Original</span> <span class='ocrx_word' id='word_1_97' title='bbox 354 866 479 912; x_wconf 70' lang='lat' dir='ltr'>tordship</span> <span class='ocrx_word' id='word_1_98' title='bbox 493 862 678 897; x_wconf 86' lang='lat' dir='ltr'>affirmare</span> <span class='ocrx_word' id='word_1_99' title='bbox 691 861 995 897; x_wconf 87' lang='lat' dir='ltr'>videnturAdam</span> <span class='ocrx_word' id='word_1_100' title='bbox 1008 861 1044 895; x_wconf 90' lang='lat' dir='ltr'>in</span> <span class='ocrx_word' id='word_1_101' title='bbox 1060 873 1126 895; x_wconf 91' lang='lat' dir='ltr'>sua</span> <span class='ocrx_word' id='word_1_102' title='bbox 1140 861 1277 905; x_wconf 84' lang='lat' dir='ltr'>origine</span> <span class='ocrx_word' id='word_1_103' title='bbox 1293 861 1380 895; x_wconf 83' lang='lat' dir='ltr'>illud</span> <span class='ocrx_word' id='word_1_104' title='bbox 1396 861 1602 895; x_wconf 90' lang='lat' dir='ltr'>dominium</span> <span class='ocrx_word' id='word_1_105' title='bbox 1616 861 1821 905; x_wconf 86' lang='lat' dir='ltr'>accepisse;</span> <span class='ocrx_word' id='word_1_106' title='bbox 1834 874 1933 911; x_wconf 77' lang='lat' dir='ltr'>accep.</span> <span class='ocrx_word' id='word_1_107' title='bbox 1951 881 2017 903; x_wconf 90' lang='lat' dir='ltr'>om.</span> 
     </span>
     <span class='ocr_line' id='line_1_12' title="bbox 210 908 1865 965; baseline -0.002 -10"><span class='ocrx_word' id='word_1_108' title='bbox 210 908 396 965; x_wconf 47' lang='lat' dir='ltr'>ggsctgpposes</span> <span class='ocrx_word' id='word_1_109' title='bbox 493 926 548 955; x_wconf 86' lang='lat' dir='ltr'>set</span> <span class='ocrx_word' id='word_1_110' title='bbox 566 931 680 965; x_wconf 88' lang='lat' dir='ltr'>queso</span> <span class='ocrx_word' id='word_1_111' title='bbox 706 926 745 954; x_wconf 93' lang='lat' dir='ltr'>ut</span> <span class='ocrx_word' id='word_1_112' title='bbox 770 919 874 954; x_wconf 89' lang='lat' dir='ltr'>dicas</span> <span class='ocrx_word' id='word_1_113' title='bbox 897 919 1053 964; x_wconf 88' lang='lat' dir='ltr'>nunquit</span> <span class='ocrx_word' id='word_1_114' title='bbox 1079 919 1154 953; x_wconf 87' lang='lat' dir='ltr'>suis</span> <span class='ocrx_word' id='word_1_115' title='bbox 1181 919 1456 954; x_wconf 88' lang='lat' dir='ltr'>successoribus</span> <span class='ocrx_word' id='word_1_116' title='bbox 1483 919 1590 954; x_wconf 84' lang='lat' dir='ltr'>simul</span> <span class='ocrx_word' id='word_1_117' title='bbox 1615 918 1758 954; x_wconf 85' lang='lat' dir='ltr'>accedit</span> <span class='ocrx_word' id='word_1_118' title='bbox 1786 918 1822 953; x_wconf 90' lang='lat' dir='ltr'>in</span> <span class='ocrx_word' id='word_1_119' title='bbox 1836 921 1865 945; x_wconf 84' lang='grc' dir='ltr'>Β·</span> 
     </span>
     <span class='ocr_line' id='line_1_13' title="bbox 491 977 917 1013; baseline -0.002 -1"><span class='ocrx_word' id='word_1_120' title='bbox 491 984 572 1013; x_wconf 85' lang='lat' dir='ltr'>ortu</span> <span class='ocrx_word' id='word_1_121' title='bbox 592 978 681 1012; x_wconf 88' lang='lat' dir='ltr'>illud</span> <span class='ocrx_word' id='word_1_122' title='bbox 700 977 917 1012; x_wconf 90' lang='lat' dir='ltr'>dominium.</span> 
     </span>
     <span class='ocr_line' id='line_1_14' title="bbox 536 1034 1819 1080; baseline -0.002 -10"><span class='ocrx_word' id='word_1_123' title='bbox 536 1038 764 1071; x_wconf 83' lang='lat' dir='ltr'><strong>RICARDUS.</strong></span> <span class='ocrx_word' id='word_1_124' title='bbox 793 1037 879 1070; x_wconf 92' lang='lat' dir='ltr'>Non</span> <span class='ocrx_word' id='word_1_125' title='bbox 896 1047 904 1079; x_wconf 88' lang='lat'>;</span> <span class='ocrx_word' id='word_1_126' title='bbox 934 1034 1021 1080; x_wconf 87' lang='lat' dir='ltr'>quia</span> <span class='ocrx_word' id='word_1_127' title='bbox 1043 1035 1268 1080; x_wconf 83' lang='lat' dir='ltr'>omnesfilii</span> <span class='ocrx_word' id='word_1_128' title='bbox 1288 1035 1345 1068; x_wconf 76' lang='lat' dir='ltr'>ire</span> <span class='ocrx_word' id='word_1_129' title='bbox 1364 1040 1576 1078; x_wconf 89' lang='lat' dir='ltr'>nascuntur,</span> <span class='ocrx_word' id='word_1_130' title='bbox 1596 1035 1694 1080; x_wconf 91' lang='lat' dir='ltr'>Eph.</span> <span class='ocrx_word' id='word_1_131' title='bbox 1719 1034 1754 1069; x_wconf 90' lang='lat' dir='ltr'>ii.</span> <span class='ocrx_word' id='word_1_132' title='bbox 1774 1044 1793 1078; x_wconf 88' lang='lat'>3</span> <span class='ocrx_word' id='word_1_133' title='bbox 1811 1045 1819 1078; x_wconf 83' lang='lat'>3</span> 
     </span>
     <span class='ocr_line' id='line_1_15' title="bbox 488 1092 2023 1139; baseline 0.001 -11"><span class='ocrx_word' id='word_1_134' title='bbox 488 1100 524 1129; x_wconf 89' lang='lat' dir='ltr'>et</span> <span class='ocrx_word' id='word_1_135' title='bbox 549 1095 639 1128; x_wconf 82' lang='lat' dir='ltr'>Non</span> <span class='ocrx_word' id='word_1_136' title='bbox 664 1098 718 1127; x_wconf 85' lang='lat' dir='ltr'>est</span> <span class='ocrx_word' id='word_1_137' title='bbox 742 1094 945 1136; x_wconf 78' lang='lat' dir='ltr'>distinccio,</span> <span class='ocrx_word' id='word_1_138' title='bbox 964 1104 1089 1126; x_wconf 79' lang='lat' dir='ltr'>omnes</span> <span class='ocrx_word' id='word_1_139' title='bbox 1113 1093 1211 1126; x_wconf 79' lang='lat' dir='ltr'>enim</span> <span class='ocrx_word' id='word_1_140' title='bbox 1229 1094 1485 1137; x_wconf 70' lang='lat' dir='ltr'>peccaverunt</span> <span class='ocrx_word' id='word_1_141' title='bbox 1507 1097 1543 1127; x_wconf 86' lang='lat' dir='ltr'>et</span> <span class='ocrx_word' id='word_1_142' title='bbox 1566 1096 1674 1138; x_wconf 77' lang='lat' dir='ltr'>egent</span> <span class='ocrx_word' id='word_1_143' title='bbox 1690 1092 1821 1138; x_wconf 76' lang='lat' dir='ltr'><em>gloria</em></span> <span class='ocrx_word' id='word_1_144' title='bbox 1829 1098 1974 1139; x_wconf 78' lang='lat' dir='ltr'><em>gloriam</em></span> <span class='ocrx_word' id='word_1_145' title='bbox 1991 1106 2023 1130; x_wconf 85' lang='grc' dir='ltr'>Β.</span> 
     </span>
     <span class='ocr_line' id='line_1_16' title="bbox 487 1149 1874 1196; baseline -0.003 -9"><span class='ocrx_word' id='word_1_146' title='bbox 487 1153 573 1196; x_wconf 86' lang='lat' dir='ltr'>Dei,</span> <span class='ocrx_word' id='word_1_147' title='bbox 593 1157 755 1186; x_wconf 87' lang='lat' dir='ltr'>testante</span> <span class='ocrx_word' id='word_1_148' title='bbox 779 1151 959 1195; x_wconf 86' lang='lat' dir='ltr'>apostolo,</span> <span class='ocrx_word' id='word_1_149' title='bbox 978 1151 1027 1185; x_wconf 90' lang='lat' dir='ltr'>ad</span> <span class='ocrx_word' id='word_1_150' title='bbox 1046 1151 1238 1184; x_wconf 86' lang='lat' dir='ltr'>Romanos</span> <span class='ocrx_word' id='word_1_151' title='bbox 1265 1149 1313 1184; x_wconf 86' lang='lat' dir='ltr'>iii.</span> <span class='ocrx_word' id='word_1_152' title='bbox 1333 1160 1388 1193; x_wconf 90' lang='lat'>22,</span> <span class='ocrx_word' id='word_1_153' title='bbox 1408 1160 1451 1193; x_wconf 85' lang='lat'>23</span> <span class='ocrx_word' id='word_1_154' title='bbox 1470 1161 1477 1185; x_wconf 93' lang='lat'>:</span> <span class='ocrx_word' id='word_1_155' title='bbox 1505 1151 1604 1185; x_wconf 89' lang='lat' dir='ltr'>unde</span> <span class='ocrx_word' id='word_1_156' title='bbox 1630 1150 1668 1184; x_wconf 92' lang='lat' dir='ltr'>in</span> <span class='ocrx_word' id='word_1_157' title='bbox 1695 1156 1820 1185; x_wconf 88' lang='lat' dir='ltr'>nostra</span> <span class='ocrx_word' id='word_1_158' title='bbox 1837 1162 1874 1194; x_wconf 88' lang='lat'>15</span> 
     </span>
     <span class='ocr_line' id='line_1_17' title="bbox 488 1207 1820 1255; baseline -0.001 -11"><span class='ocrx_word' id='word_1_159' title='bbox 488 1210 629 1255; x_wconf 83' lang='lat' dir='ltr'>origine</span> <span class='ocrx_word' id='word_1_160' title='bbox 655 1208 840 1254; x_wconf 86' lang='lat' dir='ltr'>personali</span> <span class='ocrx_word' id='word_1_161' title='bbox 867 1220 1009 1252; x_wconf 91' lang='lat' dir='ltr'>ornnes,</span> <span class='ocrx_word' id='word_1_162' title='bbox 1037 1209 1156 1242; x_wconf 92' lang='lat' dir='ltr'>donec</span> <span class='ocrx_word' id='word_1_163' title='bbox 1177 1207 1341 1252; x_wconf 81' lang='lat' dir='ltr'>graciam</span> <span class='ocrx_word' id='word_1_164' title='bbox 1367 1208 1582 1252; x_wconf 77' lang='lat' dir='ltr'>habeamus,</span> <span class='ocrx_word' id='word_1_165' title='bbox 1602 1219 1729 1243; x_wconf 91' lang='lat' dir='ltr'>sumus</span> <span class='ocrx_word' id='word_1_166' title='bbox 1750 1208 1820 1243; x_wconf 86' lang='lat' dir='ltr'>isto</span> 
     </span>
     <span class='ocr_line' id='line_1_18' title="bbox 489 1266 1820 1311; baseline -0.002 -9"><span class='ocrx_word' id='word_1_167' title='bbox 489 1268 654 1303; x_wconf 89' lang='lat' dir='ltr'>dominio</span> <span class='ocrx_word' id='word_1_168' title='bbox 673 1266 850 1302; x_wconf 87' lang='lat' dir='ltr'>denudati</span> <span class='ocrx_word' id='word_1_169' title='bbox 871 1280 878 1309; x_wconf 93' lang='lat'>;</span> <span class='ocrx_word' id='word_1_170' title='bbox 906 1267 958 1301; x_wconf 89' lang='lat' dir='ltr'>ita</span> <span class='ocrx_word' id='word_1_171' title='bbox 976 1267 1075 1311; x_wconf 86' lang='lat' dir='ltr'>quod</span> <span class='ocrx_word' id='word_1_172' title='bbox 1095 1266 1301 1300; x_wconf 88' lang='lat' dir='ltr'>dominium</span> <span class='ocrx_word' id='word_1_173' title='bbox 1320 1266 1419 1300; x_wconf 85' lang='lat' dir='ltr'>istud</span> <span class='ocrx_word' id='word_1_174' title='bbox 1437 1277 1545 1301; x_wconf 90' lang='lat' dir='ltr'>nemo</span> <span class='ocrx_word' id='word_1_175' title='bbox 1567 1266 1697 1311; x_wconf 85' lang='lat' dir='ltr'>recipit</span> <span class='ocrx_word' id='word_1_176' title='bbox 1715 1273 1820 1300; x_wconf 89' lang='lat' dir='ltr'>ante—</span> 
     </span>
     <span class='ocr_line' id='line_1_19' title="bbox 489 1323 1820 1371; baseline -0.002 -11"><span class='ocrx_word' id='word_1_177' title='bbox 489 1338 601 1371; x_wconf 82' lang='lat' dir='ltr'>quam</span> <span class='ocrx_word' id='word_1_178' title='bbox 628 1337 694 1360; x_wconf 90' lang='lat' dir='ltr'>suo</span> <span class='ocrx_word' id='word_1_179' title='bbox 720 1325 839 1370; x_wconf 90' lang='lat' dir='ltr'>primo</span> <span class='ocrx_word' id='word_1_180' title='bbox 862 1324 1017 1369; x_wconf 84' lang='lat' dir='ltr'>parenti,</span> <span class='ocrx_word' id='word_1_181' title='bbox 1036 1324 1094 1359; x_wconf 89' lang='lat' dir='ltr'>cui</span> <span class='ocrx_word' id='word_1_182' title='bbox 1119 1324 1228 1358; x_wconf 92' lang='lat' dir='ltr'>debet</span> <span class='ocrx_word' id='word_1_183' title='bbox 1253 1323 1452 1358; x_wconf 81' lang='lat' dir='ltr'>succedere</span> <span class='ocrx_word' id='word_1_184' title='bbox 1475 1335 1541 1368; x_wconf 91' lang='lat' dir='ltr'>pro</span> <span class='ocrx_word' id='word_1_185' title='bbox 1559 1330 1724 1368; x_wconf 89' lang='lat' dir='ltr'>tempore</span> <span class='ocrx_word' id='word_1_186' title='bbox 1748 1335 1820 1368; x_wconf 89' lang='lat' dir='ltr'>quo</span> 
     </span>
     <span class='ocr_line' id='line_1_20' title="bbox 488 1380 1821 1427; baseline -0.002 -9"><span class='ocrx_word' id='word_1_187' title='bbox 488 1384 697 1418; x_wconf 91' lang='lat' dir='ltr'>dominium</span> <span class='ocrx_word' id='word_1_188' title='bbox 732 1382 831 1418; x_wconf 91' lang='lat' dir='ltr'>istud</span> <span class='ocrx_word' id='word_1_189' title='bbox 859 1388 1066 1427; x_wconf 86' lang='lat' dir='ltr'>acceperat,</span> <span class='ocrx_word' id='word_1_190' title='bbox 1098 1381 1133 1416; x_wconf 93' lang='lat' dir='ltr'>in</span> <span class='ocrx_word' id='word_1_191' title='bbox 1169 1380 1313 1416; x_wconf 88' lang='lat' dir='ltr'>iusticia</span> <span class='ocrx_word' id='word_1_192' title='bbox 1343 1393 1407 1417; x_wconf 87' lang='lat' dir='ltr'>seu</span> <span class='ocrx_word' id='word_1_193' title='bbox 1441 1381 1663 1417; x_wconf 87' lang='lat' dir='ltr'>iustificante</span> <span class='ocrx_word' id='word_1_194' title='bbox 1696 1381 1821 1426; x_wconf 83' lang='lat' dir='ltr'>gracia</span> 
     </span>
     <span class='ocr_line' id='line_1_21' title="bbox 487 1442 1875 1476; baseline -0.001 0"><span class='ocrx_word' id='word_1_195' title='bbox 487 1442 748 1476; x_wconf 81' lang='lat' dir='ltr'>conformetur.</span> <span class='ocrx_word' id='word_1_196' title='bbox 1835 1447 1875 1468; x_wconf 91' lang='lat'>20</span> 
     </span>
     <span class='ocr_line' id='line_1_22' title="bbox 537 1497 1819 1543; baseline -0.002 -9"><span class='ocrx_word' id='word_1_197' title='bbox 537 1501 626 1535; x_wconf 86' lang='lat' dir='ltr'>IOH.</span> <span class='ocrx_word' id='word_1_198' title='bbox 657 1499 762 1534; x_wconf 86' lang='lat' dir='ltr'>Istud</span> <span class='ocrx_word' id='word_1_199' title='bbox 781 1498 890 1543; x_wconf 88' lang='lat' dir='ltr'>igitur</span> <span class='ocrx_word' id='word_1_200' title='bbox 908 1498 1114 1533; x_wconf 90' lang='lat' dir='ltr'>dominium</span> <span class='ocrx_word' id='word_1_201' title='bbox 1140 1510 1214 1533; x_wconf 92' lang='lat' dir='ltr'>non</span> <span class='ocrx_word' id='word_1_202' title='bbox 1235 1497 1399 1543; x_wconf 88' lang='lat' dir='ltr'>sequitur</span> <span class='ocrx_word' id='word_1_203' title='bbox 1416 1503 1588 1532; x_wconf 86' lang='lat' dir='ltr'>naturam</span> <span class='ocrx_word' id='word_1_204' title='bbox 1607 1497 1819 1543; x_wconf 88' lang='lat' dir='ltr'>specificam</span> 
     </span>
     <span class='ocr_line' id='line_1_23' title="bbox 487 1555 1820 1601; baseline -0.002 -9"><span class='ocrx_word' id='word_1_205' title='bbox 487 1557 713 1601; x_wconf 85' lang='lat' dir='ltr'>immediate,</span> <span class='ocrx_word' id='word_1_206' title='bbox 730 1564 783 1592; x_wconf 88' lang='lat' dir='ltr'>set</span> <span class='ocrx_word' id='word_1_207' title='bbox 802 1557 990 1591; x_wconf 87' lang='lat' dir='ltr'>mediante</span> <span class='ocrx_word' id='word_1_208' title='bbox 1009 1556 1162 1599; x_wconf 86' lang='lat' dir='ltr'>iusticia,</span> <span class='ocrx_word' id='word_1_209' title='bbox 1178 1567 1249 1601; x_wconf 89' lang='lat' dir='ltr'>que</span> <span class='ocrx_word' id='word_1_210' title='bbox 1268 1555 1347 1591; x_wconf 90' lang='lat' dir='ltr'>sine</span> <span class='ocrx_word' id='word_1_211' title='bbox 1367 1555 1586 1591; x_wconf 86' lang='lat' dir='ltr'>iustificante</span> <span class='ocrx_word' id='word_1_212' title='bbox 1600 1555 1726 1600; x_wconf 86' lang='lat' dir='ltr'>gracia</span> <span class='ocrx_word' id='word_1_213' title='bbox 1747 1567 1820 1591; x_wconf 92' lang='lat' dir='ltr'>non</span> 
     </span>
     <span class='ocr_line' id='line_1_24' title="bbox 486 1617 655 1651; baseline 0 -1"><span class='ocrx_word' id='word_1_214' title='bbox 486 1617 655 1651; x_wconf 86' lang='lat' dir='ltr'>habetur.</span> 
     </span>
     <span class='ocr_line' id='line_1_25' title="bbox 536 1673 1191 1710; baseline -0.003 0"><span class='ocrx_word' id='word_1_215' title='bbox 536 1676 623 1710; x_wconf 88' lang='lat' dir='ltr'><strong>RIC.</strong></span> <span class='ocrx_word' id='word_1_216' title='bbox 651 1674 943 1709; x_wconf 81' lang='lat' dir='ltr'>Racionabiliter</span> <span class='ocrx_word' id='word_1_217' title='bbox 961 1673 1051 1708; x_wconf 86' lang='lat' dir='ltr'>illud</span> <span class='ocrx_word' id='word_1_218' title='bbox 1069 1673 1191 1708; x_wconf 87' lang='lat' dir='ltr'>infers.</span> 
     </span>
     <span class='ocr_line' id='line_1_26' title="bbox 206 1730 1871 1781; baseline 0 -14"><span class='ocrx_word' id='word_1_219' title='bbox 206 1741 268 1767; x_wconf 82' lang='lat' dir='ltr'>that</span> <span class='ocrx_word' id='word_1_220' title='bbox 281 1741 312 1773; x_wconf 79' lang='lat' dir='ltr'>is,</span> <span class='ocrx_word' id='word_1_221' title='bbox 329 1751 392 1781; x_wconf 66' lang='lat' dir='ltr'>man</span> <span class='ocrx_word' id='word_1_222' title='bbox 406 1752 464 1781; x_wconf 55' lang='lat' dir='ltr'>was</span> <span class='ocrx_word' id='word_1_223' title='bbox 536 1734 628 1768; x_wconf 89' lang='lat' dir='ltr'><strong>IOH.</strong></span> <span class='ocrx_word' id='word_1_224' title='bbox 654 1734 740 1768; x_wconf 89' lang='lat' dir='ltr'>Duo</span> <span class='ocrx_word' id='word_1_225' title='bbox 759 1733 869 1777; x_wconf 87' lang='lat' dir='ltr'>igitur</span> <span class='ocrx_word' id='word_1_226' title='bbox 886 1733 1001 1767; x_wconf 86' lang='lat' dir='ltr'>habes</span> <span class='ocrx_word' id='word_1_227' title='bbox 1020 1732 1214 1767; x_wconf 83' lang='lat' dir='ltr'>ostendere</span> <span class='ocrx_word' id='word_1_228' title='bbox 1230 1741 1239 1765; x_wconf 71' lang='grc' dir='ltr'><em>τ</em></span> <span class='ocrx_word' id='word_1_229' title='bbox 1266 1730 1416 1774; x_wconf 86' lang='lat' dir='ltr'>scilicet,</span> <span class='ocrx_word' id='word_1_230' title='bbox 1432 1732 1530 1776; x_wconf 88' lang='lat' dir='ltr'>quod</span> <span class='ocrx_word' id='word_1_231' title='bbox 1547 1731 1660 1766; x_wconf 90' lang='lat' dir='ltr'>homo</span> <span class='ocrx_word' id='word_1_232' title='bbox 1679 1730 1819 1776; x_wconf 80' lang='lat' dir='ltr'>primus</span> <span class='ocrx_word' id='word_1_233' title='bbox 1834 1745 1871 1778; x_wconf 87' lang='lat'>25</span> 
     </span>
     <span class='ocr_line' id='line_1_27' title="bbox 208 1776 1821 1835; baseline -0.002 -9"><span class='ocrx_word' id='word_1_234' title='bbox 208 1776 456 1808; x_wconf 42' lang='lat' dir='ltr'>“patfflmjusn&#39;</span> <span class='ocrx_word' id='word_1_235' title='bbox 488 1791 524 1826; x_wconf 90' lang='lat' dir='ltr'>in</span> <span class='ocrx_word' id='word_1_236' title='bbox 552 1791 776 1826; x_wconf 85' lang='lat' dir='ltr'>iustificante</span> <span class='ocrx_word' id='word_1_237' title='bbox 806 1791 930 1835; x_wconf 86' lang='lat' dir='ltr'>gracia</span> <span class='ocrx_word' id='word_1_238' title='bbox 957 1797 1035 1825; x_wconf 89' lang='lat' dir='ltr'>erat</span> <span class='ocrx_word' id='word_1_239' title='bbox 1066 1796 1222 1833; x_wconf 87' lang='lat' dir='ltr'>creatus,</span> <span class='ocrx_word' id='word_1_240' title='bbox 1252 1790 1354 1824; x_wconf 86' lang='lat' dir='ltr'>cuius</span> <span class='ocrx_word' id='word_1_241' title='bbox 1386 1790 1610 1824; x_wconf 84' lang='lat' dir='ltr'>contrarium</span> <span class='ocrx_word' id='word_1_242' title='bbox 1639 1789 1821 1833; x_wconf 84' lang='lat' dir='ltr'>Magister</span> 
     </span>
    </p>
   </div>
   <div class='ocr_carea' id='block_1_4' title="bbox 207 1809 392 1841">
    <p class='ocr_par' dir='ltr' id='par_1_6' title="bbox 207 1809 392 1841">
     <span class='ocr_line' id='line_1_28' title="bbox 207 1809 392 1841; baseline 0.005 -8"><span class='ocrx_word' id='word_1_243' title='bbox 207 1809 288 1840; x_wconf 82' lang='lat' dir='ltr'>fying</span> <span class='ocrx_word' id='word_1_244' title='bbox 300 1818 392 1841; x_wconf 79' lang='lat' dir='ltr'>grace,</span> 
     </span>
    </p>
   </div>
   <div class='ocr_carea' id='block_1_5' title="bbox 206 1843 1820 1907">
    <p class='ocr_par' dir='ltr' id='par_1_7' title="bbox 206 1843 1820 1907">
     <span class='ocr_line' id='line_1_29' title="bbox 206 1843 1820 1907; baseline -0.001 -28"><span class='ocrx_word' id='word_1_245' title='bbox 206 1843 435 1907; x_wconf 47' lang='grc' dir='ltr'>ἑξὲῖέεῗθέξὲξξῑ</span> <span class='ocrx_word' id='word_1_246' title='bbox 489 1846 773 1882; x_wconf 87' lang='lat' dir='ltr'>Sentenciarum</span> <span class='ocrx_word' id='word_1_247' title='bbox 815 1846 951 1881; x_wconf 89' lang='lat' dir='ltr'>sentire</span> <span class='ocrx_word' id='word_1_248' title='bbox 984 1845 1154 1888; x_wconf 82' lang='lat' dir='ltr'>videtur3</span> <span class='ocrx_word' id='word_1_249' title='bbox 1197 1851 1233 1879; x_wconf 88' lang='lat' dir='ltr'>et</span> <span class='ocrx_word' id='word_1_250' title='bbox 1276 1845 1376 1889; x_wconf 88' lang='lat' dir='ltr'>quod</span> <span class='ocrx_word' id='word_1_251' title='bbox 1412 1845 1537 1889; x_wconf 87' lang='lat' dir='ltr'>gracia</span> <span class='ocrx_word' id='word_1_252' title='bbox 1573 1845 1656 1880; x_wconf 87' lang='lat' dir='ltr'>talis</span> <span class='ocrx_word' id='word_1_253' title='bbox 1699 1844 1820 1889; x_wconf 86' lang='lat' dir='ltr'>ipsum</span> 
     </span>
    </p>
   </div>
   <div class='ocr_carea' id='block_1_6' title="bbox 206 1902 2018 2817">
    <p class='ocr_par' dir='ltr' id='par_1_8' title="bbox 206 1902 2018 2817">
     <span class='ocr_line' id='line_1_30' title="bbox 206 1902 1818 1950; baseline -0.003 -9"><span class='ocrx_word' id='word_1_254' title='bbox 206 1909 339 1942; x_wconf 74' lang='lat' dir='ltr'>lordshiP·</span> <span class='ocrx_word' id='word_1_255' title='bbox 486 1905 695 1939; x_wconf 89' lang='lat' dir='ltr'>dominium</span> <span class='ocrx_word' id='word_1_256' title='bbox 735 1904 855 1950; x_wconf 89' lang='lat' dir='ltr'>primo</span> <span class='ocrx_word' id='word_1_257' title='bbox 904 1904 1068 1947; x_wconf 88' lang='lat' dir='ltr'>homine,</span> <span class='ocrx_word' id='word_1_258' title='bbox 1117 1902 1246 1938; x_wconf 89' lang='lat' dir='ltr'>ordine</span> <span class='ocrx_word' id='word_1_259' title='bbox 1289 1903 1518 1937; x_wconf 85' lang='lat' dir='ltr'>causalitatis</span> <span class='ocrx_word' id='word_1_260' title='bbox 1568 1914 1633 1938; x_wconf 91' lang='lat' dir='ltr'>seu</span> <span class='ocrx_word' id='word_1_261' title='bbox 1675 1908 1818 1946; x_wconf 89' lang='lat' dir='ltr'>nature,</span> 
     </span>
     <span class='ocr_line' id='line_1_31' title="bbox 485 1962 676 2008; baseline 0 -11"><span class='ocrx_word' id='word_1_262' title='bbox 485 1962 676 2008; x_wconf 88' lang='lat' dir='ltr'>precessit.</span> 
     </span>
     <span class='ocr_line' id='line_1_32' title="bbox 534 2018 1872 2065; baseline 0.001 -11"><span class='ocrx_word' id='word_1_263' title='bbox 534 2022 622 2055; x_wconf 85' lang='lat' dir='ltr'>RIC.</span> <span class='ocrx_word' id='word_1_264' title='bbox 651 2022 737 2055; x_wconf 92' lang='lat' dir='ltr'>Hoc</span> <span class='ocrx_word' id='word_1_265' title='bbox 754 2020 850 2055; x_wconf 88' lang='lat' dir='ltr'>bene</span> <span class='ocrx_word' id='word_1_266' title='bbox 878 2018 1064 2054; x_wconf 84' lang='lat' dir='ltr'>attendis:</span> <span class='ocrx_word' id='word_1_267' title='bbox 1097 2018 1196 2053; x_wconf 90' lang='lat' dir='ltr'>unde</span> <span class='ocrx_word' id='word_1_268' title='bbox 1221 2019 1291 2053; x_wconf 90' lang='lat' dir='ltr'>hec</span> <span class='ocrx_word' id='word_1_269' title='bbox 1317 2018 1402 2062; x_wconf 91' lang='lat' dir='ltr'>duo,</span> <span class='ocrx_word' id='word_1_270' title='bbox 1422 2018 1597 2063; x_wconf 90' lang='lat' dir='ltr'>quoniam</span> <span class='ocrx_word' id='word_1_271' title='bbox 1624 2024 1708 2053; x_wconf 90' lang='lat' dir='ltr'>sunt</span> <span class='ocrx_word' id='word_1_272' title='bbox 1733 2029 1815 2063; x_wconf 90' lang='lat' dir='ltr'>pro·</span> <span class='ocrx_word' id='word_1_273' title='bbox 1831 2034 1872 2065; x_wconf 81' lang='lat'>30</span> 
     </span>
     <span class='ocr_line' id='line_1_33' title="bbox 485 2076 2015 2123; baseline 0 -11"><span class='ocrx_word' id='word_1_274' title='bbox 485 2078 625 2123; x_wconf 88' lang='lat' dir='ltr'>pinqua</span> <span class='ocrx_word' id='word_1_275' title='bbox 651 2078 750 2113; x_wconf 83' lang='lat' dir='ltr'>iuxta</span> <span class='ocrx_word' id='word_1_276' title='bbox 776 2077 1028 2113; x_wconf 85' lang='lat' dir='ltr'>diversitatem</span> <span class='ocrx_word' id='word_1_277' title='bbox 1056 2076 1254 2121; x_wconf 70' lang='lat' dir='ltr'>Scriptum,</span> <span class='ocrx_word' id='word_1_278' title='bbox 1273 2088 1372 2110; x_wconf 88' lang='lat' dir='ltr'>nunc</span> <span class='ocrx_word' id='word_1_279' title='bbox 1398 2076 1516 2119; x_wconf 91' lang='lat' dir='ltr'>simul,</span> <span class='ocrx_word' id='word_1_280' title='bbox 1542 2087 1641 2110; x_wconf 91' lang='lat' dir='ltr'>nunc</span> <span class='ocrx_word' id='word_1_281' title='bbox 1667 2087 1816 2121; x_wconf 84' lang='lat' dir='ltr'>separa-</span> <span class='ocrx_word' id='word_1_282' title='bbox 1830 2084 1968 2122; x_wconf 74' lang='lat' dir='ltr'>semper.</span> <span class='ocrx_word' id='word_1_283' title='bbox 1986 2088 2015 2111; x_wconf 87' lang='grc' dir='ltr'>Β.</span> 
     </span>
     <span class='ocr_line' id='line_1_34' title="bbox 445 2133 1817 2181; baseline -0.001 -12"><span class='ocrx_word' id='word_1_284' title='bbox 445 2147 471 2170; x_wconf 91' lang='lat'>1.</span> <span class='ocrx_word' id='word_1_285' title='bbox 486 2137 565 2180; x_wconf 89' lang='lat' dir='ltr'>tim,</span> <span class='ocrx_word' id='word_1_286' title='bbox 584 2142 693 2181; x_wconf 86' lang='lat' dir='ltr'>prout</span> <span class='ocrx_word' id='word_1_287' title='bbox 711 2136 825 2171; x_wconf 89' lang='lat' dir='ltr'>michi</span> <span class='ocrx_word' id='word_1_288' title='bbox 843 2135 1053 2179; x_wconf 85' lang='lat' dir='ltr'>occurrerit,</span> <span class='ocrx_word' id='word_1_289' title='bbox 1073 2135 1250 2169; x_wconf 80' lang='lat' dir='ltr'>suadebo.</span> <span class='ocrx_word' id='word_1_290' title='bbox 1301 2136 1400 2169; x_wconf 88' lang='lat' dir='ltr'>Ecce</span> <span class='ocrx_word' id='word_1_291' title='bbox 1419 2134 1529 2177; x_wconf 85' lang='lat' dir='ltr'>enirn,</span> <span class='ocrx_word' id='word_1_292' title='bbox 1550 2135 1642 2169; x_wconf 90' lang='lat' dir='ltr'>Gen.</span> <span class='ocrx_word' id='word_1_293' title='bbox 1661 2133 1682 2168; x_wconf 88' lang='lat' dir='ltr'>i.</span> <span class='ocrx_word' id='word_1_294' title='bbox 1702 2134 1817 2168; x_wconf 83' lang='lat'>26-28</span> 
     </span>
     <span class='ocr_line' id='line_1_35' title="bbox 485 2192 1818 2237; baseline -0.003 -8"><span class='ocrx_word' id='word_1_295' title='bbox 485 2194 667 2237; x_wconf 86' lang='lat' dir='ltr'>scribitur,</span> <span class='ocrx_word' id='word_1_296' title='bbox 697 2195 901 2228; x_wconf 75' lang='lat' dir='ltr'>Faciamus</span> <span class='ocrx_word' id='word_1_297' title='bbox 930 2193 1116 2227; x_wconf 72' lang='lat' dir='ltr'>hominem</span> <span class='ocrx_word' id='word_1_298' title='bbox 1145 2193 1199 2226; x_wconf 82' lang='lat' dir='ltr'>aa&#39;</span> <span class='ocrx_word' id='word_1_299' title='bbox 1219 2193 1440 2237; x_wconf 75' lang='lat' dir='ltr'>ymaginem</span> <span class='ocrx_word' id='word_1_300' title='bbox 1470 2195 1506 2226; x_wconf 88' lang='lat' dir='ltr'>et</span> <span class='ocrx_word' id='word_1_301' title='bbox 1529 2192 1818 2226; x_wconf 78' lang='lat' dir='ltr'>similitudinem</span> 
     </span>
     <span class='ocr_line' id='line_1_36' title="bbox 484 2250 1817 2297; baseline -0.003 -10"><span class='ocrx_word' id='word_1_302' title='bbox 484 2257 663 2295; x_wconf 77' lang='lat' dir='ltr'>nostram,</span> <span class='ocrx_word' id='word_1_303' title='bbox 690 2256 727 2286; x_wconf 84' lang='lat' dir='ltr'>et</span> <span class='ocrx_word' id='word_1_304' title='bbox 744 2253 870 2297; x_wconf 76' lang='lat' dir='ltr'>presit</span> <span class='ocrx_word' id='word_1_305' title='bbox 884 2250 1054 2296; x_wconf 68' lang='lat' dir='ltr'>piscibus</span> <span class='ocrx_word' id='word_1_306' title='bbox 1083 2251 1203 2284; x_wconf 78' lang='lat' dir='ltr'>maris</span> <span class='ocrx_word' id='word_1_307' title='bbox 1232 2254 1267 2284; x_wconf 86' lang='lat' dir='ltr'>et</span> <span class='ocrx_word' id='word_1_308' title='bbox 1293 2250 1512 2284; x_wconf 77' lang='lat' dir='ltr'>volatilibus</span> <span class='ocrx_word' id='word_1_309' title='bbox 1541 2250 1610 2284; x_wconf 88' lang='lat' dir='ltr'>celi</span> <span class='ocrx_word' id='word_1_310' title='bbox 1634 2253 1669 2283; x_wconf 83' lang='lat' dir='ltr'>et</span> <span class='ocrx_word' id='word_1_311' title='bbox 1694 2250 1817 2284; x_wconf 83' lang='lat' dir='ltr'>bestiis</span> 
     </span>
     <span class='ocr_line' id='line_1_37' title="bbox 485 2307 1870 2353; baseline -0.002 -9"><span class='ocrx_word' id='word_1_312' title='bbox 485 2312 661 2344; x_wconf 73' lang='lat' dir='ltr'>universe</span> <span class='ocrx_word' id='word_1_313' title='bbox 690 2314 797 2353; x_wconf 73' lang='lat' dir='ltr'>terre,</span> <span class='ocrx_word' id='word_1_314' title='bbox 829 2310 1002 2353; x_wconf 75' lang='lat' dir='ltr'>omnique</span> <span class='ocrx_word' id='word_1_315' title='bbox 1034 2308 1165 2353; x_wconf 69' lang='lat' dir='ltr'>reptili</span> <span class='ocrx_word' id='word_1_316' title='bbox 1196 2307 1299 2352; x_wconf 77' lang='lat' dir='ltr'>quad</span> <span class='ocrx_word' id='word_1_317' title='bbox 1320 2313 1494 2342; x_wconf 74' lang='lat' dir='ltr'>movetur</span> <span class='ocrx_word' id='word_1_318' title='bbox 1523 2309 1564 2341; x_wconf 82' lang='lat' dir='ltr'>in</span> <span class='ocrx_word' id='word_1_319' title='bbox 1598 2311 1710 2342; x_wconf 73' lang='lat' dir='ltr'>terra.</span> <span class='ocrx_word' id='word_1_320' title='bbox 1761 2308 1819 2341; x_wconf 89' lang='lat' dir='ltr'>Et</span> <span class='ocrx_word' id='word_1_321' title='bbox 1830 2317 1870 2350; x_wconf 83' lang='lat'>35</span> 
     </span>
     <span class='ocr_line' id='line_1_38' title="bbox 483 2365 1822 2412; baseline -0.002 -10"><span class='ocrx_word' id='word_1_322' title='bbox 483 2369 629 2403; x_wconf 74' lang='lat' dir='ltr'>creavit</span> <span class='ocrx_word' id='word_1_323' title='bbox 643 2369 748 2402; x_wconf 75' lang='lat' dir='ltr'>Deus</span> <span class='ocrx_word' id='word_1_324' title='bbox 764 2368 948 2402; x_wconf 71' lang='lat' dir='ltr'>hominem</span> <span class='ocrx_word' id='word_1_325' title='bbox 967 2367 1021 2401; x_wconf 83' lang='lat' dir='ltr'>ad</span> <span class='ocrx_word' id='word_1_326' title='bbox 1024 2368 1246 2412; x_wconf 61' lang='lat' dir='ltr'>yitzaginem</span> <span class='ocrx_word' id='word_1_327' title='bbox 1264 2370 1300 2399; x_wconf 84' lang='lat' dir='ltr'>et</span> <span class='ocrx_word' id='word_1_328' title='bbox 1311 2366 1599 2400; x_wconf 73' lang='lat' dir='ltr'>similitudinem</span> <span class='ocrx_word' id='word_1_329' title='bbox 1617 2377 1751 2407; x_wconf 80' lang='lat' dir='ltr'><em>suam;</em></span> <span class='ocrx_word' id='word_1_330' title='bbox 1768 2365 1822 2399; x_wconf 84' lang='lat' dir='ltr'>ad</span> 
     </span>
     <span class='ocr_line' id='line_1_39' title="bbox 475 2423 1816 2471; baseline -0.001 -12"><span class='ocrx_word' id='word_1_331' title='bbox 475 2428 696 2471; x_wconf 76' lang='lat' dir='ltr'>ymaginem</span> <span class='ocrx_word' id='word_1_332' title='bbox 716 2426 793 2459; x_wconf 80' lang='lat' dir='ltr'>Dei</span> <span class='ocrx_word' id='word_1_333' title='bbox 806 2426 953 2459; x_wconf 75' lang='lat' dir='ltr'>creavit</span> <span class='ocrx_word' id='word_1_334' title='bbox 968 2426 1064 2458; x_wconf 83' lang='lat' dir='ltr'><em>illos.</em></span> <span class='ocrx_word' id='word_1_335' title='bbox 1115 2424 1386 2468; x_wconf 72' lang='lat' dir='ltr'>Benedz&#39;xitque</span> <span class='ocrx_word' id='word_1_336' title='bbox 1404 2424 1494 2466; x_wconf 84' lang='lat' dir='ltr'>illis,</span> <span class='ocrx_word' id='word_1_337' title='bbox 1513 2427 1549 2457; x_wconf 87' lang='lat' dir='ltr'>et</span> <span class='ocrx_word' id='word_1_338' title='bbox 1569 2424 1636 2467; x_wconf 81' lang='lat' dir='ltr'>ait,</span> <span class='ocrx_word' id='word_1_339' title='bbox 1660 2423 1816 2458; x_wconf 80' lang='lat' dir='ltr'>Crescite</span> 
     </span>
     <span class='ocr_line' id='line_1_40' title="bbox 481 2481 1810 2529; baseline -0.002 -11"><span class='ocrx_word' id='word_1_340' title='bbox 481 2489 517 2518; x_wconf 90' lang='lat' dir='ltr'>et</span> <span class='ocrx_word' id='word_1_341' title='bbox 539 2484 861 2529; x_wconf 69' lang='lat' dir='ltr'>77iicltiplicami7iz&#39;,</span> <span class='ocrx_word' id='word_1_342' title='bbox 880 2487 915 2516; x_wconf 85' lang='lat' dir='ltr'>et</span> <span class='ocrx_word' id='word_1_343' title='bbox 938 2484 1072 2527; x_wconf 72' lang='lat' dir='ltr'>replete</span> <span class='ocrx_word' id='word_1_344' title='bbox 1096 2487 1238 2516; x_wconf 73' lang='lat' dir='ltr'>terram</span> <span class='ocrx_word' id='word_1_345' title='bbox 1263 2486 1299 2516; x_wconf 83' lang='lat' dir='ltr'>et</span> <span class='ocrx_word' id='word_1_346' title='bbox 1322 2482 1473 2516; x_wconf 72' lang='lat' dir='ltr'>subicite</span> <span class='ocrx_word' id='word_1_347' title='bbox 1497 2493 1589 2524; x_wconf 83' lang='lat' dir='ltr'>eam,</span> <span class='ocrx_word' id='word_1_348' title='bbox 1608 2485 1643 2515; x_wconf 84' lang='lat' dir='ltr'>et</span> <span class='ocrx_word' id='word_1_349' title='bbox 1668 2481 1810 2515; x_wconf 82' lang='lat' dir='ltr'>domin-</span> 
     </span>
     <span class='ocr_line' id='line_1_41' title="bbox 481 2540 1808 2587; baseline -0.002 -11"><span class='ocrx_word' id='word_1_350' title='bbox 481 2544 605 2576; x_wconf 78' lang='lat' dir='ltr'><em>amini</em></span> <span class='ocrx_word' id='word_1_351' title='bbox 611 2542 779 2587; x_wconf 72' lang='lat' dir='ltr'>piscibus</span> <span class='ocrx_word' id='word_1_352' title='bbox 792 2542 911 2575; x_wconf 71' lang='lat' dir='ltr'>maris</span> <span class='ocrx_word' id='word_1_353' title='bbox 927 2545 963 2574; x_wconf 86' lang='lat' dir='ltr'>et</span> <span class='ocrx_word' id='word_1_354' title='bbox 976 2541 1194 2575; x_wconf 77' lang='lat' dir='ltr'><em>volatilibus</em></span> <span class='ocrx_word' id='word_1_355' title='bbox 1205 2540 1280 2583; x_wconf 82' lang='lat' dir='ltr'>celi,</span> <span class='ocrx_word' id='word_1_356' title='bbox 1294 2544 1330 2574; x_wconf 86' lang='lat' dir='ltr'>et</span> <span class='ocrx_word' id='word_1_357' title='bbox 1346 2541 1535 2574; x_wconf 75' lang='lat' dir='ltr'>universis</span> <span class='ocrx_word' id='word_1_358' title='bbox 1551 2540 1808 2574; x_wconf 77' lang='lat' dir='ltr'>animantibus</span> 
     </span>
     <span class='ocr_line' id='line_1_42' title="bbox 480 2597 1869 2645; baseline -0.003 -11"><span class='ocrx_word' id='word_1_359' title='bbox 480 2612 550 2645; x_wconf 75' lang='lat' dir='ltr'>que</span> <span class='ocrx_word' id='word_1_360' title='bbox 578 2603 779 2634; x_wconf 72' lang='lat' dir='ltr'>moventur</span> <span class='ocrx_word' id='word_1_361' title='bbox 802 2601 915 2644; x_wconf 73' lang='lat' dir='ltr'>super</span> <span class='ocrx_word' id='word_1_362' title='bbox 939 2603 1090 2633; x_wconf 72' lang='lat' dir='ltr'>terram.</span> <span class='ocrx_word' id='word_1_363' title='bbox 1142 2599 1198 2632; x_wconf 88' lang='lat' dir='ltr'>Ex</span> <span class='ocrx_word' id='word_1_364' title='bbox 1228 2610 1299 2643; x_wconf 89' lang='lat' dir='ltr'>qua</span> <span class='ocrx_word' id='word_1_365' title='bbox 1328 2597 1517 2642; x_wconf 87' lang='lat' dir='ltr'>Scriptura</span> <span class='ocrx_word' id='word_1_366' title='bbox 1541 2597 1686 2632; x_wconf 90' lang='lat' dir='ltr'>videtur</span> <span class='ocrx_word' id='word_1_367' title='bbox 1711 2597 1809 2642; x_wconf 83' lang='lat' dir='ltr'>quod</span> <span class='ocrx_word' id='word_1_368' title='bbox 1826 2608 1869 2640; x_wconf 91' lang='lat'>40</span> 
     </span>
     <span class='ocr_line' id='line_1_43' title="bbox 480 2654 1814 2700; baseline -0.003 -8"><span class='ocrx_word' id='word_1_369' title='bbox 480 2670 555 2692; x_wconf 92' lang='lat' dir='ltr'>non</span> <span class='ocrx_word' id='word_1_370' title='bbox 586 2657 736 2692; x_wconf 87' lang='lat' dir='ltr'>racione</span> <span class='ocrx_word' id='word_1_371' title='bbox 767 2657 880 2691; x_wconf 89' lang='lat' dir='ltr'>solius</span> <span class='ocrx_word' id='word_1_372' title='bbox 915 2656 1112 2700; x_wconf 84' lang='lat' dir='ltr'>ymaginis,</span> <span class='ocrx_word' id='word_1_373' title='bbox 1144 2662 1198 2690; x_wconf 89' lang='lat' dir='ltr'>set</span> <span class='ocrx_word' id='word_1_374' title='bbox 1231 2656 1379 2690; x_wconf 85' lang='lat' dir='ltr'>racione</span> <span class='ocrx_word' id='word_1_375' title='bbox 1408 2655 1590 2700; x_wconf 86' lang='lat' dir='ltr'>ymaginis</span> <span class='ocrx_word' id='word_1_376' title='bbox 1621 2661 1657 2689; x_wconf 85' lang='lat' dir='ltr'>et</span> <span class='ocrx_word' id='word_1_377' title='bbox 1688 2654 1814 2689; x_wconf 88' lang='lat' dir='ltr'>simili-</span> 
     </span>
     <span class='ocr_line' id='line_1_44' title="bbox 481 2712 1814 2758; baseline -0.003 -8"><span class='ocrx_word' id='word_1_378' title='bbox 481 2715 631 2758; x_wconf 88' lang='lat' dir='ltr'>tudinis,</span> <span class='ocrx_word' id='word_1_379' title='bbox 664 2715 789 2750; x_wconf 89' lang='lat' dir='ltr'>debuit</span> <span class='ocrx_word' id='word_1_380' title='bbox 818 2714 1024 2749; x_wconf 81' lang='lat' dir='ltr'>dominium</span> <span class='ocrx_word' id='word_1_381' title='bbox 1059 2714 1158 2748; x_wconf 88' lang='lat' dir='ltr'>istud</span> <span class='ocrx_word' id='word_1_382' title='bbox 1186 2713 1375 2758; x_wconf 87' lang='lat' dir='ltr'>accipere:</span> <span class='ocrx_word' id='word_1_383' title='bbox 1414 2712 1589 2758; x_wconf 87' lang='lat' dir='ltr'>quoniam</span> <span class='ocrx_word' id='word_1_384' title='bbox 1618 2718 1814 2757; x_wconf 88' lang='lat' dir='ltr'>utrumque</span> 
     </span>
     <span class='ocr_line' id='line_1_45' title="bbox 481 2771 2018 2817; baseline -0.004 -9"><span class='ocrx_word' id='word_1_385' title='bbox 481 2773 685 2809; x_wconf 87' lang='lat' dir='ltr'>dominium</span> <span class='ocrx_word' id='word_1_386' title='bbox 705 2773 939 2817; x_wconf 83' lang='lat' dir='ltr'>conferendo,</span> <span class='ocrx_word' id='word_1_387' title='bbox 955 2774 1157 2807; x_wconf 76' lang='lat' dir='ltr'>Faciamus</span> <span class='ocrx_word' id='word_1_388' title='bbox 1174 2773 1357 2807; x_wconf 67' lang='lat' dir='ltr'>hominem</span> <span class='ocrx_word' id='word_1_389' title='bbox 1377 2772 1429 2806; x_wconf 81' lang='lat' dir='ltr'>ad</span> <span class='ocrx_word' id='word_1_390' title='bbox 1428 2772 1647 2816; x_wconf 68' lang='lat' dir='ltr'>ymaginem</span> <span class='ocrx_word' id='word_1_391' title='bbox 1661 2775 1697 2805; x_wconf 82' lang='lat' dir='ltr'>et</span> <span class='ocrx_word' id='word_1_392' title='bbox 1711 2771 1812 2805; x_wconf 81' lang='lat' dir='ltr'>simi·</span> <span class='ocrx_word' id='word_1_393' title='bbox 1827 2771 1970 2804; x_wconf 72' lang='lat' dir='ltr'><em>dominio</em></span> <span class='ocrx_word' id='word_1_394' title='bbox 1988 2779 2018 2802; x_wconf 88' lang='grc' dir='ltr'>Β.</span> 
     </span>
    </p>
   </div>
  </div>
 </body>
</html>
