2008 3305
176 213 230 253 80

175 909 288 935 Reae-‚on
303 909 371 935 does
385 915 432 936 not

174 944 240 969 take
253 952 334 975 away
348 944 418 969 from

174 978 221 1003 the
235 977 315 1002 merit
329 978 361 1002 of

173 1011 343 1036 antecedent
358 1010 438 1042 saith,

173 1044 224 1070 but
238 1044 308 1069 adds
321 1053 338 1069 a
354 1053 415 1070 new

173 1078 263 1104 merit.

175 1972 304 2005 Enquiry
319 1972 377 1998 into

174 2012 289 2032 matters
303 2007 333 2032 of
344 2005 415 2032 saith

174 2039 197 2065 is
211 2049 311 2072 proper
324 2040 366 2065 sor

172 2073 221 2099 the
234 2073 355 2099 learned.

860 222 924 253 DE
957 220 1180 253 DOMiNro
1213 220 1387 252 DtVINo
1605 208 1710 266 [CAP.
1734 222 1790 250 xi.

455 342 623 393 quidem,
660 355 707 380 ex
740 343 911 381 secundo
960 343 1221 382 Posteriorum
1270 349 1307 380 et
1354 342 1527 380 secundo
1575 340 1909 391 Methaphi-[26D

454 415 542 460 sice,
584 414 690 463 quod
729 426 776 451 ex
816 414 945 451 multis
985 415 1160 451 sensibus
1209 413 1399 462 colligitur
1440 412 1629 450 memoria
1670 419 1707 450 et
1747 424 1795 449 ex

453 485 581 522 multis
610 484 807 522 memoriis
835 485 1144 534 experimentum
1173 484 1389 534 acquiritur.
1446 483 1594 529 Viator,
1623 483 1794 532 inquam,

452 567 533 593 non
571 562 738 592 meretur
774 555 815 591 in
859 561 1048 604 quantum
1095 555 1213 593 credit
1259 554 1438 591 intuitum
1476 554 1534 591 vel
1576 553 1796 591 naturaliter

454 626 773 671 demonstratum,
795 626 863 663 sed
897 626 937 662 in
970 633 1159 675 quantum
1192 625 1384 663 humiliter
1418 625 1642 662 auctoritate
1670 624 1826 670 divina5

453 697 574 734 credit
603 697 674 733 sibi
704 696 855 734 difficile
886 708 1000 745 supra
1026 708 1206 742 sensum;
1232 703 1274 733 ut
1295 695 1495 733 Abraham
1522 695 1680 733 credidit
1706 694 1794 733 Deo

453 768 501 805 de
540 767 785 805 multitudine
825 767 995 813 seminis,
1026 774 1236 816 postquam
1266 766 1335 804 fuit
1363 767 1605 804 centenarius
1635 772 1671 803 et
1700 765 1794 803 Sara

452 838 739 886 nonagenaria;
779 845 816 875 et
850 838 939 876 ideo
977 842 1185 886 reputatum
1223 842 1276 874 est
1309 838 1345 874 ez‘
1378 838 1432 874 ad
1466 838 1662 884 iusticiam,
1692 836 1793 874 Gen.

454 921 513 946 xv.
554 910 589 946 6.
649 907 808 945 Mereor
846 909 976 958 itaque
1010 909 1135 957 primo
1174 906 1396 945 adherendo
1435 907 1582 945 veritati
1621 907 1792 953 credite;

453 991 604 1016 mereor
642 979 816 1016 secundo
855 979 1047 1016 studendo
1087 978 1191 1016 illam
1229 978 1465 1027 intelligere:
1519 985 1557 1014 et
1597 977 1792 1015 secundus
1808 986 1849 1008 10

453 1056 561 1088 actus
599 1050 813 1087 meritorius
847 1062 927 1088 non
960 1050 1077 1087 habet
1114 1050 1312 1087 racionem
1343 1048 1467 1086 meriti
1497 1048 1537 1085 in
1571 1047 1790 1094 credendo;

454 1120 522 1158 sed
551 1121 731 1157 meritum
769 1120 990 1158 adhesionis
1024 1120 1206 1170 simplicis
1238 1119 1459 1168 superaddit
1488 1119 1721 1156 edificatorie
1751 1119 1791 1155 in

453 1190 682 1240 inquirendo
710 1197 747 1228 et
777 1191 955 1228 meritum
984 1191 1105 1240 prime
1135 1191 1223 1228 fidei
1252 1190 1482 1227 fructuosius
1512 1189 1792 1227 confirmando.

454 1259 473 1280 '¹‘
504 1261 617 1299 Absit
654 1261 757 1299 enim
799 1273 1036 1311 quemquam
1076 1261 1307 1299 catholicum
1346 1261 1444 1298 adeo
1484 1261 1650 1298 insanire
1684 1260 1791 1310 quod
1805 1263 1887 1295 27A

451 1332 592 1378 credat,
614 1332 644 1370 si
674 1332 762 1369 fidei
791 1332 968 1369 adveniat
997 1331 1168 1369 humana
1197 1332 1300 1369 racio
1322 1332 1380 1369 vel
1408 1332 1714 1381 experimentum
1744 1331 1791 1368 de
1807 1340 1845 1372 15

452 1403 610 1449 credito,
648 1415 695 1440 eo
735 1403 819 1452 ipso
855 1403 995 1452 periret
1027 1403 1207 1440 meritum
1245 1403 1333 1440 fidei
1367 1402 1618 1452 precedentis.
1676 1401 1792 1439 Tunc

452 1474 556 1512 enim
585 1486 666 1511 non
690 1474 831 1511 diceret
854 1473 1037 1519 Salvator,
1058 1473 1219 1521 palpate
1237 1478 1271 1510 et
1288 1474 1411 1516 videte,
1432 1475 1605 1521 quoniam
1633 1474 1791 1522 spiritus

452 1557 599 1582 carnem
619 1549 654 1582 el
670 1557 751 1582 ossa
772 1557 843 1581 non
863 1544 979 1589 habet,
1000 1544 1097 1581 sicul
1114 1557 1167 1580 me
1185 1544 1315 1580 vz'delz's
1334 1543 1465 1580 habere
1486 1541 1596 1595 (Luc.
1617 1541 1772 1593 ultimo)
1778 1555 1788 1589 ;

453 1628 524 1653 nec
547 1615 723 1653 Salvator
747 1615 904 1652 dixisset
923 1615 963 1651 in
988 1614 1330 1652 confirmacionem
1360 1614 1448 1651 fidei
1476 1614 1599 1652 sancti
1619 1614 1789 1659 Thome,

451 1685 565 1737 Irffer
587 1687 744 1735 dzgz‘lum
771 1691 874 1723 tuum
898 1686 979 1731 huc,
1002 1690 1036 1723 el
1059 1686 1140 1723 vide
1167 1698 1300 1722 manus
1326 1698 1433 1731 meas,
1454 1690 1488 1723 et
1515 1686 1610 1722 mille
1639 1697 1788 1721 manum
1805 1697 1845 1719 20

452 1761 554 1794 luam
579 1758 619 1794 in
647 1758 747 1794 lalus
784 1769 911 1803 meum,
941 1761 975 1793 el
1001 1757 1081 1793 nolz·
1104 1769 1176 1793 esse
1205 1757 1419 1793 incredulus
1446 1757 1511 1793 sed
1531 1756 1660 1806 fidelzls·
1685 1754 1788 1806 (Ioh.

452 1826 617 1878 ultimo).
673 1827 724 1864 Et
754 1827 876 1865 simile
902 1840 917 1864 1
947 1826 1029 1865 Ioh.
1051 1827 1073 1864 i.
1100 1839 1131 1872 1,
1163 1826 1272 1873 Quod
1299 1828 1461 1864 vidimus
1495 1828 1609 1864 oculis
1639 1828 1788 1872 nostris,

453 1900 552 1948 quod
562 1899 832 1948 perspeximus,
851 1902 886 1935 et
898 1911 1030 1935 manus
1043 1902 1163 1934 nostre
1177 1902 1496 1935 contrectaverunt
1508 1899 1549 1934 de
1574 1898 1684 1936 Verbo
1704 1899 1786 1936 vite.

454 1969 617 2019 Oportet
637 1969 741 2006 enirn
762 1968 912 2006 fidelem
933 1968 1041 2005 inniti
1062 1968 1226 2005 articulis
1242 1968 1330 2005 fidei
1350 1974 1549 2018 tamquam
1569 1969 1787 2018 principiis3

454 2040 534 2086 sed,
547 2039 693 2089 plebeis
707 2040 745 2076 in
759 2052 855 2089 pura
869 2039 942 2077 fide
958 2039 1253 2088 quiescentibus
1270 2039 1450 2076 doctores
1465 2039 1625 2077 ecclesie
1645 2040 1787 2077 debent
1805 2054 1819 2075 2
1825 2053 1841 2084 5

453 2110 737 2159 progrediendo
763 2109 902 2147 mereri
923 2109 993 2146 sibi
1013 2116 1050 2146 et
1071 2109 1163 2157 aliis,
1187 2109 1374 2147 solvendo
1401 2109 1607 2147 instancias
1634 2110 1785 2159 sophis-

452 2181 559 2227 ticas,
581 2193 654 2231 que
687 2180 829 2219 faciunt
856 2180 1147 2218 cathecuminos
1172 2180 1355 2218 fluctuare
1379 2187 1416 2218 et
1441 2182 1580 2231 quibus
1609 2181 1782 2219 infideles

453 2252 628 2289 videntur
644 2251 760 2288 fidem
776 2251 963 2289 creditam
977 2251 1183 2296 infirmare,
1205 2257 1242 2287 et
1253 2251 1483 2288 inveniendo
1497 2252 1672 2289 raciones
1691 2265 1782 2301 pro-

453 2321 610 2368 babiles,
626 2322 765 2371 quibus
786 2321 980 2359 instabiles
1000 2322 1230 2358 roborentur
1246 2328 1282 2358 et
1297 2327 1517 2359 constantes
1531 2322 1569 2358 in
1590 2322 1784 2360 Creatoris

453 2392 649 2442 sapiencia
669 2392 915 2430 delectentur.
974 2391 1024 2428 Et
1044 2392 1115 2429 hec
1137 2391 1310 2429 doctrina
1329 2392 1542 2438 Anshelmi,
1565 2393 1689 2441 primo
1705 2392 1785 2430 Cur
1800 2401 1841 2432 30

457 2462 565 2501 Deus
597 2462 728 2509 homo,
759 2462 932 2500 secundo
962 2462 1152 2511 capitulo:
1196 2460 1306 2499 Sicut
1332 2466 1450 2499 rectus
1478 2463 1566 2500 ordo
1594 2464 1721 2512 exigit
1746 2468 1789 2501 ul

557 2581 596 2599 10.
619 2573 703 2599 illam
716 2573 741 2598 A
751 2573 773 2599 C
786 2580 790 2598 :
812 2582 876 2598 cam
892 2573 923 2598 B.
1192 2584 1230 2606 24.
1253 2579 1313 2606 post
1328 2574 1405 2599 enim
1420 2574 1441 2599 B
1455 2583 1566 2600 omnem
1579 2574 1683 2600 inserit.

501 2672 525 2693 1.
553 2663 689 2694 Aristot.
724 2663 820 2693 Anal.
851 2663 973 2694 Poster.
1005 2663 1037 2693 ii.
1065 2673 1103 2704 19
1132 2674 1162 2704 p.
1186 2673 1268 2702 100;
1314 2664 1464 2706 Metaph.
1495 2665 1514 2695 i.
1548 2674 1560 2695 1
1592 2675 1645 2706 pp.
1675 2666 1738 2705 980
1755 2665 1782 2704 b,

476 2715 512 2744 81
533 2725 562 2745 a.

453 2725 472 2755 9
502 2774 549 2805 17.
575 2766 654 2797 Luc.
672 2766 758 2797 xxiv.
774 2775 824 2806 39.
1392 2776 1439 2798 20,
1465 2767 1540 2808 Joh.
1559 2778 1609 2798 xx.
1631 2776 1680 2806 27.

500 2826 551 2856 30.
577 2817 722 2849 Anselm.
743 2818 810 2848 Cur
828 2818 917 2848 Deus
935 2817 1047 2856 homo,
1068 2817 1086 2848 i.
1109 2827 1123 2847 2
1143 2818 1206 2858 Op.
1226 2829 1257 2858 p.
1278 2824 1316 2858 75
1334 2829 1364 2849 cz.
