2008 3305
176 233 189 260 ι
204 221 256 263 28
853 232 916 263 DE
949 232 1167 263 DOMINIO
1200 232 1375 264 D1V1No
1584 221 1692 279 [CAP.
1710 235 1778 264 xv.

453 347 641 385 habemus
675 347 891 385 evidentem
922 347 1116 393 noticiam,
1146 353 1292 385 servata
1325 347 1534 393 memoria;
1566 348 1614 385 de
1646 347 1780 385 futuris
1795 355 1889 397 [420

452 425 578 455 autern
608 424 696 467 post
725 425 895 456 nostram
926 419 1278 456 consideracionem
1312 419 1498 457 habemus
1527 431 1549 456 a
1578 419 1665 457 Deo
1694 431 1782 468 pro-

452 489 621 526 babilem
652 490 913 527 coniecturam
942 502 989 527 ex
1020 491 1246 528 sensacione
1276 503 1479 528 causarum
1513 490 1780 536 secundarum,

452 572 541 597 cum
568 561 770 598 universali
798 561 1087 610 experimentali
1108 561 1330 610 quiescente
1360 562 1400 598 in
1429 562 1570 606 anima,
1593 561 1650 598 vel
1677 561 1783 597 aliter

453 630 500 667 de
528 630 598 667 illis
623 637 688 667 aut
708 631 1024 669 absconsioribus
1051 632 1234 669 noticiam
1259 631 1460 680 specialius
1484 631 1713 669 revelatam:
1746 637 1814 675 et5

452 701 539 739 ideo
579 702 669 739 dicit
707 702 928 740 Annomius
976 715 1089 751 super
1127 703 1302 740 secundo
1341 703 1631 751 Peryermenias
1678 702 1784 751 quod

452 773 617 810 sciencia
638 772 853 810 futurorum
873 780 929 810 est
946 774 1088 811 noticia
1110 773 1181 810 diis
1202 779 1402 811 reservata.

172 844 233 870 The
253 843 426 877 recognition
505 844 554 881 Et
575 850 678 894 patet
698 844 804 893 quod
833 844 1038 894 profuisset
1058 844 1263 894 plurimum
1285 844 1445 882 domino
1466 844 1715 882 Ardmacano
1737 843 1785 881 de

172 879 203 904 of
220 878 275 903 this
294 879 372 904 truth

172 912 437 977 ”ffffissssfffiffissd
451 916 762 954 modernioribus
783 917 973 965 prolapsis
994 929 1016 953 a
1036 916 1096 953 via
1116 916 1282 953 veritatis
1302 916 1342 952 in
1362 928 1512 953 errores
1533 915 1783 964 turpissimos,

171 978 421 1038 {rrssgiathreefoid
451 987 556 1036 quod
596 994 769 1025 notasset
801 987 960 1024 terciam
999 987 1235 1036 sapienciam
1268 987 1436 1035 capitulo
1470 995 1578 1024 sexto
1611 986 1782 1035 superius
1801 1002 1839 1023 10

451 1064 688 1104 annotatam,
719 1058 921 1107 quomodo
959 1064 1050 1106 aput
1089 1057 1219 1094 Deum
1258 1057 1389 1094 omnia
1427 1063 1516 1094 sunt
1555 1057 1780 1106 presencia:

450 1134 540 1166 tunc
565 1129 667 1166 enim
692 1129 816 1166 videre
846 1134 1023 1178 poterant
1052 1128 1158 1178 quod
1188 1128 1327 1174 Deum,
1359 1128 1560 1173 mundum,
1583 1133 1621 1165 et
1650 1127 1783 1165 omnia

451 1212 526 1249 que
569 1199 721 1237 fuerunt
759 1200 806 1237 sit
852 1200 1253 1248 contingentissimum
1291 1199 1340 1236 ad
1388 1200 1609 1236 utrumlibet
1646 1198 1829 1246 fuisse;D

451 1278 544 1308 tunc
574 1283 654 1307 non
684 1271 903 1309 involvisset
929 1282 968 1307 se
998 1270 1038 1307 in
1066 1270 1136 1307 illis
1166 1270 1404 1318 argumentis
1431 1270 1452 1293 '¹‘
1476 1271 1523 1308 de
1554 1271 1783 1307 necessitate

451 1341 675 1387 futurorum,
694 1342 733 1379 in
747 1341 887 1391 quibus
902 1341 1048 1387 doctor,
1064 1341 1160 1378 libro
1177 1341 1438 1378 sextodecimo
1457 1341 1503 1378 de
1518 1341 1783 1390 questionibus
1802 1356 1838 1387 15

450 1413 724 1458 Armenorum,
743 1413 916 1450 secundo
937 1419 974 1450 et
994 1419 1130 1462 quarto
1151 1413 1337 1462 capitulis,
1354 1412 1444 1450 dicit
1465 1425 1504 1450 se
1518 1412 1651 1461 viginti
1672 1412 1784 1449 annis

450 1491 492 1522 ut
521 1485 731 1534 plurimum
764 1484 965 1530 studuisse,
999 1484 1218 1521 concedens
1252 1483 1422 1529 finaliter,
1457 1484 1487 1521 si
1516 1484 1615 1521 bene
1646 1483 1783 1528 habeo,

450 1556 555 1606 quod
574 1556 766 1605 Scriptura
782 1568 890 1593 sacra
906 1555 1045 1604 poterit
1065 1567 1147 1592 esse
1168 1554 1273 1600 falsa,
1290 1555 1395 1604 quod
1411 1554 1565 1592 Veritas
1587 1555 1785 1591 incarnata

449 1627 575 1677 potuit
608 1627 744 1664 falsam
775 1627 1015 1665 sentenciam
1044 1626 1263 1675 predicasse
1293 1632 1329 1663 et
1358 1632 1437 1662 tam
1467 1626 1637 1674 seipsum
1666 1636 1784 1674 quam

452 1698 547 1736 alios
604 1698 863 1748 multipliciter
901 1698 1108 1747 decepisse,
1148 1697 1344 1746 tercioque
1383 1697 1489 1745 quod
1538 1696 1631 1733 nulli
1678 1695 1783 1733 beati
1800 1710 1840 1732 20

449 1769 578 1807 vident
610 1770 779 1807 intuitive
814 1769 853 1806 in
882 1769 1014 1806 Verbo
1046 1768 1151 1817 quod
1190 1768 1348 1805 effectus
1388 1768 1505 1817 aliqui
1538 1774 1626 1805 sunt
1656 1766 1782 1804 futuri.

449 1839 542 1878 Non
563 1840 697 1878 dubito
718 1840 811 1890 quin
839 1840 978 1877 horum
999 1840 1113 1876 trium
1144 1839 1322 1888 opposita
1343 1845 1431 1875 sunt
1459 1845 1539 1876 tam
1567 1838 1784 1876 necessaria

448 1923 567 1961 quam
587 1911 845 1948 necessarium
867 1911 914 1948 sit
934 1910 1124 1947 mundum
1149 1922 1234 1947 esse
1255 1909 1313 1946 vel
1333 1909 1463 1947 Deum
1488 1916 1553 1947 aut
1573 1908 1675 1946 aliud
1696 1921 1782 1958 pre-

448 1982 576 2020 fuisse.
634 1981 703 2019 Est
723 1994 815 2030 ergo
843 1981 1017 2018 absolute
1037 1981 1299 2018 necessarium
1320 1981 1349 2017 si
1371 1980 1547 2017 Christus
1567 1980 1626 2017 vel
1649 1978 1779 2028 Scrip-

447 2060 532 2091 tura
563 2066 671 2091 sacra
701 2060 764 2090 aut
793 2053 888 2090 liber
909 2053 996 2097 vite,
1018 2052 1124 2101 quod
1153 2052 1254 2089 idem
1284 2058 1352 2097 est,
1375 2051 1587 2100 quidquam
1610 2050 1782 2097 asseruit,
1800 2064 1838 2096 25

447 2130 539 2162 tunc
572 2125 699 2174 ipsum
733 2123 947 2161 secundum
977 2123 1142 2161 sormam
1177 2123 1405 2160 asser-cionis
1435 2129 1492 2160 est
1522 2122 1783 2160 necessarium

447 2196 617 2242 evenire3
649 2195 740 2245 quia
771 2195 856 2232 Ioh.
882 2208 917 2232 x.
950 2204 1010 2242 35,
1044 2197 1105 2242 36,
1137 2194 1274 2243 legitur
1304 2193 1519 2231 Veritatem
1552 2193 1605 2230 sic
1638 2193 1782 2242 alloqui

450 2267 664 2312 Phariseos,
678 2266 769 2303 Non
778 2271 898 2314 polest
914 2267 1013 2303 solvi
1024 2265 1255 2315 Scrz'plura;
1276 2278 1378 2313 quem
1394 2265 1515 2302 Pater
1534 2264 1788 2314 sanclzficavz't

448 2343 483 2375 et
497 2339 599 2375 mz'sz’l
616 2339 655 2374 z'n
676 2338 851 2374 mundum
868 2350 881 2374 .·
902 2336 1111 2374 solveretur
1132 2336 1289 2385 quidem
1304 2337 1435 2385 sipost
1451 2336 1532 2373 eius
1548 2335 1785 2384 publicacio-

448 2422 539 2446 nem
571 2416 607 2446 et
642 2408 730 2446 fidei
769 2408 1055 2445 adhibicionem
1094 2407 1189 2444 falsa
1222 2407 1280 2444 vel
1318 2407 1503 2444 instabilis
1546 2407 1592 2443 sit
1623 2412 1783 2455 reperta.
1800 2421 1841 2453 30

452 2480 579 2519 Celum
615 2480 772 2530 quidem
806 2483 840 2516 et
875 2483 977 2516 terra
1009 2478 1224 2515 transibunt
1259 2478 1360 2515 varie
1394 2484 1673 2524 transmutata;
1718 2477 1786 2514 sed

482 2602 505 2625 7.
527 2593 679 2619 reservata
692 2591 717 2617 A
728 2591 766 2617 C:
787 2593 907 2617 servata
922 2591 953 2616 B.
1043 2591 1082 2616 16.
1100 2597 1143 2616 se:
1165 2589 1245 2616 codd.
1259 2589 1303 2616 de.
1396 2598 1436 2622 30.
1449 2588 1538 2621 salsa
1552 2588 1574 2614 B
1586 2588 1626 2615 C:
1646 2597 1700 2615 om·
1715 2588 1750 2615 A.

493 2685 522 2716 6.
548 2685 704 2715 Ammon.
717 2695 834 2716 comm.
849 2684 881 2714 in
899 2687 975 2715 sect.
990 2683 1021 2714 ii.
1036 2683 1113 2714 libri
1131 2683 1229 2714 Arist.
1243 2682 1282 2713 de
1298 2682 1469 2722 Interpret.
1492 2684 1508 2720 ξ
1526 2680 1556 2721 6,
1571 2683 1645 2720 &c.‚
1656 2679 1787 2722 printed

450 2742 483 2768 at
502 2737 556 2768 the
573 2736 635 2768 end
654 2737 691 2767 of
705 2737 798 2768 Alex.
818 2736 967 2777 Aphrod.
986 2736 1026 2766 cle
1044 2736 1140 2774 Fato,
1158 2735 1297 2765 London
1317 2733 1409 2774 1658.

499 2799 545 2820 10.
572 2790 611 2819 V.
630 2799 738 2829 supra,
757 2799 829 2829 cap.
848 2789 915 2819 xiii.
935 2798 966 2828 p.
988 2797 1060 2828 104.

498 2851 545 2882 15.
573 2842 611 2872 R.
627 2840 823 2881 FitzRalph,
834 2841 957 2872 Summ.
970 2840 1002 2870 in
1012 2842 1143 2880 Quaest.
1158 2840 1291 2869 Arinen.
1306 2839 1368 2868 xvi.
1382 2847 1408 2876 2,
1423 2847 1442 2878 4
1453 2836 1485 2867 ff.
1500 2836 1742 2875 cxxix.C,cxxx.
1756 2843 1786 2866 Β.
