2008 3305
106 226 190 268 314
770 222 974 255 RICARm
1007 222 1310 255 ARMACHANI
1781 214 1879 268 [Lm.
1902 225 1931 255 1.

383 325 540 361 donacio
565 332 621 361 est
646 326 775 370 verior,
802 326 979 372 proprior,
1005 334 1117 373 atque
1146 327 1329 363 liberalior
1353 338 1464 372 quam
1493 326 1650 363 donacio
1676 326 1712 362 in
1726 332 1822 375 [1013

382 396 455 430 qua
472 384 690 419 transfertur
706 383 923 420 dominium.

431 444 523 477 IOH.
559 442 669 487 Quod
702 442 793 478 mihi
839 442 1056 487 inpossibile
1097 442 1294 477 videbatur
1326 442 1481 478 attendo
1513 454 1596 478 esse
1629 454 1714 488 pro-

382 500 549 545 spicuum
581 500 618 534 in
647 499 718 535 ista
742 500 979 535 conclusione
1005 500 1191 543 mirabili;
1225 506 1262 535 et
1292 512 1401 535 cerno
1425 501 1523 546 quod
1547 501 1652 536 Deus
1678 501 1714 535 in

381 558 557 592 donando
575 557 779 592 dominium
797 569 905 592 suum
922 569 998 592 non
1015 557 1165 592 abdicat
1180 570 1188 594 :
1216 558 1314 593 unde
1331 558 1476 593 videtur
1493 559 1592 603 quod
1609 559 1715 594 abdi-
1729 567 1746 599 5

382 622 441 650 cat
471 615 525 650 ius
553 615 702 660 aliquod
729 613 828 660 quod
858 622 942 650 ante
968 616 1141 660 habebat,
1172 615 1321 659 scilicet,
1349 616 1624 661 possessionem
1653 622 1716 651 aut

382 673 483 708 aliud
501 673 557 708 ius
576 674 675 718 quod
694 673 830 718 poteris
848 673 1023 708 invenire.

105 750 136 767 so
148 740 184 765 he
197 738 306 766 neither
434 732 521 766 RIC.
550 731 651 767 Sicut
671 731 879 766 dominium
898 730 971 766 Dei
988 737 1044 766 est
1062 730 1321 775 inabdicabile‚
1341 731 1393 766 ita
1410 731 1489 766 eius
1504 731 1715 776 possessio;

103 774 267 833 Ξῗὲξὲξξξζ
278 782 328 832 ἷζῗζ
387 789 474 834 quia
492 789 805 824 sufficientissima
822 789 875 824 rei
892 789 1069 834 cuiusque
1087 789 1312 824 sustentacio
1326 800 1474 834 semper
1491 796 1527 825 et
1541 790 1716 825 continue

103 840 362 907 {ffffggssssgisszxfsthe
386 851 441 879 est
459 857 481 879 a
500 845 584 880 Deo
601 856 608 880 :
637 851 674 879 et
691 845 738 879 ob
756 845 828 879 hoc
842 856 911 879 nec
924 845 1073 880 abdicat
1086 856 1156 880 nec
1169 844 1303 879 minuit
1321 856 1426 879 suam
1438 845 1716 890 possessionem
1733 854 1774 876 10

385 900 437 936 rei
456 900 634 945 cuiusque
651 911 735 935 eam
753 899 939 935 donando.

434 959 523 993 IOH.
551 959 674 993 Usum
692 957 743 993 rei
761 964 824 992 aut
841 959 974 992 saltem
999 957 1148 1002 aliquod
1174 957 1230 993 ius
1255 969 1294 992 re
1322 958 1403 1002 ipsa
1427 957 1556 992 utendi
1574 957 1719 992 videtur

385 1017 490 1051 Deus
517 1015 697 1059 amittere,
724 1027 808 1050 cum
834 1015 935 1050 illam
963 1027 1041 1050 rem
1067 1016 1204 1059 donat3
1232 1027 1316 1051 cum
1338 1016 1396 1051 ille
1423 1016 1481 1050 cui
1510 1017 1614 1051 Deus
1640 1026 1718 1050 rem

385 1075 500 1109 donat
518 1074 574 1109 ius
591 1074 727 1109 habeat
746 1085 824 1109 rem
842 1074 1021 1108 donatam
1044 1074 1158 1109 libere
1182 1074 1404 1109 absumendi
1420 1085 1428 1117 ;
1455 1080 1491 1109 et
1510 1073 1540 1108 si
1560 1073 1715 1118 impedi·
1730 1074 1883 1106 donatam
1895 1075 1935 1106 li-

384 1138 495 1176 retur,
520 1131 708 1167 videretur
733 1131 810 1166 fieri
837 1131 907 1166 sibi
934 1131 1091 1166 iniuria:
1120 1131 1285 1177 quisquis
1308 1132 1407 1167 enim
1425 1131 1579 1176 impedit
1597 1131 1717 1165 homi·
1729 1118 1834 1193 Ξζξθξ
1852 1119 1901 1149 bis

385 1201 471 1225 nem
499 1190 536 1224 in
558 1189 735 1225 exercicio
766 1189 852 1224 iuris
883 1189 950 1232 sui,
980 1188 1092 1224 michi
1119 1189 1264 1224 videtur
1286 1189 1335 1224 illi
1362 1189 1494 1225 inferre
1517 1189 1716 1224 iniuriam:
1832 1185 1838 1192 '

384 1249 483 1283 unde
509 1247 746 1293 consequitur
773 1247 885 1292 quod,
910 1247 1010 1282 facta
1035 1259 1058 1282 a
1082 1248 1164 1282 Deo
1191 1247 1395 1282 donacione
1421 1247 1640 1292 cuiusquam
1666 1246 1716 1281 rei

386 1306 558 1349 cuiusvis,
576 1318 651 1341 non
669 1312 792 1351 potest
818 1307 923 1340 Deus
949 1317 1034 1340 eum
1060 1306 1154 1340 iuste
1180 1305 1353 1341 cohibere
1371 1306 1419 1340 ab
1437 1316 1506 1340 usu
1524 1305 1576 1340 rei
1595 1304 1690 1340 illius
1708 1316 1718 1349 ς

386 1371 423 1400 et
441 1364 491 1399 ita
509 1365 614 1399 Deus
631 1370 721 1399 tunc
738 1375 813 1398 non
831 1364 942 1398 habet
961 1362 1017 1398 ius
1036 1375 1075 1398 re
1094 1362 1156 1398 illa
1173 1362 1313 1398 utendi.

106 1436 157 1465 ¹10,r
169 1434 226 1464 any
238 1425 312 1459 right
325 1425 358 1452 of
437 1423 525 1457 RIC.
551 1423 611 1456 An
629 1433 698 1457 nos
714 1433 789 1456 non
807 1421 945 1456 vereris
964 1421 1150 1466 impellere
1168 1428 1206 1456 ut
1225 1421 1409 1456 affirmata
1427 1420 1595 1466 superius
1613 1432 1717 1466 repe-
1730 1434 1872 1465 v.supra,
1881 1435 1937 1466 pp.

106 1466 232 1493 ”⁵¹ng¹t'
387 1482 537 1515 tamus?
564 1480 843 1525 quibuscunque
871 1479 972 1515 enim
997 1479 1207 1514 racionibus
1235 1479 1367 1524 quibus
1395 1490 1507 1524 supra
1534 1478 1718 1514 suasimus
1733 1477 1906 1510 ²9025‘3qq·

389 1539 513 1573 Deum
538 1550 614 1573 non
638 1549 750 1583 posse
775 1549 797 1573 a
824 1549 863 1573 se
889 1549 997 1572 suum
1023 1536 1231 1572 dominium
1257 1537 1443 1580 abdicare,
1468 1536 1587 1580 facile,
1606 1536 1637 1571 si
1656 1536 1721 1571 ad-

387 1604 522 1640 vertas,
541 1597 588 1632 de
606 1597 683 1631 iure
702 1596 830 1631 utendi
847 1602 883 1631 et
900 1595 947 1630 de
965 1595 1066 1630 omni
1093 1595 1170 1630 iure
1197 1594 1268 1630 Dei
1294 1594 1463 1639 originali
1482 1595 1519 1629 id
1538 1594 1637 1630 idern
1654 1594 1722 1630 tibi

388 1655 522 1700 poterit
541 1654 710 1698 suaderi3
738 1654 913 1699 quoniam
939 1665 1008 1689 nec
1033 1654 1182 1699 plenam
1208 1653 1466 1688 auctoritatem
1490 1664 1601 1698 super
1618 1664 1721 1688 crea-

387 1720 488 1748 turas
501 1724 587 1747 suas
603 1712 620 1732 ’¹‘
636 1713 801 1755 haberet,
816 1723 884 1747 nec
897 1718 996 1747 esset
1010 1711 1258 1756 omnipotens,
1270 1722 1339 1746 nec
1350 1717 1518 1746 creatura
1529 1710 1611 1746 talis
1622 1717 1721 1746 esset
1734 1715 1762 1745 Ο

390 1771 467 1806 iure
486 1771 628 1815 integro
647 1782 753 1806 serva
772 1770 844 1805 Dei
865 1769 987 1814 (sicuti
1005 1781 1071 1814 pro
1094 1769 1413 1804 inabdicabilitate
1431 1768 1546 1803 divini
1565 1768 1722 1803 dominii

388 1836 467 1864 erat
493 1828 544 1863 ibi
570 1827 787 1873 deductum)
815 1827 846 1862 si
873 1829 977 1863 Deus
1002 1834 1128 1872 posset
1153 1827 1304 1871 aliquod
1330 1826 1386 1861 ius
1412 1837 1520 1861 suum
1545 1826 1722 1871 originale

391 1887 451 1931 (ex
469 1887 608 1932 origine
625 1886 688 1930 rei,
707 1885 886 1930 intelligo)
907 1885 977 1920 sibi
995 1891 1210 1930 competens
1229 1884 1414 1920 abdicare.

440 1946 530 1980 IOH.
558 1946 638 1979 Iam
655 1955 792 1989 negare
810 1955 884 1978 non
902 1943 1022 1978 audeo
1041 1942 1139 1988 quod
1159 1944 1262 1977 Deus
1281 1943 1346 1977 dat
1363 1943 1463 1977 bona
1477 1953 1544 1977 sua
1558 1953 1722 1976 commu-

388 2003 551 2037 nicando
577 2002 781 2037 donatariis
808 2012 915 2037 suurn
942 2000 1149 2035 dominium
1167 2002 1224 2035 vel
1250 2000 1338 2035 iuris
1365 2000 1609 2045 competentis
1637 2001 1720 2034 Deo
1732 2002 1918 2035 donatarz'z's

390 2060 614 2105 originaliter
630 2059 843 2094 abdicando
858 2071 867 2095 ι
895 2065 951 2094 set
969 2059 1030 2093 dic
1042 2058 1197 2103 nunquit
1214 2060 1318 2093 Deus
1332 2058 1437 2093 aliter
1449 2058 1513 2092 dat
1527 2069 1595 2092 sua
1608 2057 1718 2102 dona,
1732 2054 1752 2120 ξ
1766 2057 1772 2077 ²
1794 2046 1895 2096 dona-

390 2118 566 2164 quoniam
585 2129 696 2162 supra
714 2117 788 2151 iam
804 2117 920 2151 fuerat
938 2117 1139 2161 allegatum
1166 2116 1265 2160 quod
1292 2117 1396 2151 Deus
1421 2115 1523 2150 dedit
1542 2114 1721 2159 Spiritum
1733 2100 1828 2172 ἐξῇ
1842 2097 1940 2171 :M'na-

391 2184 575 2220 sanctum‚
600 2182 637 2211 et
663 2187 737 2210 non
763 2182 820 2210 est
847 2176 950 2210 Deus
977 2174 1149 2209 dominus
1177 2173 1336 2219 Spiritus
1363 2173 1509 2216 sancti3
1533 2172 1633 2208 unde
1654 2184 1722 2208 nec
1735 2184 1858 2216 jurans
1874 2192 1905 2215 Β,

391 2236 470 2272 eius
488 2234 695 2270 dominium
713 2233 987 2268 communicare
1004 2232 1124 2277 potuit
1142 2239 1322 2267 creature.

440 2295 528 2328 RIC.
552 2293 692 2327 Verum
711 2291 873 2326 affirmas
889 2303 898 2332 ;
923 2297 960 2325 et
978 2291 1025 2325 ob
1043 2291 1114 2324 hoc
1132 2301 1217 2325 vere
1242 2288 1478 2334 consequitur
1495 2289 1595 2334 quod
1614 2288 1723 2324 dacio
1736 2298 1775 2331 35

391 2363 475 2388 esse
501 2356 623 2396 potest
649 2350 791 2394 absque
819 2348 873 2384 rei
899 2349 985 2384 date
1014 2347 1181 2383 dominio
1211 2347 1486 2382 communicato
1513 2353 1577 2381 aut
1602 2346 1722 2382 eciam

392 2409 567 2445 abdicato
586 2420 593 2442 :
621 2407 718 2442 unde
736 2407 785 2441 ad
805 2406 886 2441 Gal.
906 2406 927 2440 i.
945 2415 968 2448 4
986 2405 1118 2440 dicitur
1131 2405 1231 2450 quod
1251 2406 1353 2439 Deus
1371 2404 1472 2438 dedit
1486 2405 1722 2449 semetipsum

384 2470 461 2513 pro
487 2467 652 2511 peccatis
683 2465 834 2507 nostris,
860 2470 896 2498 et
921 2463 970 2498 ad
997 2463 1130 2497 Thess.
1158 2462 1193 2497 ii.
1221 2463 1321 2507 quod
1356 2463 1461 2496 Deus
1486 2463 1589 2496 dedit
1620 2462 1724 2496 nobis
1740 2474 1752 2495 1
1768 2464 1831 2495 Th.
1849 2465 1890 2495 iv.
1909 2466 1938 2496 8.

392 2529 564 2560 sanctum
587 2534 698 2557 suum
724 2523 928 2566 Spiritum,
946 2527 982 2556 et
1008 2521 1056 2555 ad
1082 2520 1208 2555 Titum
1234 2520 1269 2554 ii.
1292 2530 1334 2563 14
1359 2520 1457 2565 quod
1476 2521 1579 2554 Deus
1597 2523 1721 2554 semet·
1736 2523 1785 2554 z‘z':
1801 2524 1897 2556 codd.
1913 2533 1940 2554 1.
1957 2538 1972 2552 0

393 2585 516 2628 ipsum
535 2582 637 2616 dedit
645 2583 720 2626 pro
737 2580 851 2623 nobis,
870 2583 914 2614 ut
936 2590 1003 2613 nos
1028 2579 1226 2613 redimeret
1249 2579 1294 2612 ab
1315 2579 1420 2612 omni
1433 2578 1662 2622 iniquitate,·
1686 2584 1721 2613 et
1734 2593 1777 2624 40

394 2641 475 2676 aliis
509 2639 629 2675 modis
660 2638 837 2683 reperitur
865 2637 942 2671 fieri
972 2636 1078 2671 dacio
1108 2636 1144 2670 in
1176 2635 1374 2680 Scripturis
1393 2647 1400 2670 :
1439 2636 1485 2670 de
1515 2635 1659 2680 quibus,
1691 2635 1722 2669 si

395 2704 575 2744 oporteat,
594 2696 859 2741 congruencior
875 2696 976 2729 locus
995 2694 1062 2729 erit
1085 2694 1281 2735 tractandi,
1301 2705 1384 2728 cum
1404 2693 1449 2727 de
1468 2692 1635 2727 dominio
1653 2693 1722 2727 hu-

395 2767 505 2791 mano
522 2762 558 2790 et
577 2754 858 2789 condicionibus
876 2752 954 2787 eius
972 2752 1101 2796 agitur.
1155 2751 1306 2786 Interim
1326 2751 1372 2789 sit
1391 2751 1460 2785 hoc
1480 2751 1603 2793 fixum,
1622 2750 1719 2795 quod

397 2816 500 2849 Deus
519 2824 576 2848 res
595 2811 733 2847 homini
754 2811 872 2856 primo
899 2811 1068 2853 donatas,
1088 2821 1161 2844 non
1188 2809 1398 2844 abdicando
1425 2820 1493 2843 nec
1519 2808 1719 2842 minuendo
