2008 3305
209 186 290 228 194

204 521 337 560 Eurtber
347 523 454 550 discus-

203 563 217 580 S
219 564 228 580 Ζ
231 564 272 580 on.

868 186 932 217 DE
964 186 1182 219 DOMINIO
1212 186 1390 219 DIVINo
1645 175 1750 234 [CAP.
1773 189 1811 217 v.

945 393 1270 433 CAPITULUM
1310 394 1357 431 V.
1824 406 1921 448 [6613

536 515 596 553 Ex
618 515 696 552 istis
717 514 907 564 colligitur
927 514 1032 564 quod
1052 528 1120 553 ens
1140 515 1279 553 dicitur
1298 516 1461 554 univoce
1482 515 1528 554 de
1549 515 1635 554 Deo
1656 522 1693 554 et
1713 528 1807 566 qua-

206 605 217 620 1
250 597 347 628 Ostha
358 598 471 630 highest
482 586 571 623 libet
601 592 783 623 creatura.
843 585 918 623 Sed
941 598 1011 635 pro
1041 586 1207 623 ulteriori
1237 586 1503 624 declaracione
1532 587 1727 625 rimandus
1751 593 1808 624 est

204 630 305 661 degree
317 632 352 662 qs
358 640 430 656 com-

205 665 321 696 munz'ty
333 665 370 697 qf
378 665 468 698 being.

204 744 235 760 a.
256 735 426 769 Intelligible

204 768 288 800 being
299 769 321 795 is
335 776 383 796 not
397 779 462 797 con-

204 802 278 827 fined
294 803 331 835 by
343 804 390 829 the

205 836 369 862 limitations
382 837 415 862 of

204 870 299 895 actual
309 870 461 898 existence.

413 946 429 973 i.

404 1302 431 1329 ii.

392 1801 431 1829 iii.

201 2368 263 2394 The
275 2378 324 2395 ens
336 2378 458 2395 cammu-

201 2403 354 2428 nissz'mum
367 2403 390 2428 is

199 2436 359 2469 essentially
373 2436 437 2463 God

202 2469 320 2495 himself.

483 669 656 694 summus
680 656 823 705 gradus
844 657 1130 694 communitatis
1155 657 1252 694 entis
1272 657 1311 693 in
1339 669 1407 695 sua
1427 657 1597 694 maxima
1618 657 1806 706 analogia.

483 727 558 764 Pro
579 739 657 776 quo
677 727 890 764 notandum
910 727 1015 776 quod
1035 739 1103 764 ens
1123 727 1369 775 intelligibile,
1391 740 1459 765 ens
1479 728 1727 774 intellectum,
1747 727 1807 765 vel
1820 743 1838 775 5

482 811 551 836 ens
574 798 765 848 possibile,
787 810 862 847 que
888 798 1019 836 omnia
1039 798 1143 835 idem
1167 805 1265 845 sunt,
1287 804 1345 836 est
1364 811 1434 836 ens
1460 799 1625 836 ambitus
1653 798 1806 848 amplis-

481 871 565 907 simi
589 871 792 919 possibilis,
815 877 852 907 et
881 882 961 907 non
984 871 1152 908 existens
1172 870 1230 908 vel
1261 870 1364 908 aliud
1385 871 1406 894 ³¹<
1428 871 1492 908 tali
1519 877 1606 908 ente
1631 877 1806 908 contrac-
1821 879 1848 909 c

481 942 567 979 tius.
626 942 734 980 Patet
755 941 966 991 tripliciter:
992 942 1118 991 primo
1139 954 1186 979 ex
1214 941 1288 979 hoc
1308 942 1414 991 quod
1443 942 1560 979 nichil
1580 948 1705 991 potest
1724 954 1806 979 esse

481 1013 748 1059 communius3
779 1012 846 1050 sed
872 1012 1102 1061 intelligibile
1123 1013 1182 1049 vel
1208 1012 1442 1050 intellectum
1463 1024 1484 1049 a
1511 1011 1597 1049 Deo
1619 1018 1674 1049 est
1700 1024 1807 1050 com-

481 1085 635 1121 munius
656 1097 772 1134 quam
792 1084 984 1131 existens;
1015 1096 1107 1133 ergo
1127 1095 1196 1121 ens
1226 1090 1283 1121 est
1303 1084 1545 1121 communius
1566 1096 1683 1133 quam
1708 1083 1804 1121 exis·
1821 1094 1861 1117 10

481 1160 576 1191 tens.
634 1154 887 1203 Assumptum
916 1161 1020 1203 patet
1054 1167 1102 1192 ex
1137 1167 1184 1192 eo
1216 1154 1322 1204 quod
1356 1153 1472 1191 nichil
1501 1154 1807 1191 communicatur

482 1237 563 1262 non
596 1225 696 1271 enti;
741 1237 825 1262 esse
864 1237 959 1274 ergo
997 1231 1053 1262 est
1091 1236 1297 1262 commune
1331 1225 1437 1262 omni
1467 1224 1717 1262 affirmacioni
1748 1224 1806 1262 vel

481 1295 684 1344 negacioni
704 1295 875 1345 possiblli
896 1295 942 1333 de
963 1295 1138 1344 presenti,
1160 1296 1351 1344 preterito,
1372 1294 1432 1332 vel
1453 1294 1590 1333 futuro.
1627 1294 1807 1333 Secundo

480 1373 585 1416 patet
614 1366 716 1404 idem
743 1379 791 1403 ex
822 1366 896 1404 hoc
927 1366 1032 1415 quod
1061 1366 1156 1403 tanti
1187 1365 1355 1403 ambitus
1384 1372 1441 1403 est
1465 1377 1533 1403 ens
1562 1365 1658 1403 sicut
1681 1370 1807 1414 potest

480 1449 562 1474 esse
584 1435 642 1486 (ut
661 1444 765 1486 patet
793 1436 926 1488 alibi);
956 1437 1022 1475 sed
1049 1443 1177 1486 potest
1202 1449 1287 1475 esse
1311 1437 1399 1485 equi
1420 1437 1584 1473 ambitus
1609 1448 1698 1474 cum
1722 1448 1804 1474 esse
1821 1451 1859 1483 15

479 1508 723 1557 intelligibili;
755 1521 848 1557 ergo
877 1508 972 1545 tanti
1003 1508 1169 1545 ambitus
1194 1514 1251 1545 est
1282 1507 1329 1545 de
1358 1507 1474 1545 facto.
1535 1506 1669 1544 Minor
1699 1513 1804 1556 patet

479 1579 668 1627 capiendo
698 1578 783 1624 hoc,
814 1578 943 1616 Omne
975 1590 1044 1616 ens
1070 1578 1289 1627 intelligitur
1309 1577 1368 1614 vel
1394 1583 1520 1626 potest
1547 1589 1631 1615 esse
1653 1577 1719 1615 ubi
1749 1583 1807 1615 est

480 1650 706 1687 distribucio
736 1661 808 1698 pro
843 1649 950 1686 omni
986 1649 1185 1698 supposito
1216 1649 1313 1686 entis
1343 1648 1589 1697 intelligibilis
1605 1660 1614 1694 ;
1645 1654 1682 1686 et
1711 1648 1808 1686 sicut

479 1721 684 1770 utrobique
713 1727 770 1758 est
799 1721 983 1758 terminus
1011 1733 1109 1770 eque
1133 1721 1363 1766 communis,
1395 1720 1449 1758 sic
1479 1720 1681 1770 utrobique
1709 1732 1807 1770 eque

479 1803 684 1829 commune
723 1799 780 1828 est
819 1803 932 1828 suum
971 1792 1164 1840 signatum
1211 1791 1446 1840 primarium.
1523 1790 1664 1829 Tercio
1702 1797 1805 1840 patet
1822 1802 1861 1826 20

479 1861 582 1898 idem
599 1874 645 1898 ex
663 1861 736 1899 hoc
754 1861 859 1910 quod
875 1861 1108 1911 intelligibile
1130 1861 1309 1910 possibile
1318 1861 1374 1898 vel
1391 1861 1662 1911 quodcumque
1678 1861 1806 1899 adiec-

478 1932 551 1969 tive
573 1932 806 1969 nominabile
824 1932 1077 1981 presupponit
1092 1933 1275 1970 noticiam
1296 1932 1393 1969 entis
1406 1932 1467 1969 vel
1486 1932 1538 1970 rei
1558 1932 1664 1970 cuius
1679 1932 1807 1981 passio

478 2003 536 2040 vel
558 2003 734 2040 condicio
755 2009 811 2040 est
832 2003 1002 2048 adiecta;
1032 2015 1124 2052 ergo
1145 2015 1234 2040 cum
1247 2002 1610 2041 communissimum
1630 2003 1806 2040 omnium

480 2074 526 2110 sit
540 2074 664 2122 primo
681 2074 890 2122 cognitum,
901 2074 1068 2123 sequitur
1081 2074 1187 2124 quod
1204 2087 1271 2111 ens
1280 2074 1337 2111 vel
1349 2086 1408 2111 res
1424 2074 1469 2111 sit
1485 2086 1582 2123 eque
1598 2086 1805 2112 commune

480 2144 577 2181 sicut
598 2145 830 2194 intelligibile
858 2145 934 2182 sive
955 2145 1147 2194 possibile.
1208 2145 1299 2191 Quo
1328 2145 1539 2195 supposito,
1561 2156 1718 2182 necesse
1747 2150 1804 2183 est
1819 2159 1858 2192 25

480 2227 698 2264 supponere
741 2228 788 2253 ex
827 2216 1021 2253 sentencia
1058 2216 1241 2265 ydearum
1280 2217 1386 2265 quod
1424 2229 1503 2254 non
1541 2221 1597 2253 est
1635 2222 1806 2253 creatura

480 2286 723 2335 intelligibilis
751 2286 821 2323 nisi
843 2299 917 2336 que
942 2286 1058 2323 habet
1082 2298 1166 2324 esse
1187 2286 1432 2335 intelligibile,
1464 2298 1539 2335 que
1568 2292 1623 2323 est
1648 2286 1746 2335 ydea
1766 2285 1805 2322 in

480 2356 577 2394 Deo.
635 2357 696 2393 Ex
726 2369 803 2406 quo
830 2363 933 2406 patet
968 2357 1072 2405 quod
1107 2369 1176 2394 ens
1208 2357 1580 2402 communissimum,
1610 2357 1715 2405 quod
1748 2362 1805 2393 est

477 2427 703 2464 universitas
724 2428 887 2474 encium,
909 2427 1087 2473 mundus,
1116 2427 1335 2476 architipus‚
1364 2432 1401 2464 et
1427 2439 1543 2464 omne
1571 2426 1804 2464 nominabile

478 2504 534 2535 est
556 2498 680 2535 solum
700 2497 956 2535 essencialiter
970 2496 987 2515 *
1004 2496 1111 2534 Deus
1134 2497 1216 2546 ipse
1231 2511 1239 2534 ε
1271 2509 1342 2535 nec
1359 2510 1406 2534 ex
1422 2497 1497 2535 hoc
1514 2497 1682 2546 sequitur
1697 2496 1803 2546 quod
1816 2502 1849 2530 D

480 2568 646 2618 quelibet
678 2574 849 2605 creatura
884 2568 928 2604 sit
960 2567 1138 2616 quelibet,
1169 2567 1226 2604 vel
1253 2567 1356 2617 quod
1388 2567 1515 2617 aliqua
1552 2574 1724 2605 creatura
1758 2567 1804 2604 sit

479 2638 596 2686 Deus,
621 2639 690 2675 nisi
719 2638 931 2676 secundum
960 2650 1043 2675 esse
1069 2637 1311 2686 intelligibile.
1368 2637 1418 2675 Et
1443 2643 1547 2687 patet
1573 2637 1679 2687 quod
1706 2638 1804 2675 sicut

515 2773 535 2794 5.
559 2764 617 2788 Pro
629 2772 683 2795 qno
698 2764 719 2788 B
733 2770 738 2788 5
754 2764 852 2794 primo
866 2763 890 2787 A
901 2763 932 2788 C.
1047 2772 1070 2794 7.
1089 2763 1136 2788 vel
1149 2762 1186 2787 B:
1209 2771 1261 2787 om.
1276 2762 1300 2787 A
1310 2762 1341 2788 C.
1458 2772 1498 2794 13.
1518 2768 1582 2788 ante
1589 2762 1723 2795 possibili
1735 2761 1756 2787 B
1770 2762 1805 2787 a'e

479 2797 573 2827 habet,
589 2797 658 2823 sicut
673 2802 699 2821 et
714 2803 778 2822 ante
786 2797 935 2829 preterito.
1045 2805 1081 2827 17.
1105 2797 1113 2825 Η
1126 2805 1175 2821 ens
1189 2797 1370 2828 intellzgrz'tur
1382 2796 1404 2821 B
1418 2796 1436 2822 s.
1452 2805 1498 2828 242
1511 2804 1534 2823 Β.
