2008 3305
204 189 219 217 ι
234 189 287 226 14
881 185 944 216 DE
977 183 1193 216 DOMINio
1225 185 1398 216 Diero
1582 173 1686 232 [cAr.
1705 187 1801 217 xm.

199 301 395 361 ffilffisoffiffi
408 301 455 327 the
532 298 583 335 Et
617 310 664 336 ex
698 299 770 336 isto
800 298 944 335 videtur
974 298 1079 348 quod
1107 298 1214 336 Deus
1243 298 1339 336 foret
1369 305 1502 337 auctor
1530 300 1805 348 cuiuscumque
1820 300 1917 343 [37D

479 369 640 418 peccati,
675 369 764 418 quia
798 369 1005 406 necessitat
1038 369 1086 406 ad
1120 369 1246 418 ipsum
1283 370 1383 407 ultra
1421 370 1496 407 hoc
1536 370 1640 420 quod
1679 376 1806 419 potest

478 441 607 490 aliqua
628 447 821 477 creatura:
853 447 890 477 et
910 453 979 489 per
1000 452 1245 489 consequens
1260 453 1376 479 nemo
1393 442 1505 478 debet
1521 442 1657 491 pocius
1673 453 1806 479 cavere

478 517 680 560 peccatum
715 522 832 559 quam
865 522 997 548 cavere
1028 523 1076 549 ne
1107 511 1213 549 Deus
1241 512 1287 549 sit
1316 512 1374 549 vel
1401 512 1674 562 quodcumque
1703 511 1806 549 aliud

479 581 651 618 absolute
671 580 907 629 impossibile
915 593 924 627 ;
955 593 1043 618 cum
1066 582 1237 619 debiturn
1257 582 1457 631 quodlibet
1486 589 1521 620 et
1551 581 1752 631 obligacio‚
1775 582 1806 618 si
1820 587 1838 618 5

479 652 526 689 sit
547 652 656 695 iusta,
677 650 767 688 dicit
797 651 1088 699 possibilitatem
1118 652 1276 701 obligati
1306 659 1480 702 respectu
1508 653 1604 690 illius
1633 652 1682 690 ad
1702 651 1806 701 quod

478 722 669 770 obligacio
690 721 927 758 terminatur.
983 722 1103 760 Aliter
1122 723 1224 760 enirn
1246 736 1345 772 eque
1365 729 1495 773 posset
1515 722 1620 759 Deus
1637 722 1807 771 obligare

476 805 537 830 me
558 793 629 829 sub
650 805 750 841 pena
778 793 925 843 peccati
953 793 1166 842 gravissimi
1187 793 1291 843 quod
1322 805 1449 831 creem
1479 793 1665 842 quotlibet
1684 804 1808 830 novos

476 863 665 910 mundos3
695 875 799 913 ymo,
830 876 919 901 cum
949 863 1096 900 nullum
1126 863 1365 913 impossibile
1395 863 1566 901 absolute
1595 869 1720 912 potest
1749 863 1806 899 in-

475 934 601 983 telligi,
624 934 729 973 Deus
748 942 877 985 posset
898 935 1066 984 obligare
1087 942 1298 973 creaturam
1320 947 1429 973 suam
1456 935 1504 973 ad
1531 934 1675 985 aliquid
1701 934 1806 984 quod
1823 942 1862 964 10

200 1013 456 1079 ῗιέἰιέᾷίτῐιὶέἒέδέῃ
479 1018 550 1043 nec
589 1012 760 1043 creatura
799 1019 870 1043 nec
910 1005 1017 1043 Deus
1055 1007 1193 1055 poterit
1231 1006 1410 1056 cogitare.
1480 1005 1519 1042 Si
1557 1017 1651 1054 ergo
1690 1018 1807 1043 omne

478 1083 682 1126 peccatum
709 1076 754 1114 sit
783 1076 957 1114 absolute
987 1077 1245 1115 necessarium
1267 1088 1362 1122 esse,
1386 1082 1427 1113 ut
1447 1076 1594 1122 dicitur,
1617 1082 1707 1113 tunc
1728 1082 1808 1113 tam

478 1146 623 1183 malum
655 1152 753 1184 esset
782 1148 1059 1197 cuiuscumque
1092 1147 1241 1197 peccati
1270 1147 1447 1184 carencia
1476 1147 1572 1184 sicut
1600 1146 1686 1192 Dei,
1718 1146 1808 1196 quia

477 1217 582 1254 iuxta
602 1229 692 1266 sepe
716 1217 817 1255 dicta
846 1224 925 1255 tam
956 1219 1103 1256 bonum
1132 1225 1190 1256 est
1219 1217 1403 1268 quidlibet
1432 1229 1549 1267 quam
1578 1217 1680 1254 mala
1709 1216 1807 1255 foret

477 1287 557 1324 eius
577 1287 755 1337 privacio.
813 1289 864 1326 Et
884 1301 968 1326 vere
989 1295 1081 1326 tunc
1102 1300 1218 1326 omne
1239 1295 1442 1338 peccatum
1463 1288 1520 1326 vel
1547 1287 1691 1338 aliquid
1711 1287 1861 1328 foret15

479 1357 627 1395 realiter
647 1359 727 1408 ipse
748 1358 856 1396 Deus
877 1359 1055 1409 obligans
1076 1359 1273 1397 hominem
1306 1359 1541 1397 strictissime
1569 1359 1618 1396 ad
1644 1370 1806 1408 peccan-

480 1429 585 1474 dum,
614 1436 746 1467 contra
777 1429 1024 1479 Scripturam‚
1047 1429 1163 1467 Rom.
1185 1430 1242 1475 vi.,
1264 1430 1330 1467 ubi
1360 1430 1450 1468 dicit
1478 1429 1675 1479 apostolus
1703 1428 1809 1478 quod

481 1511 561 1537 non
591 1506 678 1537 sunt
706 1499 882 1538 facienda
910 1500 1011 1537 mala
1040 1507 1081 1537 ut
1109 1501 1213 1538 bona
1241 1501 1439 1547 eveniant;
1470 1507 1507 1538 et
1526 1500 1642 1538 Eccli.
1664 1512 1723 1537 xv.
1747 1511 1808 1544 21,

484 1583 544 1616 22,
578 1570 737 1609 Nemini
769 1571 967 1608 mandavit
1002 1572 1113 1619 impie
1149 1584 1258 1621 agere
1294 1575 1330 1609 et
1353 1573 1495 1609 nemini
1519 1572 1617 1609 dedit
1641 1572 1807 1620 spacium

482 1639 499 1659 *
507 1642 689 1689 peccandi
697 1654 717 1685 ,·
746 1654 817 1678 non
837 1642 932 1678 enim
958 1642 1181 1690 concupiscit
1198 1642 1466 1679 multitudinem
1476 1642 1649 1690 filiorum
1679 1642 1805 1691 infide-
1820 1641 1904 1671 33A

480 1712 582 1748 lium.
640 1711 761 1748 Aliter
780 1712 883 1749 enim
907 1711 1015 1749 Deus
1045 1724 1125 1749 non
1155 1713 1278 1750 odiret
1306 1718 1519 1762 peccatum,
1541 1711 1648 1762 quod
1676 1718 1807 1749 tamen

483 1781 677 1831 Scriptura
706 1783 842 1819 crebro
872 1788 1082 1819 attestatur.
1139 1782 1257 1821 Unde
1287 1788 1325 1820 et
1353 1782 1453 1820 hanc
1486 1783 1709 1832 opinionem
1737 1794 1807 1832 pa-

481 1859 605 1889 tenter
634 1852 768 1890 refellit
799 1852 952 1901 sapiens
988 1851 1185 1898 Salamon‚
1218 1852 1328 1890 Prov.
1359 1853 1407 1890 iii.
1442 1862 1502 1901 27,
1538 1854 1598 1900 28,
1631 1853 1703 1890 sub
1735 1852 1808 1890 hiis

480 1923 615 1968 verbis,
644 1922 743 1959 Noli
760 1923 953 1972 prohibere
981 1922 1188 1973 benefacere
1215 1935 1294 1960 eum
1324 1924 1392 1971 qui
1409 1927 1529 1972 potest
1539 1936 1559 1968 ,·
1587 1924 1625 1960 si
1649 1923 1749 1961 vales
1776 1927 1811 1960 et

480 1994 554 2041 ipse
585 1993 741 2043 benefac.
799 1992 861 2030 Ne
894 1993 996 2030 dicas
1029 1995 1145 2030 amico
1175 1998 1247 2038 tuo,
1289 1993 1385 2030 Vade
1416 1998 1450 2031 et
1483 1998 1661 2031 revertere
1672 2007 1691 2037 ,·
1720 2006 1807 2031 cras
1821 2005 1860 2038 25

479 2064 570 2101 dabo
589 2064 667 2109 tibi,
689 2076 770 2100 cum
785 2067 905 2112 possis
923 2065 1047 2101 statim
1069 2064 1170 2102 dare.
1219 2063 1269 2101 Et
1285 2064 1333 2101 ad
1348 2064 1450 2101 idem
1466 2064 1613 2102 reducit
1628 2063 1808 2102 dominus

478 2134 782 2179 Ardmachanus,
813 2134 908 2171 libro
939 2134 1257 2184 septimodecimo
1286 2134 1333 2172 de
1363 2134 1642 2181 Questionibus
1670 2135 1809 2172 Arme-

479 2217 629 2250 norum,
646 2205 831 2254 quotlibet
852 2205 1096 2242 auctoritates
1116 2205 1367 2254 pulcerrimas
1386 2205 1665 2255 Scripturarum
1677 2217 1688 2252 ,·
1718 2204 1809 2255 quia

480 2276 587 2313 aliter
607 2275 771 2314 concedi
792 2281 945 2325 oportet
966 2275 1071 2325 quod
1095 2276 1220 2325 prima
1239 2276 1377 2313 veritas
1406 2276 1610 2314 necessitat
1632 2275 1809 2313 homines

481 2346 530 2384 ad
565 2346 819 2395 peccandum,
851 2359 940 2384 curn
971 2353 1077 2384 tanta
1111 2347 1318 2385 necessitas
1357 2347 1531 2384 absolute
1561 2358 1641 2384 non
1669 2345 1808 2396 poterit
1821 2352 1863 2383 30

483 2416 632 2454 causari
662 2417 711 2453 ab
739 2416 869 2466 aliquo
899 2417 992 2454 citra
1013 2417 1152 2455 Deum.
1210 2418 1261 2455 Et
1291 2418 1344 2456 sic
1375 2418 1522 2456 domini
1551 2416 1809 2467 principaliter

998 2531 1037 2556 16.
1058 2531 1066 2559 ΙΙ
1080 2529 1123 2556 ad
1134 2529 1156 2555 B
1170 2529 1188 2555 f.
1204 2539 1252 2563 229
1261 2538 1285 2555 B.

528 2630 577 2661 14.
603 2621 688 2651 Turn
705 2621 828 2651 bonum
845 2624 892 2652 est
909 2621 1081 2662 quidlibet,
1099 2623 1161 2652 &c.
1207 2621 1251 2653 So
1268 2622 1319 2653 De
1335 2622 1394 2653 civ.
1412 2622 1510 2652 Dom.
1528 2621 1548 2653 i.
1564 2630 1603 2662 14
1620 2632 1651 2663 p.
1669 2628 1720 2662 97.

528 2679 577 2712 17.
602 2672 698 2703 Rom.
715 2672 763 2703 iii.
782 2674 812 2704 8.

527 2730 577 2763 27.
602 2723 642 2754 R.
676 2723 873 2765 FitzRalph,
913 2723 1048 2754 Summa
1085 2724 1117 2755 in
1157 2724 1412 2764 Quaestionibus
1450 2724 1680 2763 Armenorum,
1718 2724 1806 2763 xvii„

483 2774 614 2815 passim,
634 2774 665 2805 ff.
688 2781 847 2816 137-144,
867 2775 958 2806 Paris
980 2784 1072 2816 1511,
1092 2780 1218 2817 quarto.
