2008 3305
185 178 270 222 228

871 191 936 223 DE
970 191 1183 223 DOMrNio
1215 191 1390 223 Diero
1599 179 1704 238 [CAP.
1728 191 1787 219 iv.

468 305 545 342 suis
579 305 753 354 graciose
785 306 932 343 collatis
963 306 1089 355 previe
1125 306 1174 343 ad
1207 306 1457 344 commodum
1481 305 1498 325 '¹‘
1521 304 1911 346 ministrantis:[79A

465 388 558 424 ergo
578 376 813 425 impossibile
834 382 890 414 est
910 383 1122 414 creaturam
1146 376 1234 415 Deo
1255 377 1313 414 vel
1339 377 1379 414 in
1400 377 1559 414 minimo
1580 376 1795 413 ministrare

466 448 538 483 nisi
558 459 743 496 magnam
764 447 934 497 graciam
956 446 1069 485 faciat
1090 447 1300 497 quidquam
1331 447 1484 493 dando3
1515 452 1552 484 et
1571 459 1639 496 per
1658 458 1794 484 conse-

465 529 590 565 quens
614 523 786 554 creatura
811 518 963 566 penitus
992 517 1107 554 nichil
1127 530 1149 554 a
1178 517 1264 555 Deo
1285 517 1488 555 merebitur
1517 529 1563 553 ex
1586 515 1795 565 condigno.

464 586 575 624 Patet
595 587 878 636 consequencia
898 599 945 625 ex
966 587 1253 636 significacione
1280 587 1431 625 termini
1460 586 1736 636 presupposita,
1758 591 1794 622 et
1807 589 1826 621 5

465 670 513 695 ex
545 657 619 695 hoc
655 657 829 707 superius
868 657 1062 696 declarato
1094 658 1200 707 quod
1233 657 1342 695 Deus
1382 657 1507 695 solum
1544 663 1689 706 prestat
1722 668 1794 694 suo

466 728 639 765 ministro
656 734 693 765 et
710 728 828 765 donat
843 741 891 765 ex
912 728 1044 777 gracia
1057 727 1243 776 quidquid
1257 727 1384 773 habet,
1403 727 1507 764 iuxta
1520 727 1611 764 illud
1628 726 1794 775 apostoli

470 811 485 835 1
521 798 609 836 Cor.
630 799 676 836 iv.
700 807 733 846 7,
755 799 820 835 ubi
850 811 974 848 supra,
1001 798 1104 844 Quid
1127 798 1236 835 habes
1264 798 1362 846 quod
1386 811 1457 835 non
1486 798 1689 846 accepisti?
1744 795 1794 834 Et

466 869 572 918 quod
610 869 746 906 mereri
779 875 905 918 potest
935 869 982 906 de
1017 881 1191 918 congruo
1224 874 1328 918 patet
1367 881 1414 906 ex
1453 868 1640 918 frequenti
1679 874 1793 906 cantu

466 939 637 985 ecclesie,
660 952 733 989 que
759 946 869 989 rogat
896 939 1025 977 Deum
1055 939 1158 989 quod
1184 951 1230 976 ex
1251 939 1378 988 gracia
1406 951 1475 976 sua
1500 939 1636 976 mereri
1656 939 1794 989 poterit
1812 944 1854 966 10

466 1024 629 1060 regnum
644 1011 727 1049 Dei.
783 1011 834 1048 Et
854 1010 1003 1048 fundari
1023 1016 1147 1060 potest
1169 1022 1216 1047 ex
1237 1010 1300 1048 illo
1316 1010 1489 1059 apostoli,
1508 1009 1629 1047 Hebr.
1642 1010 1717 1047 xiii.
1735 1012 1795 1055 16,

466 1081 712 1131 Beneficencie
731 1086 765 1118 et
775 1083 1036 1119 communionis
1056 1082 1164 1118 nolite
1187 1080 1379 1124 oblz'vzkezp·
1409 1081 1544 1118 salibus
1556 1083 1649 1118 enim
1669 1081 1799 1118 hostie&

456 1157 692 1202 promeretur
706 1152 822 1190 Deus.
870 1152 1090 1189 Promererz'
1104 1151 1207 1189 enim
1229 1158 1285 1189 est
1306 1151 1366 1189 hic
1387 1152 1546 1189 verbum
1567 1163 1797 1197 commune;

466 1231 502 1261 et
532 1224 667 1262 dicitur
694 1223 908 1261 secundum
933 1222 1164 1272 gramaticos
1191 1223 1400 1272 promereri
1412 1229 1485 1272 pro
1506 1223 1633 1272 aliquo
1653 1223 1796 1267 mereri,

466 1295 555 1344 quia
575 1295 688 1332 breve
709 1300 746 1332 et
765 1302 1081 1331 momentaneum
1111 1300 1168 1331 est
1197 1306 1268 1342 pro
1289 1305 1368 1343 quo
1386 1293 1505 1331 viator
1525 1299 1692 1330 meretur
1712 1299 1795 1330 tan·
1812 1301 1850 1332 15

466 1372 547 1402 tum
568 1365 769 1414 premium,
786 1365 883 1402 sicut
903 1363 1020 1402 Deus.
1079 1363 1128 1401 Et
1140 1364 1270 1413 quoad
1290 1364 1468 1401 meritum
1489 1376 1588 1413 pene
1602 1363 1706 1412 qu‘od
1726 1375 1798 1400 nos

465 1448 649 1474 vocamus
679 1437 862 1482 demereri,
886 1447 976 1473 ecce
997 1435 1045 1472 ad
1067 1435 1189 1472 Hebr.
1209 1447 1245 1471 x.
1270 1436 1330 1480 28,
1355 1447 1415 1482 29,
1437 1435 1564 1472 scribit
1585 1434 1796 1483 apostolus,

465 1507 516 1545 Sz·
549 1508 700 1544 irritam
739 1508 822 1555 quis
843 1507 998 1556 faciens
1035 1507 1144 1555 legem
1182 1505 1315 1554 Moysi
1346 1507 1424 1542 sine
1453 1506 1533 1542 ulla
1566 1506 1799 1543 miseracione

466 1579 603 1619 duobus
618 1579 676 1616 vel
687 1578 806 1616 lrzbus
825 1578 971 1615 testz'bus
991 1579 1160 1624 morilur,
1183 1581 1317 1626 quanto
1330 1578 1452 1626 magis
1461 1578 1606 1626 putatis
1618 1578 1796 1615 deleriora

467 1651 604 1686 mereri
628 1650 809 1698 supplicia
839 1650 908 1697 qui
933 1648 1077 1686 Filium
1107 1648 1186 1685 Dei
1209 1649 1508 1686 conculcaverit?
1563 1648 1637 1686 Per
1665 1649 1795 1685 obser·
1810 1658 1852 1681 20

467 1720 644 1757 vanciam
664 1721 789 1769 itaque
810 1719 905 1769 legis
926 1719 1065 1757 Christi
1085 1724 1253 1756 meretur
1266 1719 1436 1756 minister
1455 1719 1536 1756 eius
1556 1718 1604 1756 de
1624 1730 1796 1768 congruo

468 1802 629 1840 regnum
649 1790 747 1836 Dei;
779 1790 878 1840 quia,
899 1797 939 1827 ut
968 1790 1033 1835 sic,
1054 1789 1308 1827 ministrando
1332 1796 1373 1827 ut
1394 1789 1518 1836 debet,
1539 1790 1735 1839 dignificat
1756 1802 1798 1828 se

467 1861 516 1898 ad
533 1872 694 1910 regnum
708 1867 745 1898 et
765 1861 849 1898 talis
869 1860 1111 1909 dignificacio
1132 1860 1269 1909 petitur
1286 1860 1391 1910 quod
1411 1860 1458 1898 de
1472 1860 1605 1898 virtute
1620 1861 1796 1898 vocabuli

470 1930 487 1950 ³⁶
508 1932 553 1968 sit
572 1931 718 1968 mereri.
748 1930 797 1968 Et
818 1931 1052 1980 quicumque
1073 1931 1268 1980 negaverit
1281 1931 1386 1980 quod
1406 1937 1578 1969 creatura
1599 1930 1795 1980 operando
1810 1943 1841 1971 Β

467 2008 594 2051 potest
619 2014 659 2039 se
680 2001 801 2050 ipsam
825 2001 980 2051 dignam
1001 2001 1126 2039 facere
1147 2001 1195 2038 ad
1225 2002 1415 2050 premium
1444 2000 1558 2038 habet
1578 2013 1719 2050 negare
1739 2001 1796 2038 vel
1812 2014 1851 2045 25

468 2072 573 2121 quod
603 2078 775 2109 creatura
796 2077 924 2120 potest
953 2072 1097 2121 aliquid
1118 2072 1280 2121 operari,
1302 2071 1361 2109 vel
1390 2083 1531 2120 negare
1563 2071 1797 2121 Scripturam

468 2143 516 2180 de
537 2143 718 2192 dignitate
742 2149 909 2179 creature
931 2143 979 2179 ad
1000 2143 1189 2191 premium
1211 2142 1383 2191 superius
1404 2142 1620 2190 allegatam.

522 2213 636 2250 Unde
653 2213 797 2250 videtur
817 2225 900 2250 esse
921 2213 968 2250 de
989 2213 1085 2259 Deo,
1107 2226 1151 2250 ac
1165 2214 1194 2250 si
1215 2226 1279 2250 rex
1302 2225 1453 2250 summe
1474 2212 1576 2250 dives
1590 2219 1627 2250 et
1647 2213 1796 2262 magni-

469 2284 563 2321 ficus
584 2284 710 2321 edicto
739 2290 917 2321 statueret
937 2284 1041 2333 quod
1070 2284 1290 2333 quicunque
1312 2295 1433 2333 usque
1463 2282 1511 2320 ad
1541 2283 1656 2320 finem
1687 2283 1797 2320 stadii

468 2355 679 2403 pugnando
723 2367 811 2391 cum
851 2354 1025 2392 hostibus
1060 2354 1247 2403 superatis
1286 2353 1505 2399 cucurrerit,
1547 2353 1796 2403 braviumque
1811 2360 1854 2390 30

469 2432 812 2474 quantumcunque
843 2425 890 2462 de
927 2425 1025 2462 facili
1055 2424 1262 2473 attingibile
1293 2424 1650 2472 quomodocunque
1687 2426 1798 2462 attin-

469 2502 585 2543 geret,
608 2495 809 2544 adoptetur
833 2508 854 2532 a
874 2496 977 2533 dicto
997 2508 1087 2545 rege
1108 2496 1147 2532 in
1168 2495 1286 2531 filium
1307 2502 1343 2532 et
1364 2494 1563 2532 heredem:
1586 2500 1676 2531 tunc
1696 2500 1799 2543 patet

470 2566 575 2615 quod
618 2573 834 2615 pugnantes
865 2566 1045 2615 legittime
1087 2566 1314 2614 attingentes
1345 2576 1575 2614 quocunque
1609 2565 1798 2602 iuvamine

470 2637 643 2673 bravium
673 2637 932 2685 supradictum
958 2636 1180 2685 dignificant
1201 2647 1240 2672 se
1270 2636 1417 2684 premio
1446 2634 1687 2683 repromisso,
1712 2647 1796 2684 pre-

504 2756 542 2778 14.
561 2748 569 2776 ΙΙ
586 2747 624 2772 Et
637 2747 749 2772 dicitur
762 2747 784 2771 B
800 2747 816 2772 f.
832 2755 879 2778 247
893 2755 917 2772 c.
1072 2755 1109 2778 17.
1128 2753 1172 2771 x.:
1194 2746 1273 2771 codd.
1290 2755 1327 2773 11.
1482 2754 1521 2777 31.
1543 2749 1800 2778 quantumcunque

470 2780 492 2808 B
505 2781 542 2806 C?
554 2788 558 2806 :
580 2781 610 2805 in
624 2781 809 2812 quodcunque
826 2781 851 2805 Α
863 2781 884 2806 C
896 2781 912 2805 ¹.
