2008 3305
62 217 150 247 CAP.
173 205 308 259 XXIV.]
595 214 660 246 DE
692 213 937 247 PAUPERIE
969 213 1284 246 SALVATORIS.
1799 210 1882 257 315

171 323 264 365 100]
278 329 385 354 suum
412 318 617 354 dominium
644 324 707 354 aut
737 318 1015 364 possessionem
1043 329 1160 361 suam,
1188 316 1342 353 donavit
1373 316 1449 360 illi3
1485 315 1536 351 ita
1569 321 1609 351 ut

276 383 381 412 actus
400 377 566 412 donandi
585 378 668 412 Deo
685 388 770 412 vere
787 376 996 412 conveniat.

325 503 553 537 IOHANNES.
579 502 696 536 Actus
714 500 979 536 commodandi
994 499 1080 535 huic
1105 498 1376 535 dominacionis
1393 498 1491 534 actui
1508 498 1607 533 vide·
1621 502 1763 536 XXIV.

52 562 230 604 proprior:
276 563 335 591 tur
362 556 474 591 michi
501 556 539 590 in
573 556 766 591 nobilitate
795 555 973 601 proprior,
1001 554 1177 600 quoniam
1205 553 1391 589 liberalior
1415 560 1472 588 est
1495 564 1606 598 quam
1621 555 1885 588 ofG0d¹slending.

59 606 155 654 chd·
187 610 264 646 VO·
278 611 517 657 permutacio‚
551 611 734 654 vendicio,
769 611 847 646 sive
881 609 1023 645 locacio
1039 621 1048 645 2
1087 609 1148 644 dic
1185 619 1274 654 ergo
1308 608 1476 654 nunquid
1504 619 1606 643 corn-

59 659 242 680 xzmorum’
277 670 448 704 modacio
467 671 550 704 Deo
568 680 612 703 ex
630 668 797 703 dominio
815 680 881 703 suo
899 668 1104 703 conveniat.

312 728 542 762 RICARDUS.
557 726 655 771 Quid
665 726 732 762 tibi
743 726 843 760 aliud
857 725 1069 760 viderentur
1078 725 1296 770 pretendere
1307 724 1483 769 parabole
1495 735 1607 759 evan-

277 784 393 829 gelice
411 785 457 820 de
471 784 618 819 talentis
632 784 778 819 traditis
791 784 839 819 ad
851 782 1125 828 negociandum
1141 782 1251 826 (Mat.
1264 780 1374 826 xxv.),
1389 782 1435 817 de
1447 782 1606 816 mnabus

278 842 376 877 datis
394 843 442 877 ad
459 843 701 877 mercandum
722 842 825 887 (Luc.
843 841 940 886 xix.),
960 842 1006 876 de
1023 841 1141 876 tribus
1158 840 1318 885 panibus
1331 840 1380 875 ad
1393 840 1607 875 commoda-

226 908 264 930 10
278 897 424 932 cionem
442 897 566 932 media
583 904 691 933 nocte
707 897 830 943 petitis
850 896 953 942 (Luc.
971 896 1054 940 xi.)?
1080 895 1141 941 qui
1159 895 1259 931 enim
1276 896 1375 930 bona
1389 894 1540 930 tradidit
1557 895 1607 929 ad

59 959 162 989 sicuti
177 967 225 990 M:
277 955 551 999 negociandum
569 962 609 990 ut
626 961 786 1001 reportet
805 966 966 996 usuram,
985 953 1091 989 sicuti
1110 953 1147 988 in
1164 952 1351 998 parabolis
1369 953 1439 987 illis
1458 952 1504 987 de
1524 954 1607 988 Deo

59 1012 154 1032 suam
172 1010 202 1033 Β·
279 1012 453 1056 innuitur,
471 1025 546 1048 non
571 1025 636 1048 eos
662 1013 851 1049 constituit
877 1012 1049 1048 dominos
1075 1011 1209 1057 quibus
1235 1010 1401 1055 tradidit,
1427 1016 1482 1045 set
1509 1022 1608 1045 com-

277 1071 515 1116 modatarios,
534 1077 574 1106 ut
591 1071 744 1106 videtur.

327 1130 417 1164 IOH.
445 1130 504 1164 Ex
529 1140 602 1174 quo
629 1129 809 1174 parabola
833 1128 1006 1174 exprimit
1031 1126 1132 1173 quod
1159 1126 1261 1162 dedit
1287 1125 1350 1161 uni
1375 1125 1535 1171 quinque
1554 1131 1606 1160 ta-

225 1192 263 1224 15
277 1187 387 1230 lenta,
406 1187 468 1221 alii
487 1187 573 1229 duo,
591 1187 652 1222 alii
670 1198 785 1222 unum
804 1198 812 1230 ;
838 1198 913 1221 non
931 1186 1078 1221 videtur
1094 1185 1196 1220 facta
1214 1184 1473 1220 commodacio
1492 1184 1607 1219 talen-

277 1251 411 1288 torum,
429 1251 484 1280 set
503 1245 623 1279 verius
641 1245 788 1280 videtur
805 1244 977 1279 donacio.

325 1304 414 1338 RIC.
441 1303 481 1338 Si
500 1309 600 1338 recte
615 1302 836 1348 perpendas,
854 1309 891 1338 et
914 1300 1172 1337 commodacio
1189 1307 1226 1336 et
1244 1300 1403 1335 donacio
1421 1299 1471 1334 ibi
1489 1299 1605 1344 expri-
1620 1300 1714 1360 Men'ls
1727 1300 1851 1360 lorfiship
1864 1300 1887 1326 is

278 1361 411 1395 mitur:
449 1360 625 1406 quoniam
661 1361 772 1406 (sicut
806 1360 902 1395 infra
934 1358 1167 1405 probabitur)
1204 1358 1411 1393 dominium
1440 1358 1536 1400 Ade,
1568 1364 1605 1392 et
1617 1340 1695 1361 mm
1707 1343 1726 1367 y
1738 1343 1755 1360 a
1777 1343 1841 1366 oan,

278 1424 416 1463 quanto
432 1418 551 1463 magis
569 1418 774 1453 dominium
791 1417 1042 1463 cuiuscunque
1059 1416 1221 1452 hominis
1239 1415 1510 1461 subsequentiS,
1522 1427 1607 1450 vere

225 1486 265 1508 20
279 1476 352 1511 dici
378 1482 512 1521 potest,
541 1482 577 1511 et
603 1476 713 1511 debet
739 1476 824 1519 dici,
858 1474 1125 1518 eommodaeio,
1159 1485 1236 1508 non
1268 1485 1354 1508 vere
1387 1473 1605 1516 dominium,
1617 1477 1673 1503 and
1687 1482 1734 1515 nqt
1749 1477 1825 1510 truly

61 1531 180 1581 -ΐὶἱξὶβῑ
278 1534 386 1579 quale
404 1534 547 1578 optinet
566 1534 666 1569 solus
686 1535 791 1568 Deus
808 1545 816 1568 :
844 1539 880 1568 et
897 1531 1175 1575 nichilominus,
1193 1531 1277 1574 quia
1296 1533 1401 1566 Deus
1421 1531 1490 1566 sibi
1507 1532 1607 1565 bona
1618 1512 1752 1544 lord⁵h¹¹²

62 1575 183 1606 mmet
199 1582 240 1608 M.
280 1603 347 1627 sua
364 1591 539 1626 donando
558 1590 847 1626 communicavit
865 1590 916 1625 illi
941 1602 1050 1625 suum
1076 1589 1245 1624 divinum
1263 1589 1482 1632 dominium,
1501 1590 1606 1623 Deus

278 1661 323 1685 ea
340 1649 523 1684 veraciter
539 1649 609 1684 sibi
634 1649 760 1693 dedit;
789 1654 825 1683 et
852 1647 1116 1683 nichilominus
1143 1646 1194 1681 illi
1220 1647 1320 1682 bona
1345 1647 1479 1682 eadem
1504 1658 1606 1681 vera-

279 1707 370 1742 citer
386 1706 637 1742 commodavit
652 1718 660 1742 :
689 1707 789 1742 unde
807 1718 917 1742 omne
944 1705 1151 1740 dominium
1168 1704 1330 1739 hominis
1348 1704 1607 1739 commodacio

228 1775 265 1807 25
280 1765 402 1810 quoad
421 1767 545 1800 Deum
562 1765 743 1800 veraciter
762 1764 815 1809 (ut
833 1764 883 1798 ibi
901 1763 990 1807 dixi)
1006 1763 1141 1806 existit,
1156 1762 1209 1797 sic
1220 1763 1320 1808 quod
1331 1762 1428 1797 vires
1445 1761 1608 1797 hominis

281 1835 346 1858 sue
364 1829 493 1858 nature
512 1822 708 1867 congenite
731 1828 768 1858 et
793 1833 1011 1867 quecunque
1038 1822 1137 1855 dona
1162 1820 1402 1865 postmodum
1427 1819 1610 1865 acquisita

279 1881 357 1916 sive
374 1880 488 1925 gratis
507 1881 647 1915 donata
666 1879 711 1924 (si
731 1879 804 1915 ista
829 1879 956 1914 omnia
981 1885 1043 1914 aut
1068 1880 1201 1913 horum
1227 1877 1351 1923 aliqua
1371 1888 1436 1922 per
1455 1878 1609 1921 talenta,

279 1950 344 1984 per
360 1950 479 1982 mnas,
491 1945 528 1974 et
541 1950 607 1983 per
622 1949 738 1983 panes
757 1936 954 1982 intelligas)
970 1943 1056 1971 sunt
1071 1938 1185 1971 aDeo
1199 1936 1412 1970 hominibus
1426 1935 1610 1971 veraciter

233 1998 265 2026 D
282 1997 299 2016 *
314 1996 562 2039 commodata,
589 1996 686 2041 quia,
712 2007 796 2031 cum
820 1995 926 2029 modo
949 2001 1034 2029 sunt
1059 1994 1150 2029 data
1177 1993 1254 2029 sive
1281 1993 1447 2037 donata3
1475 1993 1610 2028 dicitur

227 2067 267 2097 30
279 2055 378 2090 enim
397 2054 636 2089 commodum
654 2053 741 2098 quia
758 2064 840 2087 cum
859 2053 965 2087 modo
983 2052 1113 2087 datum
1132 2051 1210 2086 sive
1229 2062 1461 2086 concessum.

329 2114 419 2147 IOH.
446 2113 584 2146 Fateor
601 2111 845 2146 donacionem
864 2110 937 2145 Dei
954 2121 1042 2144 vere
1057 2121 1141 2144 esse
1156 2108 1524 2152 commodacionem3
1553 2114 1609 2143 set

279 2181 355 2205 non
373 2176 429 2204 est
445 2168 531 2204 talis
549 2168 805 2203 commodacio
831 2174 937 2203 actus
962 2167 1056 2202 alius
1082 2166 1236 2202 dominii
1263 2166 1335 2202 Dei
1359 2178 1471 2212 quam
1489 2166 1608 2210 dacio,

279 2234 318 2262 ut
336 2226 513 2272 probasti.
564 2227 647 2271 Ego
665 2232 790 2261 autern
816 2226 863 2260 de
888 2231 973 2260 actu
1001 2223 1317 2260 commodacionis
1342 2236 1365 2259 a
1390 2224 1609 2259 donacionis

279 2291 363 2319 actu
382 2284 556 2319 distincto
575 2283 731 2329 inquiro,
747 2290 785 2318 ut
804 2282 921 2318 sciam
947 2282 1009 2328 qui
1035 2288 1121 2317 sunt
1147 2281 1284 2317 diversi
1311 2287 1415 2316 actus
1441 2281 1609 2317 eiusdem

227 2351 266 2383 35
281 2342 446 2377 dominii.

328 2401 415 2434 RIC.
445 2400 546 2435 Solet
574 2399 809 2434 Omnibonus
834 2397 1122 2432 habundancius
1149 2397 1239 2432 dare
1265 2407 1377 2442 quam
1403 2397 1450 2430 ab
1476 2407 1520 2431 eo
1547 2407 1609 2440 pe-

65 2460 145 2490 Luc.
161 2459 248 2489 xxiii.
281 2464 380 2492 tatur
396 2469 403 2492 :
432 2458 530 2491 unde
548 2457 720 2491 crucifixo
739 2456 871 2491 latroni
890 2467 974 2490 cum
992 2467 1036 2490 eo
1053 2462 1090 2490 et
1107 2455 1154 2489 ab
1173 2466 1217 2489 eo
1234 2454 1373 2499 petenti
1391 2454 1610 2489 memoriam

65 2512 120 2542 42’
137 2511 187 2562 43:
282 2515 360 2549 eius
377 2516 514 2549 habere
532 2524 626 2549 cum·
643 2514 679 2548 in
702 2525 859 2558 regnum
882 2525 988 2548 suum
1007 2513 1157 2556 veniret,
1177 2512 1398 2546 Paradisum
1415 2511 1527 2546 veluti
1545 2523 1610 2546 no—

65 2556 165 2587 haber
166 2567 177 2587 ²
195 2563 234 2586 M·
283 2572 450 2607 biliorem
479 2572 758 2617 porciunculam
783 2571 887 2615 regni
913 2570 980 2614 sui,
1005 2577 1041 2605 et
1067 2581 1143 2604 non
1170 2571 1289 2604 solum
1316 2581 1401 2604 cum
1427 2569 1505 2614 ipse
1527 2581 1610 2614 pro-

227 2642 271 2673 40
283 2629 433 2665 mittens
457 2630 542 2664 illuc
566 2630 716 2673 veniret,
747 2635 785 2664 ut
813 2628 906 2663 alius
935 2629 1158 2673 postulabat,
1186 2634 1243 2662 set
1271 2638 1315 2662 eo
1342 2627 1402 2662 die
1427 2632 1611 2672 presente,

284 2687 467 2722 concessit
483 2699 490 2722 :
518 2694 553 2722 et
572 2688 619 2722 ob
636 2688 708 2721 hoc
725 2693 811 2732 apte
837 2693 960 2731 potest
981 2685 1136 2730 intelligi
1154 2692 1193 2720 ut
1212 2686 1316 2720 Deus
1335 2683 1611 2719 commodacio-

67 2752 237 2784 commodet
283 2757 369 2780 nem
396 2757 534 2790 panum
561 2745 699 2790 petenti
730 2750 908 2790 quotquot
937 2744 1050 2779 habet
1079 2742 1309 2778 necessarios
1339 2753 1456 2787 panes
1485 2742 1610 2783 donet,

69 2803 108 2827 M·
284 2815 359 2839 non
392 2803 463 2838 hoc
497 2804 608 2838 modo
643 2802 859 2838 accomodet
875 2813 883 2845 ;
914 2808 949 2837 et
978 2801 1239 2836 nichilominus
1268 2812 1343 2836 non
1377 2799 1499 2835 minus
1524 2805 1611 2845 apte
