2095 3278
59 164 253 223 OAP.XX.]
612 173 678 205 DE
709 170 955 208 PAUPERIE
989 167 1305 202 SALVATORIS.

168 279 261 320 3213]
275 279 394 314 facere
412 277 449 313 id
466 276 621 321 videtur,
640 276 750 322 quod,
768 287 851 311 cum
869 286 944 310 non
960 274 1090 310 fuisset
1108 274 1209 309 locus
1227 279 1335 319 aptus
1359 272 1498 307 homini
1523 282 1597 307 non

274 336 478 381 glorificato
496 337 533 371 in
552 347 704 381 corpore
722 335 792 370 nisi
811 335 847 369 in
865 341 972 378 terra,
990 344 1173 378 nusquam
1199 332 1267 377 ipsi
1294 338 1464 376 parentes
1491 330 1599 376 primi

276 395 465 430 transferri
488 400 705 440 potuerant3
736 404 820 427 cum
842 391 1054 435 Paradisus,
1073 402 1147 425 non
1171 390 1335 432 dubium,
1355 389 1430 423 iure
1456 388 1600 423 heredi-

275 453 370 487 tario
394 452 564 488 omnibus
589 463 716 487 eorum
741 451 824 485 filiis
851 449 980 484 fuisset
1006 448 1225 483 communis.
1275 448 1333 482 Ex
1359 446 1492 492 quibus
1518 458 1600 491 pro-

244 515 262 546 5
276 510 420 554 babilis,
438 510 523 545 licet
549 509 652 554 dura,
670 508 814 554 questio
839 507 942 553 sequi
961 507 1116 551 videtur,
1143 506 1292 549 scilicet,
1311 505 1409 550 quod
1436 504 1473 539 in
1500 515 1600 539 com-

276 569 473 614 paracione
485 569 533 603 ad
546 568 724 613 reprobos
739 565 952 612 paucissimi
966 571 1049 600 sunt
1061 564 1184 608 electi;
1208 564 1382 609 quoniam
1397 562 1600 598 secundum

276 628 348 662 hoc
365 639 439 661 non
457 632 564 661 erunt
584 627 708 671 plures
731 624 860 660 salvati
884 635 993 669 quam
1013 630 1158 658 terrena
1183 622 1255 657 ista
1279 620 1468 656 habitacio
1494 619 1602 655 simul

276 685 324 720 ad
352 684 642 719 cohabitandum
672 682 907 728 corporaliter
935 693 978 716 ac
1008 693 1075 716 suo
1104 680 1215 715 modo
1245 679 1444 714 mortaliter
1472 689 1603 722 capere

276 743 467 788 potuisset.
509 743 573 777 Set
591 743 674 785 heu,
690 752 801 786 quarn
819 739 928 785 pauci
946 746 1031 774 sunt
1047 745 1101 773 tot
1119 738 1156 773 in
1175 736 1457 783 comparacione
1475 747 1601 771 eorum

236 809 264 838 G
277 801 338 847 qui
356 813 378 835 a
396 800 524 835 mundi
543 799 684 844 origine
701 799 749 833 ab
769 797 870 832 *illis
896 797 1023 843 primis
1047 797 1258 832 hominibus
1277 802 1362 830 sunt
1378 793 1548 836 traducti,
1567 800 1602 828 et

276 871 404 894 eorum
429 859 491 904 qui
517 870 632 904 usque
658 858 696 892 in
722 857 832 892 finem
859 855 971 891 seculi
998 861 1081 890 sunt
1106 853 1227 889 futuri.
1278 855 1394 888 Recte
1413 852 1522 897 igitur
1539 863 1605 896 per

275 929 384 952 usum
409 916 536 952 debuit
562 916 660 951 istud
689 916 895 950 humanum
921 912 1126 948 dominium
1151 911 1299 947 diffiniri
1328 911 1404 946 sive
1430 908 1603 952 describi,

276 986 361 1010 curn
385 986 462 1009 non
488 975 534 1009 sit
551 985 678 1009 verum
699 980 762 1008 aut
779 984 864 1008 vere
882 971 1096 1015 dominium,
1116 976 1170 1005 set
1195 969 1323 1015 pocius
1347 967 1604 1003 commodacio

59 1048 166 1078 supra,
183 1048 216 1079 p.
277 1033 355 1068 sive
381 1032 436 1068 ius
462 1033 588 1068 utendi
609 1031 718 1077 (sicut
744 1031 780 1066 in
806 1030 971 1065 seeundo
996 1029 1105 1064 huius
1131 1025 1400 1071 ostendimus);
1428 1037 1498 1061 nee
1523 1025 1603 1060 sine

64 1090 137 1121 335·
225 1101 263 1133 15
277 1102 345 1126 usu
379 1090 504 1126 debuit
536 1101 729 1125 remanere
747 1102 757 1132 ;
797 1099 866 1124 nec
899 1087 971 1123 nisi
1004 1092 1154 1132 propter
1187 1097 1295 1120 usum
1334 1084 1441 1120 fuerit
1481 1084 1603 1129 primo

278 1150 478 1192 donatum3
517 1154 554 1183 et
588 1148 637 1183 ad
669 1158 777 1182 usum
810 1146 922 1181 veluti
957 1156 1063 1181 suum
1097 1144 1209 1179 finem
1242 1142 1448 1178 dominium
1481 1143 1604 1187 ipsum

277 1206 495 1242 naturaliter
512 1206 711 1241 ordinetur.
761 1205 849 1239 Non
867 1210 991 1238 tamen
1011 1204 1083 1237 hoc
1099 1214 1144 1237 eo
1161 1202 1274 1236 modo
1292 1201 1405 1235 debes
1422 1199 1604 1245 accipere,

277 1271 317 1300 ut
335 1265 465 1300 unicus
484 1270 588 1299 actus
613 1262 742 1298 utendi
765 1261 867 1297 totali
887 1262 969 1296 Ade
993 1260 1158 1295 dominio
1184 1259 1410 1304 intelligatur
1433 1258 1604 1303 nobilior,

279 1329 335 1359 set
356 1323 455 1368 quod
471 1334 586 1367 genus
604 1333 692 1357 usus
710 1320 834 1366 generi
853 1319 1005 1354 dominii
1023 1319 1236 1364 preferatur.

226 1393 266 1416 20
327 1382 417 1416 IOH.
444 1381 483 1416 Si
509 1391 625 1425 genus
651 1391 739 1414 usus
763 1390 897 1423 genere
923 1377 1078 1412 dominii
1104 1376 1263 1411 nobilior
1292 1375 1338 1411 sit
1365 1375 1604 1418 censendum,

278 1438 473 1484 singularis
498 1450 597 1482 usus,
617 1437 767 1480 scilicet,
787 1436 869 1481 equi
892 1442 954 1471 aut
977 1435 1081 1470 bovis
1100 1441 1162 1469 aut
1181 1435 1313 1469 domus
1332 1445 1397 1469 seu
1413 1434 1465 1468 rei
1484 1433 1603 1468 cuius—

279 1508 350 1543 que
378 1496 538 1539 alterius,
569 1496 620 1531 rei
650 1495 743 1530 illius
771 1494 935 1529 dominio
961 1494 1070 1528 debet
1097 1492 1271 1538 preferri:
1309 1504 1394 1526 cum
1424 1492 1533 1536 igitur
1559 1492 1605 1526 sit

279 1561 430 1591 econtra
447 1554 546 1600 quod
564 1553 823 1599 preferendum
837 1558 891 1587 est
906 1551 989 1597 equi
1008 1558 1071 1586 aut
1088 1550 1244 1585 aliarum
1262 1561 1383 1585 rerum
1402 1549 1606 1584 dominium

278 1612 445 1648 eiusdem
479 1611 561 1647 usui
595 1610 783 1655 singulari,
818 1609 995 1655 quoniam
1029 1608 1184 1654 quisque
1218 1607 1290 1643 nisi
1322 1608 1443 1642 fatuus
1477 1607 1607 1653 pocius

227 1681 265 1714 25
279 1682 414 1716 equum
446 1670 596 1715 eligeret
629 1680 740 1714 quam
770 1668 922 1703 unicum
955 1679 1063 1703 usum
1095 1667 1198 1711 eius;
1237 1665 1474 1711 consequitur
1507 1665 1607 1711 quod

279 1728 487 1765 dominium
505 1728 551 1763 sit
569 1739 637 1762 usu
656 1727 825 1762 nobilius

328 1789 414 1823 RIC.
433 1786 517 1821 Tibi
531 1785 635 1821 facile
649 1785 891 1830 respondetur
903 1784 1002 1830 quod
1015 1783 1194 1818 maiorem
1207 1782 1439 1818 nobilitatem
1453 1780 1605 1816 dominii

63 1850 154 1883 nisi:
172 1853 212 1881 αἱ
225 1857 255 1880 Β.
280 1857 392 1892 quam
409 1856 496 1879 usus
516 1843 708 1889 singularis
728 1842 941 1888 simpliciter
958 1853 1002 1877 ex
1020 1843 1091 1877 hoc
1108 1842 1275 1886 exemplo
1293 1852 1367 1876 non
1384 1840 1519 1885 arguis,
1535 1839 1607 1873 nisi

280 1905 415 1950 probas
433 1903 533 1949 quod
550 1914 638 1937 usus
658 1902 781 1937 totalis
800 1901 883 1946 equi
906 1907 968 1935 aut
987 1900 1091 1935 bovis
1110 1906 1173 1935 aut
1197 1899 1249 1934 rei
1274 1899 1424 1934 alterius
1442 1897 1608 1933 dominio

228 1971 269 2002 30
282 1961 333 1997 rei
360 1961 455 1996 illius
481 1960 603 1995 minus
629 1959 763 1994 nobilis
789 1959 992 1994 habeatur:
1019 1965 1108 1993 tunc
1127 1958 1228 1993 enim
1246 1958 1292 1993 de
1316 1969 1383 1992 usu
1400 1957 1496 2003 equi,
1515 1956 1609 1991 sicut

282 2020 330 2055 de
353 2031 421 2055 usu
446 2018 554 2064 panis
577 2024 639 2053 aut
657 2017 743 2061 vini,
763 2018 810 2052 de
829 2029 901 2062 quo
924 2016 1014 2052 illud
1031 2028 1104 2051 non
1122 2023 1227 2061 potes
1245 2016 1385 2059 inferre,
1404 2022 1502 2050 recte
1520 2026 1607 2049 con-

283 2077 474 2119 cluderes;
508 2077 638 2111 malles
672 2075 772 2110 enim
804 2076 941 2110 habere
976 2074 1058 2120 equi
1094 2086 1201 2109 usum
1230 2075 1385 2109 totalem
1419 2074 1496 2108 sine
1524 2072 1608 2117 equi

284 2135 461 2179 dominio,
486 2146 597 2180 quam
623 2134 706 2179 equi
733 2133 937 2168 dominium
963 2133 1042 2168 sine
1067 2144 1148 2176 usu,
1169 2132 1268 2178 quod
1294 2132 1347 2167 sic
1372 2131 1437 2166 tibi
1464 2142 1610 2175 semper

282 2200 380 2230 esset
401 2193 541 2236 inutile,
559 2204 632 2238 quo
658 2192 770 2226 modo
795 2191 917 2236 agitur
942 2191 1037 2226 inter
1063 2191 1255 2225 dominum
1280 2196 1447 2225 nostrum
1472 2200 1609 2234 papam

230 2263 268 2295 35
283 2259 319 2288 et
343 2253 473 2287 fratres
498 2251 672 2286 minores.
724 2251 812 2284 Non
831 2256 887 2284 est
905 2249 1013 2293 igitur
1028 2249 1266 2284 hesitandum
1283 2248 1371 2294 quin
1389 2259 1477 2285 usus
1494 2247 1544 2283 rei
1563 2246 1610 2282 sit

284 2310 441 2347 nobilior
458 2309 635 2353 dominio,
652 2307 856 2352 eligibilior,
876 2314 986 2353 atque
1004 2307 1136 2342 utilior.

68 2440 174 2471 supra,
192 2440 223 2471 p,
334 2421 564 2455 IOHANNES.
592 2415 665 2452 Dic
690 2415 801 2450 michi
827 2415 979 2451 ulterius
1003 2415 1040 2450 in
1064 2415 1316 2460 descripcione
1342 2414 1522 2460 premissa
1547 2414 1611 2449 do·
1624 2416 1700 2447 XX.

1625 2465 1815 2499 Explanation
1828 2465 1861 2492 of

1625 2501 1672 2526 the
1686 2501 1761 2526 word
1775 2499 1881 2525 utendi

69 2482 142 2513 335·
284 2477 387 2512 minii
412 2477 615 2522 primorum
640 2480 836 2520 parentum
861 2480 1071 2509 nostrorum
1096 2473 1184 2518 quid
1209 2474 1362 2507 verbum
1389 2473 1520 2507 utendi
1544 2473 1611 2507 im-

1788 165 1872 206 409

285 2541 419 2581 portat.
470 2534 599 2569 Solent
616 2533 716 2568 enim
741 2532 1013 2567 mundanarum
1038 2533 1160 2576 legum
1183 2531 1304 2566 edocti
1322 2538 1486 2566 astruere
1504 2542 1612 2565 usum
1626 2534 1652 2560 in
1667 2534 1714 2559 the
1727 2533 1848 2565 descrip-

287 2663 361 2697 qua
385 2649 522 2696 percipi
549 2654 669 2695 potest
696 2648 833 2683 utilitas
866 2647 1080 2684 substancia
1105 2647 1182 2682 eius
1209 2648 1322 2683 salva.
1372 2648 1407 2681 N
1413 2658 1455 2682 ec
1480 2647 1613 2681 modus

289 2709 350 2744 ille
377 2707 550 2753 loquendi
576 2707 721 2742 videtur
746 2717 768 2740 a
795 2717 901 2741 sacra
926 2706 1114 2751 Scriptura
1139 2705 1286 2751 penitus
1310 2705 1463 2740 alienus.
1512 2706 1613 2739 Ecce

289 2766 388 2804 enim
415 2768 507 2802 Gen.
526 2765 596 2800 xvi.
615 2765 637 2800 6
660 2764 842 2809 scribitur,
862 2765 965 2809 Ecce,
983 2765 1049 2809 ait,
1073 2765 1213 2799 ancilla
1237 2768 1305 2798 tua
1328 2765 1370 2798 in
1395 2774 1512 2798 manu
1537 2766 1590 2798 est
1595 2775 1615 2808 ,j

232 2609 274 2640 40
287 2605 362 2628 non
387 2604 496 2638 posse
514 2603 595 2626 esse
617 2590 669 2625 rei
693 2602 760 2625 usu
779 2602 843 2625 seu
860 2596 944 2625 actu
963 2589 1268 2634 consumptibilis,
1288 2595 1342 2624 set
1361 2588 1473 2623 solius
1497 2588 1548 2624 rei
1567 2589 1613 2624 de
1626 2566 1857 2634 issffisiligngmal
