2008 3305
212 204 299 232 CAP.
323 191 399 249 x1.]
700 202 847 234 LrssER
878 203 1071 236 PRIMUS.

100 318 200 361 27D]
213 315 341 363 gracia
370 314 477 352 cuius
504 314 708 353 inclinatus
737 316 795 353 vel
823 316 983 366 quiescit
1013 317 1051 353 in
1082 316 1172 354 loco
1201 318 1370 366 proprio,
1401 319 1540 359 resistit

212 385 284 422 sibi
303 385 508 431 contrario,
530 391 568 423 et
587 386 666 435 agit
685 387 922 424 extrinsecus
945 387 1134 436 quidquid
1161 388 1262 436 agit:
1292 395 1330 425 et
1349 401 1439 426 cum
1459 401 1540 427 non

210 461 339 505 potest
367 456 580 505 expergisci
610 456 659 494 ad
687 457 917 495 eliciendum
948 464 1078 496 actum
1107 459 1314 508 appetendi
1344 460 1541 509 propriam

209 526 470 575 existenciam,
502 526 599 565 sicut
636 533 764 577 potest
801 535 984 577 appetere
1031 541 1137 566 nunc
1184 529 1393 579 quiescere,
1435 542 1539 568 nunc

174 597 365 644 5moveri‚
401 598 615 636 secundum
646 598 754 647 quod
784 598 1000 636 destituitur
1032 612 1055 637 a
1084 599 1160 637 fine
1196 611 1266 637 suo
1300 600 1538 646 extrinseco;

209 668 379 716 sequitur
411 668 518 718 quod
554 668 856 718 inseparabiliter
886 676 923 707 et
955 670 1216 707 essencialiter
1248 670 1394 719 appetit
1426 682 1540 708 suum

207 750 303 776 esse.
376 737 428 776 Et
461 750 550 776 cum
585 739 806 788 inpossibile
840 740 887 776 sit
918 739 1129 789 quicquam
1167 747 1346 790 appetere
1385 741 1457 779 nisi
1490 753 1538 778 ex

207 809 350 846 noticia
387 809 631 859 precedente,
670 810 841 859 sequitur
878 809 986 860 quod
1023 811 1151 848 omnis
1189 811 1275 848 talis
1313 811 1538 849 substancia

207 879 323 917 habet
342 880 681 929 proporcionalem
710 880 895 918 noticiam
915 880 1140 927 naturalem,
1162 881 1280 918 modo
1301 894 1380 931 quo
1409 882 1537 931 primo

155 957 195 981 10
207 950 447 988 Phisicorum
481 951 625 997 dicitur,
654 950 791 999 Magis
824 955 908 988 nola
938 953 1071 988 nature
1099 953 1222 989 minus
1253 954 1399 1001 cognita
1432 964 1539 989 sensu

205 1021 337 1068 elz'cz‘la,
358 1026 395 1058 et
413 1027 584 1058 econtra.
640 1020 690 1057 Et
716 1032 805 1058 cum
826 1022 952 1058 omnis
972 1034 1033 1059 cre
1060 1028 1098 1059 ta
1121 1022 1261 1060 noticia
1284 1023 1539 1072 presupponit

206 1091 426 1140 potenciam
453 1091 513 1129 vel
533 1090 808 1129 sufficienciam
837 1092 891 1130 sic
920 1092 1128 1138 noscentis,
1159 1092 1329 1142 sequitur
1358 1093 1467 1142 quod
1497 1094 1536 1130 in

108 1162 356 1199 28Αο111111ἦε
387 1168 513 1200 creata
549 1162 726 1200 essencia
763 1161 938 1200 absoluta
975 1169 1034 1200 est
1081 1162 1172 1200 dare
1220 1163 1440 1212 potenciam
1479 1163 1538 1200 vel

205 1232 479 1271 sufficienciam
499 1232 549 1270 ad
576 1245 615 1271 se
635 1233 761 1282 ipsam
785 1233 1038 1279 noscendum,
1059 1233 1310 1280 actuandum‚
1330 1233 1537 1271 dicendum

153 1312 190 1344 15
205 1303 417 1349 intrinsece,
447 1303 505 1340 vel
535 1302 794 1342 formandum.
850 1303 900 1341 Et
930 1304 1087 1341 indubie
1117 1310 1263 1352 quanto
1293 1303 1377 1342 talis
1410 1310 1538 1353 potest

204 1385 245 1411 se
275 1385 436 1411 noscere
468 1373 527 1411 vel
558 1373 734 1419 formare,
756 1380 863 1411 tanto
894 1373 1112 1412 necessario
1142 1386 1182 1412 se
1217 1374 1428 1422 cognoscit.
1485 1373 1537 1413 Et

203 1455 294 1481 cum
327 1443 519 1493 appetitus
556 1455 638 1481 non
666 1449 794 1493 potest
822 1456 907 1482 esse
937 1450 1024 1482 ante
1058 1444 1259 1493 cognitum
1290 1444 1535 1493 acquisitum,

203 1513 371 1563 sequitur
390 1513 496 1563 quod
524 1525 622 1563 eque
652 1514 700 1552 ad
731 1513 1007 1552 sufficienciam
1035 1520 1072 1551 et
1101 1513 1352 1552 noscenciam
1381 1514 1422 1551 in
1450 1515 1535 1563 ipsa

203 1584 423 1622 naturaliter
438 1584 636 1634 quietatur.
692 1584 739 1622 In
760 1585 979 1623 substancia
995 1591 1125 1622 autem
1145 1584 1328 1622 materiali
1349 1584 1535 1634 distingu-

151 1663 192 1686 20
204 1661 316 1692 untur
343 1654 416 1692 ista
443 1655 514 1692 tria
543 1655 635 1692 satis
664 1655 861 1704 signanter
889 1655 1133 1701 abinvicem;
1178 1654 1269 1704 quia
1299 1654 1536 1693 sufficiencia

201 1732 259 1763 est
287 1725 445 1763 materia
472 1725 605 1774 prima,
627 1725 833 1763 noscencia
861 1731 990 1763 autem
1018 1731 1075 1762 est
1103 1724 1228 1762 forma
1257 1725 1535 1771 substancialis‚

202 1802 239 1833 et
260 1795 447 1845 quietacio
467 1801 524 1833 est
542 1795 635 1833 unio
656 1806 789 1832 earum
808 1795 848 1832 in
877 1795 1014 1833 eadem
1034 1794 1209 1833 essencia
1232 1794 1429 1843 Singulari.
1484 1794 1535 1833 Et

201 1878 249 1903 ex
273 1866 344 1903 ista
362 1865 514 1904 racione
534 1866 725 1903 convincit
744 1865 996 1914 Augustinus,
1015 1864 1226 1914 Octoginta
1246 1865 1359 1902 trium
1377 1864 1534 1912 Questi-

202 1948 322 1973 onum
342 1937 542 1985 questione
557 1936 669 1982 xviii„
683 1941 720 1974 et
740 1942 850 1974 sexto
872 1935 1022 1974 Musice
1043 1936 1126 1982 xvi„
1144 1935 1352 1973 trinitatem
1364 1935 1533 1973 increate

150 2020 189 2052 25
205 2006 432 2044 substancie.

257 2077 386 2114 Prima
419 2082 546 2114 autem
575 2082 613 2114 et
645 2075 908 2126 propriissima
942 2074 1150 2114 similitudo
1182 2073 1374 2125 possibilis
1402 2081 1459 2113 est
1492 2076 1532 2115 in

201 2148 335 2197 spiritu
366 2154 492 2186 creato
523 2147 699 2197 angelico
729 2147 787 2185 vel
819 2147 1004 2193 humano,
1041 2147 1107 2184 ubi
1137 2147 1336 2191 memoria,
1370 2159 1445 2196 que
1476 2152 1532 2184 est

201 2219 378 2269 potencia
407 2218 594 2257 retinendi
623 2218 835 2268 cognitum,
855 2217 1058 2268 principiat
1086 2218 1283 2256 racionem
1306 2217 1364 2255 vel
1398 2217 1531 2255 intelli-

314 2359 353 2375 11.
373 2348 473 2375 elicita
485 2348 609 2374 conieci:
628 2348 710 2374 codd.
721 2348 823 2374 elicito.
999 2355 1038 2379 15.
1056 2350 1183 2380 quanto:
1205 2347 1286 2374 codd.
1302 2350 1420 2380 quante.

456 2391 496 2414 24.
514 2383 543 2408 et
555 2383 583 2407 6ο
596 2382 669 2407 mum
683 2383 726 2408 16⁰
740 2381 908 2408 trinitatem
921 2380 961 2407 A2
970 2379 993 2407 B
1003 2381 1027 2408 C
1038 2387 1046 2408 ι
1064 2381 1165 2407 lacuna
1177 2380 1206 2407 in
1219 2381 1266 2409 Al.

247 2491 295 2514 10.
313 2481 414 2514 Arist.
438 2481 535 2523 Phys.
552 2483 574 2514 i.
595 2492 608 2514 1
627 2493 660 2524 p.
680 2482 743 2523 184
757 2491 799 2514 a:
823 2482 862 2514 cf.
878 2481 999 2513 Thom.
1017 2481 1140 2523 Aquin.
1153 2481 1195 2513 ad
1217 2481 1292 2521 loc„
1309 2482 1398 2524 Opp.
1418 2491 1445 2513 2.
1467 2491 1479 2512 1
1500 2481 1527 2519 b,

200 2534 250 2565 ed.
268 2534 426 2574 Antwerp
446 2535 538 2564 1612.

249 2594 263 2614 2
269 2594 297 2624 3.
317 2585 455 2625 August.
473 2585 513 2616 de
536 2585 601 2616 div.
620 2585 753 2625 Quaest.
771 2584 897 2615 lxxxiii.
918 2585 956 2615 18
972 2595 979 2616 ε
1005 2584 1112 2615 Omne
1128 2584 1217 2626 quod
1233 2588 1281 2615 est
1298 2583 1388 2615 aliud
1401 2588 1448 2615 est
1461 2594 1526 2625 quo

199 2640 338 2672 constat,
355 2636 445 2667 aliud
461 2647 526 2678 quo
536 2636 740 2674 discernitur,
757 2641 789 2667 et
805 2636 894 2666 aliud
911 2646 975 2676 quo
992 2636 1142 2676 congruit
1155 2659 1181 2667 ..
1197 2661 1204 2667 .
1221 2635 1382 2667 Caussam
1400 2645 1529 2677 quoque

201 2687 269 2718 eius
289 2687 484 2728 [creaturae]
502 2688 622 2719 trinam
638 2698 707 2720 esse
720 2691 860 2729 oportet,
879 2697 943 2728 qua
959 2687 1011 2726 sit,
1028 2697 1092 2728 qua
1106 2687 1172 2719 hoc
1188 2688 1241 2726 sit,
1260 2698 1324 2729 qua
1341 2687 1402 2719 sibi
1420 2687 1528 2719 amica

202 2740 262 2770 sit:
288 2739 374 2780 Opp.
392 2739 424 2777 6,
441 2749 461 2780 4
478 2748 512 2775 G,
529 2748 546 2778 5
564 2748 597 2770 A.

249 2799 296 2830 ²4·
316 2790 427 2822 Eiusd.
446 2791 486 2822 de
504 2790 632 2823 Musica
647 2790 688 2822 vi.
709 2797 745 2831 17
763 2793 777 2828 ξ
792 2790 844 2830 56,
860 2790 949 2832 Opp.
972 2799 998 2821 1.
1018 2797 1078 2832 537
1091 2798 1123 2827 F,
1141 2791 1201 2832 538
1215 2798 1250 2823 A.

821 2864 886 2889 G2
