2008 3305
201 193 284 235 130

202 515 310 548 having
324 515 371 540 the
384 515 443 540 sear

205 550 236 576 of
247 550 294 575 the
308 549 382 575 Lord

206 746 236 763 as
251 745 324 767 sons,

207 804 258 828 but
271 812 306 828 no
320 803 378 828 sear
391 802 423 827 of

207 836 342 869 suffering
356 845 386 862 or
399 836 448 861 sin.

876 188 941 219 DE
974 186 1188 219 DOMrNro
1220 186 1392 218 Drero
1605 174 1710 232 [CAP.
1733 186 1801 214 xv.

480 302 570 350 quia
602 300 675 338 Dei
709 301 801 346 iura,
830 307 867 338 et
901 306 1046 338 ceteras
1077 300 1251 337 veritates
1286 299 1447 336 omnino
1481 297 1711 343 immobiles,
1751 301 1808 333 est
1821 298 1916 338 [43B

481 383 636 408 securus
657 371 738 408 sine
758 370 889 408 charta
904 370 1150 419 superaddita
1170 370 1216 407 de
1237 369 1444 407 hereditate
1467 374 1659 418 perpetua.
1690 366 1809 413 Quod

482 442 511 478 si
532 441 694 478 obicitur
715 441 820 490 quod
848 441 949 478 beati
976 453 1127 489 semper
1146 440 1334 485 timerent,
1356 451 1444 477 cum
1470 439 1594 476 sciunt
1624 450 1663 476 se
1688 438 1809 475 eciam

483 523 587 548 nunc
626 523 739 559 posse
779 511 1000 560 delinquere
1039 517 1076 547 et
1110 510 1322 559 dampnari,
1357 509 1582 546 conceditur
1613 513 1810 556 assumpta

485 581 692 625 conclusio,
722 593 812 618 cum
851 582 961 618 timor
990 580 1152 617 Domini
1183 584 1331 617 sanctus
1359 584 1554 628 permanet
1581 580 1620 616 z'n
1654 579 1842 620 seculum5

483 653 602 689 seculi.
670 652 947 689 Verumtamen
984 652 1085 689 beati
1119 657 1395 688 evacuaverunt
1426 651 1603 687 timorem
1633 649 1812 698 penalem

484 723 586 760 filiali
607 729 766 768 servato,
790 734 878 759 cum
899 722 1022 759 sciunt
1043 734 1081 759 se
1106 733 1190 759 esse
1210 721 1249 757 in
1276 727 1373 758 statu
1393 721 1453 758 cui
1473 726 1662 769 repugnat
1681 730 1813 756 coesse

486 794 544 831 vel
569 793 773 831 succedere
802 799 978 838 mortem,
1000 792 1206 837 miseriam,
1227 791 1286 828 vel
1311 797 1538 840 peccatum:
1569 796 1607 827 et
1630 790 1679 827 ad
1706 789 1813 826 illum

487 876 644 902 sensum
678 863 810 900 dicunt
843 863 965 900 sancti
994 862 1099 912 quod
1130 862 1231 899 beati
1263 868 1351 899 sunt
1390 861 1638 907 immortales,
1668 860 1814 909 impec-

487 935 641 980 cabiles,
672 940 708 971 et
738 933 995 982 impunibiles,
1026 945 1107 970 non
1137 933 1227 982 quia
1256 944 1335 969 non
1364 938 1527 981 possunt
1556 932 1595 968 in
1623 931 1721 976 talia,
1747 929 1815 968 sed
1830 942 1868 964 10

488 1005 578 1055 quia
612 1010 700 1041 sunt
733 1004 773 1040 in
805 1009 905 1040 statu
936 1003 997 1040 cui
1030 1009 1220 1051 repugnat
1255 1003 1484 1040 coassistere
1518 1002 1576 1039 vel
1612 1000 1816 1039 succedere

488 1076 584 1114 tales
622 1075 806 1111 miserias.
880 1073 1040 1110 Viantes
1080 1080 1208 1110 autem
1242 1074 1281 1110 in
1315 1073 1444 1121 gracia
1472 1078 1625 1121 gratum
1654 1071 1817 1109 faciente

490 1145 704 1184 secundum
724 1151 922 1194 preentem
943 1144 1133 1181 iusticiam
1162 1143 1246 1180 licet
1268 1143 1343 1181 sint
1372 1143 1410 1179 in
1431 1149 1529 1180 statu
1549 1143 1610 1180 cui
1629 1147 1819 1191 repugnat

490 1216 651 1254 mortale
681 1215 895 1264 piaculum:
935 1226 1015 1251 non
1044 1220 1175 1252 tamen
1204 1220 1393 1263 repugnat
1425 1214 1652 1262 penalitates
1681 1212 1820 1250 multas

492 1287 564 1325 sibi
602 1298 734 1323 coesse
772 1292 809 1322 et
847 1284 1172 1334 dampnacionem
1221 1290 1393 1322 eternam
1441 1284 1655 1321 succedere.
1724 1283 1819 1321 Ideo
1835 1295 1874 1327 15

494 1357 677 1395 securitas
721 1356 841 1405 patrie
880 1362 937 1392 est
975 1355 1147 1392 maxima
1180 1366 1269 1404 pars
1315 1355 1561 1392 beatitudinis
1609 1354 1821 1392 secundum

494 1427 692 1476 multiplex
723 1426 998 1472 testimonium,
1037 1438 1128 1462 cum
1162 1437 1293 1462 secure
1331 1425 1450 1474 replet
1488 1425 1595 1462 omni
1628 1426 1822 1462 bonorum

495 1511 635 1548 genere
654 1510 725 1546 pro
746 1509 816 1534 suo
837 1503 1024 1545 perpetuo
1045 1502 1081 1533 et
1110 1496 1221 1545 plene
1241 1495 1346 1545 pellit
1366 1508 1502 1533 omnes
1532 1495 1716 1533 miserias.
1772 1495 1824 1532 Et

498 1570 529 1606 si
548 1569 788 1605 inveniantur
808 1567 987 1604 doctores
1007 1567 1065 1603 vel
1088 1566 1282 1615 Scriptura
1302 1579 1446 1616 ponere
1467 1566 1686 1605 huiusmodi
1706 1578 1824 1615 nega-

497 1640 603 1684 tivas,
628 1638 761 1675 ‘Beati
781 1650 861 1675 non
887 1644 1049 1687 possunt
1079 1638 1300 1687 delinquere
1321 1636 1544 1683 eeclesiam,'
1566 1636 1823 1675 modificande
1838 1647 1879 1670 20

499 1716 588 1747 sunt
618 1709 853 1757 negaciones
884 1708 933 1745 ad
962 1720 1119 1746 sensum
1147 1709 1409 1757 compositum
1434 1715 1470 1746 et
1494 1716 1635 1746 statum
1661 1709 1824 1745 beatitu-

500 1780 599 1818 dinis
615 1778 632 1798 *
651 1780 747 1816 sicut
767 1791 883 1827 supra
899 1791 909 1824 ,·
940 1784 977 1815 et
1002 1785 1127 1815 certus
1148 1791 1233 1815 sum
1254 1779 1360 1828 quod
1381 1791 1496 1816 nemo
1523 1779 1689 1816 inveniet
1712 1779 1824 1816 aliam
1838 1789 1866 1819 o

501 1851 739 1888 solucionem
763 1856 1080 1898 argumentorum
1102 1848 1148 1886 de
1174 1850 1398 1887 necessitate
1425 1850 1649 1895 futurorum,
1671 1850 1739 1887 etsi
1758 1861 1827 1898 per

501 1928 581 1959 tam
610 1921 798 1958 diutinam
818 1920 934 1957 vitam
964 1920 1062 1957 sicut
1082 1920 1174 1956 vixit
1197 1919 1458 1957 Mathusalem
1489 1921 1675 1958 studuerit
1703 1932 1826 1970 quan-

502 1992 680 2029 tumlibet
711 1991 922 2040 diligenter.
998 1990 1099 2028 Vere
1129 1991 1285 2039 quidem
1315 1991 1556 2029 concluditur
1576 1992 1682 2041 quod
1711 2003 1826 2028 omne
1842 1998 1880 2031 25

504 2063 675 2100 futurum
696 2074 742 2098 ex
770 2061 1065 2110 preordinancia
1093 2061 1166 2098 Dei
1188 2068 1245 2098 est
1271 2062 1530 2100 necessarium
1555 2062 1730 2108 evenire;
1760 2062 1829 2099 sed

505 2134 600 2171 sicut
613 2138 738 2181 potest
752 2144 835 2169 esse
850 2132 954 2182 quod
970 2132 1077 2170 Deus
1091 2144 1171 2169 non
1188 2132 1241 2169 sic
1257 2133 1525 2181 preordinavit,
1539 2133 1643 2181 quod
1657 2133 1829 2170 Christus

505 2204 561 2241 vel
585 2203 779 2252 Scriptura
801 2215 910 2240 sacra
930 2215 1009 2240 non
1032 2203 1084 2240 sic
1106 2203 1275 2248 asseruit,
1296 2215 1367 2240 nec
1388 2203 1494 2252 quod
1518 2204 1598 2241 eius
1620 2203 1829 2252 discipulus

505 2273 773 2324 promulgavit,
805 2273 858 2310 sic
880 2278 1007 2321 potest
1036 2284 1119 2310 esse
1140 2273 1245 2322 quod
1265 2273 1535 2322 prophetatum
1558 2286 1580 2310 a
1601 2273 1753 2311 Christo
1772 2273 1831 2310 vel

507 2345 588 2382 eius
609 2343 798 2392 discipulo
818 2355 898 2380 non
919 2343 1129 2392 contingat,
1145 2350 1182 2381 et
1203 2350 1258 2381 est
1278 2344 1420 2393 paritas
1440 2345 1710 2394 contingencie
1726 2351 1830 2382 utro·
1843 2361 1885 2392 30

507 2416 634 2464 bique.

542 2544 581 2564 12,
598 2543 637 2566 13.
659 2533 813 2565 [facz'enh‘e
833 2552 838 2558 .
853 2532 1046 2562 ..z‘usz‘zTcz‘am
1060 2533 1125 2558 licet
1134 2532 1219 2566 s]z'nt.
1235 2553 1241 2559 .
1255 2553 1261 2559 .
1277 2535 1452 2565 repugrffatJ.
1489 2533 1613 2559 Litterae
1622 2532 1833 2559 uncisinelusae

508 2568 535 2594 in
549 2568 646 2593 charta
659 2576 741 2598 super
754 2567 883 2592 lacunam
896 2566 997 2591 obsuta
1010 2566 1037 2591 in
1051 2567 1111 2591 cod.
1127 2567 1153 2591 A
1166 2567 1295 2599 suppleta
1308 2573 1380 2592 sunt.
1537 2576 1574 2600 19.
1595 2568 1743 2599 scrzptura
1757 2567 1781 2592 A
1792 2567 1830 2592 C:

508 2603 686 2633 scrzssbturam
708 2600 738 2625 B.
775 2602 784 2629 ΙΙ
796 2603 904 2632 ponere
924 2600 946 2624 B
960 2599 980 2624 f.
995 2609 1040 2631 231
1058 2608 1082 2624 D.
1240 2610 1280 2632 24.
1300 2601 1502 2626 Mathusalem
1522 2601 1562 2626 A:
1588 2601 1770 2625 Affatusalem
1790 2600 1831 2625 C:

508 2635 673 2660 Matussale
689 2633 718 2658 B.
867 2643 907 2665 29.
925 2634 965 2658 sic
980 2633 1001 2658 B
1014 2633 1036 2659 C
1049 2633 1076 2664 (e
1088 2632 1164 2658 sicut
1177 2637 1358 2665 correctum:
1377 2634 1453 2660 sicut
1466 2635 1499 2660 A.
1531 2634 1739 2666 prophetatum
1755 2633 1776 2659 B
1791 2633 1831 2659 C:

503 2669 643 2701 propheta
654 2676 718 2693 cum
729 2668 762 2693 A.

997 2779 1026 2809 5.
1052 2769 1162 2801 Psalm
1179 2769 1266 2801 xviii.
1289 2780 1336 2802 10.
