2095 3278
60 201 328 259 CAP.XXV11.]
606 212 668 243 DE
704 213 944 245 PAUPERIE
977 213 1293 246 sALVAToms.
1792 216 1878 257 419

167 315 263 355 3413]
278 315 448 350 donante.
499 315 642 349 Titulus
669 315 831 360 quidem,
858 315 1007 358 scilicet,
1037 316 1187 361 passiva
1218 316 1379 351 donacio
1412 316 1600 360 naturalis,

277 379 331 407 est
346 372 489 415 forcior,
502 372 675 417 quoniam
691 373 835 407 forciori
849 374 1067 409 auctoritate
1080 373 1242 418 fulcitur;
1268 375 1371 409 Deus
1386 374 1486 409 enim
1500 374 1598 409 illum

277 429 423 464 titu]um
438 429 604 473 instituit,
617 430 825 474 auctorizat,
841 432 1032 475 approbat,
1044 438 1079 466 et
1095 432 1286 466 confirmat
1303 444 1310 466 :
1337 432 1463 466 titulus
1474 438 1599 466 autem

276 487 393 522 civilis
419 487 572 521 dominii
600 499 664 532 per
693 488 938 523 donacionem
968 488 1113 523 civilem
1143 489 1302 524 activam
1332 490 1531 524 translatus
1561 489 1598 524 in

57 548 258 589 approbatur
277 556 500 589 quemquam
516 545 563 578 ab
582 544 741 588 homine,
757 546 924 589 quamvis
943 545 1169 590 aliquociens
1187 547 1423 591 approbetur,
1442 546 1597 582 auctori-

59 599 89 622 Β·
275 608 381 645 zetur,
395 608 430 636 et
444 602 681 636 confirmetur
695 613 716 636 a
731 603 823 645 Deo,
838 614 903 647 per
917 603 986 637 hoc
1001 604 1099 648 quod
1115 605 1218 638 Deus
1233 604 1399 639 concedit
1413 604 1597 648 aliquibus

56 635 212 676 “nfirm'
231 642 260 665 B.
275 660 373 704 quod
397 665 551 703 possunt
575 660 734 694 condere
755 661 846 695 tales
869 661 969 704 leges
993 661 1166 704 donandi,
1184 672 1372 706 nunquam
1395 668 1519 696 tamen
1540 673 1597 696 re-

275 716 384 761 periri
408 722 527 761 potest
552 717 739 751 institutus
766 728 788 751 a
808 718 903 760 Deo,
921 724 976 752 set
999 718 1118 753 solum
1139 718 1186 753 ab
1213 718 1362 753 homine
1385 730 1429 753 ex
1450 719 1597 754 malicia

56 790 162 820 supra,
178 791 233 822 pp.
276 774 493 819 precedente
525 774 578 818 (ut
609 774 680 808 iam
711 786 821 819 supra
849 775 1118 820 ostendimus);
1154 788 1238 811 cum
1271 776 1364 811 tituli
1398 777 1595 820 naturales,

54 824 116 862 368
133 834 220 865 seqq·
277 843 368 877 quos
392 833 495 866 Deus
520 831 675 867 instituit
699 832 869 867 omnibus
893 833 986 868 iuste
1012 833 1221 868 viventibus
1248 834 1284 868 in
1308 834 1481 878 presenti,
1501 834 1596 869 sicut

272 889 539 931 innocentibus,
557 890 699 934 possint
723 891 889 925 sufficere
908 892 957 925 ad
975 891 1255 935 transigendum
1281 891 1475 926 utilissime
1498 892 1596 926 hanc

270 947 385 982 vitam
403 948 608 981 mortalem.
661 948 766 990 Item,
786 948 854 983 iste
878 948 1004 983 titulus
1027 948 1203 983 naturalis
1226 949 1472 994 possessionis
1497 960 1594 984 com·
1607 961 1630 978 2·
1644 952 1706 978 The
1718 952 1832 991 §haring
1844 953 1877 980 ot·

1607 994 1764 1018 possessmn
1780 987 1826 1012 be-

270 1004 454 1039 municate
469 1004 571 1039 titulo
588 1004 685 1039 civili
705 1016 922 1050 quocunque
942 1017 985 1041 ex
1001 1017 1046 1041 eo
1064 1007 1209 1041 videtur
1227 1006 1399 1049 securior,
1418 1006 1594 1051 quoniam
1607 1024 1697 1045 tween
1711 1020 1758 1045 the
1771 1020 1850 1058 giyer

268 1074 290 1096 a
308 1062 472 1107 pluribus
496 1062 542 1098 de
568 1062 712 1097 iusticia
734 1069 790 1098 est
811 1064 981 1106 tuendus,
1001 1064 1150 1106 scilicet,
1169 1076 1191 1099 a
1209 1064 1403 1099 donatario
1420 1071 1455 1099 et
1474 1065 1593 1099 eciam
1605 1053 1855 1119 Ξὲἓτζῇξὲξξξζζῗ

216 1129 253 1160 15
267 1132 289 1154 a
308 1121 434 1155 datore
450 1132 458 1162 ;
486 1120 663 1165 quoniam
681 1132 739 1155 res
757 1127 922 1156 remanet
938 1122 984 1156 ab
1003 1128 1156 1166 utroque
1173 1133 1257 1157 vere
1272 1133 1465 1166 possessa;
1494 1123 1592 1157 unde
1605 1119 1845 1179 {figffgg'egssffille

270 1183 421 1223 uterque
438 1184 582 1213 tenetur
598 1190 682 1213 eam
699 1185 737 1213 ut
756 1190 861 1213 suam
875 1180 967 1214 tueri
984 1191 990 1214 ε
1019 1190 1092 1214 non
1110 1186 1236 1214 autem
1254 1187 1309 1214 est
1329 1180 1378 1214 ita
1396 1180 1456 1214 ubi
1471 1187 1588 1215 trans·
1604 1186 1771 1225 ροεεεεείοῃ,
1786 1186 1861 1213 since

270 1235 383 1270 fertur
403 1235 458 1270 ius
486 1235 674 1271 donatoris
701 1248 745 1271 ex
765 1243 853 1279 toto,
873 1236 1048 1282 quoniam
1074 1238 1123 1272 ibi
1150 1236 1295 1272 iusticia
1318 1248 1393 1271 non
1415 1237 1526 1282 exigit
1553 1245 1591 1273 ut
1603 1219 1871 1279 ξξᾞξὲἵζῗῗῃὴῇνε

268 1294 425 1328 donator
438 1293 577 1328 donum
596 1300 725 1328 contra
742 1294 964 1330 extrinsecos
983 1301 1137 1330 tueatur.
1188 1297 1293 1338 Item,
1312 1295 1436 1330 titulus
1460 1296 1517 1331 ille
1535 1301 1590 1330 est
1604 1312 1627 1334 3.
1642 1303 1803 1335 According
1816 1309 1845 1330 to

49 1355 125 1388 Act.
140 1355 174 1387 ii.
192 1366 242 1398 44.
266 1351 394 1386 iustior
419 1362 529 1396 quam
554 1351 679 1386 titulus
706 1352 834 1395 civilis,
853 1352 939 1397 quia
964 1358 1020 1387 est
1045 1353 1268 1387 conformior
1292 1353 1495 1397 apostolice
1521 1354 1589 1398 legi
1602 1336 1826 1401 {iffiffigpgltlhe

212 1421 252 1442 20
266 1408 474 1452 iustissime,
494 1420 566 1453 qua
589 1409 713 1443 omnia
734 1409 870 1445 debent
895 1421 977 1445 esse
1000 1410 1232 1455 communia3
1260 1411 1318 1445 cui
1340 1411 1409 1455 legi
1432 1411 1468 1445 in
1489 1412 1589 1446 omni
1602 1403 1860 1463 ᾗᾞᾏὲἰῗξζῐῇξοξῗ

265 1478 352 1500 casu
380 1466 541 1501 detrahit
567 1465 673 1501 civile
699 1467 914 1502 dominium.
964 1469 1046 1503 Nec
1072 1468 1219 1503 dubitas
1250 1469 1337 1513 quin
1363 1469 1490 1504 titulus
1517 1469 1588 1504 alio
1732 1513 1738 1519 .

265 1524 394 1558 iustior
411 1530 467 1559 est
483 1524 555 1558 alio
573 1524 705 1559 forcior
723 1525 800 1560 sive
818 1525 982 1560 validior.
1034 1527 1139 1570 Item,
1158 1526 1257 1561 istud
1274 1526 1396 1570 magis
1420 1526 1590 1562 clarescit
1601 1513 1826 1580 ssgffssaelffifff

265 1593 309 1616 ex
327 1582 608 1627 comparacione
631 1582 767 1627 vigoris
792 1583 989 1627 titulorum,
1009 1595 1095 1618 cum
1119 1583 1227 1618 simul
1255 1595 1299 1618 ex
1319 1585 1476 1619 adverso
1500 1596 1587 1619 con·
1600 1581 1830 1646 {egsssisssstigugoed

47 1649 125 1681 inst.
143 1659 183 1680 ex
197 1649 226 1681 d,
266 1646 414 1674 currunt
432 1640 480 1674 ad
498 1651 615 1675 usum.
666 1640 736 1685 Qui
755 1641 853 1676 enim
871 1642 983 1676 habet
1001 1641 1274 1686 possessionem
1299 1642 1505 1677 naturalem
1531 1643 1586 1677 in·
1599 1647 1708 1675 claims-

47 1692 118 1723 hui.
136 1703 201 1724 om.
220 1701 250 1724 B·
265 1697 433 1733 stitutam
451 1709 495 1732 ex
509 1697 714 1733 donacione
732 1698 942 1733 huiusmodi
962 1699 1161 1742 mediante,
1177 1699 1237 1733 illa
1251 1711 1290 1734 re
1304 1711 1475 1744 possessa
1493 1700 1587 1736 iuste

263 1762 298 1790 et
317 1756 429 1790 libere
446 1756 576 1790 saltem
595 1755 632 1789 in
650 1767 737 1790 casu
760 1756 968 1800 indigencie
987 1756 1037 1790 uti
1056 1763 1188 1801 potest,
1207 1768 1425 1802 quocunque
1443 1757 1515 1792 alio
1532 1758 1585 1792 di-

263 1813 336 1847 vite
360 1824 424 1848 Seu
446 1824 607 1857 paupere
630 1814 873 1857 reclamante3
902 1814 1042 1849 habens
1068 1814 1271 1848 dominium
1297 1815 1516 1859 acquisitum
1538 1816 1585 1850 ab

263 1870 412 1905 homine
437 1882 520 1905 cum
545 1871 779 1915 possessione
803 1872 980 1906 conformi
1006 1873 1084 1907 solo
1107 1872 1212 1907 titulo
1236 1872 1451 1907 donacionis
1470 1873 1585 1908 civilis

262 1939 337 1962 non
350 1934 469 1973 potest
484 1929 577 1963 iuste
592 1928 643 1963 uti
656 1941 695 1964 re
709 1929 769 1963 illa
783 1941 954 1974 possessa
968 1930 1005 1964 in
1020 1941 1106 1964 casu
1121 1929 1328 1974 indigencie
1342 1930 1475 1965 virtute
1488 1930 1583 1966 tituli

207 1998 248 2028 30
262 1985 367 2029 illius,
395 1985 567 2030 intelligo,
594 1986 780 2031 indigente
808 1998 970 2031 paupere
996 1988 1230 2030 reclamante,
1261 1987 1346 2032 quia
1380 1989 1583 2023 secundum

260 2044 379 2087 legem
398 2043 468 2078 Dei
488 2044 641 2078 debetur
658 2055 702 2078 eo
726 2056 813 2079 casu
837 2045 987 2089 pauperi
1007 2045 1202 2088 indigenti:
1231 2045 1387 2079 validior
1402 2045 1510 2089 igitur
1526 2052 1583 2081 est

261 2100 388 2135 titulus
414 2112 458 2136 ex
483 2101 690 2136 donacione
716 2102 871 2136 naturali
898 2102 1110 2137 naturaliter
1135 2103 1359 2147 possidentis
1385 2114 1495 2148 quam
1518 2115 1583 2148 per

262 2157 504 2193 donacionem
523 2158 666 2193 civilem
684 2159 809 2194 titulus
828 2160 980 2194 civiliter
998 2160 1233 2202 dominantis,
1247 2172 1331 2194 cum
1350 2160 1583 2204 singulariter

261 2215 425 2260 intelligo
451 2223 729 2261 comparanter3
756 2229 894 2259 verum,
913 2217 1081 2262 quamvis
1106 2218 1247 2253 habens
1273 2218 1417 2253 civilem
1435 2219 1581 2254 titulum

207 2285 246 2315 35
262 2273 312 2307 rei
327 2273 553 2318 cuiusquam,
565 2274 596 2308 si
610 2274 763 2308 forsitan
779 2275 969 2318 indigeret,
983 2281 1107 2319 posset
1121 2276 1172 2309 uti
1191 2287 1230 2310 re
1247 2275 1307 2309 illa
1325 2287 1389 2320 pre
1401 2276 1493 2318 aliis,
1509 2277 1579 2311 hoc

261 2342 334 2365 non
350 2338 447 2366 esset
466 2332 613 2366 racione
630 2332 722 2366 tituli
740 2332 823 2367 talis
841 2332 968 2376 civilis,
983 2339 1038 2367 set
1055 2332 1202 2368 racione
1220 2333 1314 2367 tituli
1332 2334 1520 2368 naturalis.

308 2390 398 2423 IOH.
426 2390 528 2423 Istud
546 2401 619 2423 non
638 2390 756 2424 video.

310 2447 395 2481 RIC.
423 2446 642 2481 Probacioni
677 2447 835 2482 attende.
888 2448 986 2482 Pone
1019 2447 1221 2482 habentem
1255 2447 1399 2482 titulum
1432 2448 1579 2484 civilem

260 2514 324 2547 per
349 2510 540 2548 peccatum
563 2505 767 2539 naturalem
788 2504 934 2539 titulum
959 2504 1149 2539 amisisse:
1178 2516 1261 2539 cum
1288 2505 1366 2550 ipse
1389 2513 1476 2541 tunc
1499 2518 1578 2542 rern

203 2570 246 2601 40
260 2561 424 2595 debitam
441 2573 486 2596 eo
504 2573 591 2596 casu
609 2563 758 2607 pauperi
786 2569 982 2607 occuparet
1009 2562 1153 2605 iniuste,
1172 2563 1323 2597 omnino
1344 2563 1578 2608 consequitur

259 2619 357 2662 quod
383 2630 522 2663 pauper
547 2626 633 2654 tunc
659 2620 770 2654 habet
796 2620 843 2654 ad
870 2632 946 2655 rem
973 2620 1070 2654 illam
1095 2620 1229 2655 iustum
1255 2621 1413 2663 titulum,
1439 2627 1475 2656 et
1501 2632 1577 2656 non

259 2676 317 2710 ille
333 2689 341 2718 ;
369 2677 538 2721 quamvis
556 2677 691 2711 habeat
713 2678 818 2713 civile
837 2678 1041 2712 dominium
1065 2678 1268 2712 secundum
1286 2679 1397 2722 leges,
1415 2680 1514 2723 quod
1532 2690 1576 2714 eo

165 2737 246 2767 35A
260 2745 358 2776 casu,
378 2734 462 2778 quia
487 2745 551 2778 per
576 2734 799 2769 iniusticiam
823 2736 1057 2777 deformatur,
1078 2735 1094 2754 ³⁵
1110 2747 1185 2770 non
1211 2742 1369 2771 meretur
1395 2736 1467 2770 dici
1491 2748 1575 2772 vere

259 2791 471 2826 dominium.
532 2793 662 2827 Nullus
697 2793 794 2828 enim
820 2799 941 2838 potest
968 2793 1153 2838 ambigere
1180 2794 1266 2839 quin
1293 2805 1431 2839 pauper
1457 2794 1574 2830 iustus

882 2860 1005 2892 Eez
