2008 3305
154 201 234 232 202

361 1816 388 1844 ii.

348 2452 387 2479 iii.

833 199 898 232 DE
931 199 1147 234 DOMINIO
1181 199 1358 232 mero
1601 188 1706 248 [CAP.
1729 203 1757 232 1.

433 314 583 354 donans
603 315 815 366 quidquam
835 317 938 355 alteri
959 317 1096 354 alienet
1117 329 1139 354 a
1167 329 1206 354 se
1228 317 1453 354 dominium.
1485 316 1612 355 Potest
1633 323 1669 354 et
1688 316 1761 354 hoc
1779 318 1878 361 [69D

432 387 628 436 tripliciter
653 387 884 425 confirmari.
946 386 1087 433 Primo,
1110 388 1237 437 posito
1258 387 1362 437 quod
1391 388 1524 426 Petrus
1546 389 1649 425 solus
1674 399 1764 425 cum

432 468 500 495 sua
523 456 666 494 familia
691 457 831 495 habeat
858 458 1073 495 dominium
1102 470 1200 507 aque
1221 458 1278 496 vel
1308 458 1389 503 soli,
1417 458 1521 508 quod
1546 458 1763 496 communi-

432 535 560 565 catum
592 528 747 565 racione
780 528 1044 577 ampliacionis
1078 529 1271 578 possibilis
1302 541 1381 566 non
1412 529 1620 578 preiudicet
1648 540 1762 566 occu-

431 599 558 648 panti:
592 596 610 617 *
633 605 723 636 tunc
742 598 876 636 Petrus
897 606 1024 648 potest
1044 599 1189 637 donare
1211 599 1330 636 Paulo
1352 599 1566 636 dominium
1582 599 1672 637 dicti
1693 599 1762 637 soli
1775 606 1859 638 7οΑ

433 669 622 707 servando
657 670 727 707 sibi
759 682 857 719 eque
891 670 978 707 utile
1010 677 1047 707 et
1081 670 1239 719 plenum
1271 671 1486 708 dominium
1520 670 1616 708 sicut
1652 676 1763 716 ante;

432 752 526 789 ergo
547 740 594 777 de
622 740 780 778 racione
806 738 1032 778 donacionis
1052 741 1175 778 eciam
1201 741 1249 778 ab
1281 741 1438 778 homine
1468 752 1549 777 non
1577 747 1633 778 est
1657 740 1764 778 abdi-

432 811 541 848 cacio
571 811 624 849 rei
651 811 751 849 date.
808 811 925 849 Unde
952 818 988 849 et
1016 813 1069 849 sic
1099 812 1232 849 fuisset
1261 812 1301 848 in
1329 817 1429 848 statu
1458 811 1684 848 innocencie
1706 808 1764 861 (ut

432 889 536 931 patet
556 881 786 933 posterius);
817 883 883 919 ubi
895 890 1073 932 parentes
1089 883 1322 920 derivassent
1338 883 1377 919 in
1398 889 1571 931 posteros
1592 881 1765 918 dominia

431 953 708 999 subiectorum,
727 960 765 991 et
786 966 866 991 non
887 966 934 991 eo
954 954 1083 990 minus
1105 954 1174 991 sibi
1196 954 1289 1002 ipsis
1310 965 1443 990 eorum
1459 953 1574 1001 plena
1595 952 1764 990 dominia
1781 965 1820 988 10

433 1031 701 1063 reservassent.
770 1025 820 1062 Et
858 1025 1005 1062 videtur
1038 1037 1151 1062 casus
1186 1025 1294 1061 innui
1326 1023 1426 1061 Gen.
1459 1023 1586 1060 xxxiv.
1621 1036 1683 1068 21,
1717 1023 1765 1060 de

435 1096 586 1146 Sychen
614 1097 691 1134 filio
711 1096 833 1134 Emor
859 1102 896 1133 et
921 1096 1005 1132 filiis
1034 1095 1177 1132 Israel:
1208 1094 1469 1143 A⁷eg0czentur,
1493 1094 1613 1143 inquit
1640 1093 1765 1143 Scrip-

430 1173 527 1213 tura,
559 1169 599 1204 in
629 1172 731 1205 terra
764 1171 798 1204 et
828 1171 1025 1205 exerceant
1052 1179 1129 1203 eam
1164 1179 1231 1214 que
1262 1167 1428 1214 spaciosa
1462 1170 1495 1202 el
1518 1166 1595 1202 lata
1629 1165 1770 1214 indiget

431 1239 640 1276 cultoribus.
699 1237 782 1275 Nec
807 1239 917 1275 obest
937 1249 1028 1274 usus
1053 1237 1206 1282 amacio,
1229 1235 1417 1274 dominati
1442 1235 1686 1281 sustentacio,
1708 1235 1767 1272 vel

431 1309 623 1346 alienandi
654 1308 910 1354 difficultacio,
947 1308 1041 1357 quin
1073 1307 1266 1344 efficacius
1298 1313 1458 1356 possent
1487 1306 1765 1344 racionabiliter
1783 1313 1820 1345 15

432 1380 720 1418 communicato
741 1379 914 1417 dominio
935 1379 1113 1425 exerceri,
1136 1391 1254 1427 quam
1274 1378 1387 1415 Petro
1408 1378 1493 1415 solo
1514 1377 1766 1426 proprietario

433 1452 622 1488 existente
640 1463 647 1487 :
677 1462 772 1499 ergo
792 1462 873 1487 non
893 1456 949 1487 est
971 1449 1017 1487 de
1042 1450 1197 1487 racione
1219 1449 1444 1487 donacionis
1469 1449 1638 1485 humane
1659 1448 1767 1485 abdi-

432 1523 539 1561 cacio
564 1522 724 1559 dominii
752 1521 807 1559 rei
835 1520 932 1558 date.
990 1519 1074 1557 Nec
1104 1520 1264 1557 dubium
1294 1519 1526 1569 philosopho
1551 1519 1643 1569 quin
1671 1519 1767 1556 tales

434 1604 546 1631 casus
566 1599 727 1642 possent
747 1591 970 1629 naturaliter
990 1591 1227 1639 contingere,
1250 1591 1356 1640 quod
1382 1590 1622 1639 singulariter
1642 1589 1767 1627 domi-

434 1670 571 1701 nantes
599 1664 784 1701 deberent
803 1675 851 1700 ex
879 1661 1028 1711 epikeia
1050 1661 1338 1699 communicare
1361 1673 1429 1698 sua
1457 1661 1638 1706 dominia,
1661 1659 1767 1709 quod
1782 1667 1823 1689 20

434 1736 566 1783 utique
587 1735 635 1772 de
656 1735 734 1771 iure
755 1746 836 1771 non
865 1733 1044 1779 facerent,
1068 1732 1099 1769 si
1120 1732 1344 1782 proprietas,
1365 1732 1405 1768 in
1429 1738 1618 1781 quantum
1638 1731 1768 1768 huius-

436 1805 554 1851 modi,
576 1805 751 1842 meliorat
781 1804 1009 1841 dominium.
1069 1802 1249 1840 Secundo
1278 1809 1381 1851 patet
1407 1802 1509 1839 idem
1534 1802 1573 1838 in
1594 1801 1768 1838 dominio

435 1876 615 1914 violento.
645 1875 750 1912 Nam
771 1874 941 1924 capitalis
966 1873 1146 1910 dominus
1160 1880 1395 1922 conquestor
1411 1873 1531 1921 regni,
1549 1872 1770 1910 immediate

434 1953 522 1996 post
537 1946 772 1995 completum
788 1950 1056 1993 conquestum,
1067 1950 1275 1992 antequam
1289 1943 1358 1980 sibi
1368 1943 1579 1993 quidquam
1595 1943 1768 1991 apropri-

436 2017 565 2062 averit,
586 2022 713 2065 potest
739 2016 885 2053 donare
905 2027 974 2052 suo
995 2015 1102 2052 militi
1131 2014 1193 2052 vel
1222 2014 1357 2051 baroni
1381 2020 1526 2051 certum
1552 2013 1766 2050 dominium
1783 2020 1821 2053 25

435 2087 624 2125 servando
649 2088 730 2132 sibi,
758 2094 942 2136 tanquam
973 2084 1158 2135 capitali*
1176 2085 1348 2131 domino,
1381 2090 1528 2122 certum
1554 2084 1766 2129 servicium,
1782 2086 1813 2114 B

434 2159 557 2197 eciam
583 2159 708 2196 maius
732 2170 849 2208 quam
875 2158 979 2206 prius
1006 2157 1151 2202 habuit,
1173 2156 1231 2194 vel
1259 2156 1383 2193 eciam
1409 2155 1568 2193 haberet
1593 2155 1622 2192 si
1647 2161 1769 2192 totum

437 2236 694 2280 conquestum
732 2235 918 2278 tanquam
956 2227 1229 2277 proprietarius
1267 2227 1478 2276 possideret
1498 2239 1505 2264 :
1555 2238 1648 2274 ergo
1696 2230 1770 2262 stat

438 2301 640 2339 dominum
661 2307 749 2349 post
770 2299 1029 2337 donacionem
1047 2305 1211 2336 stantem
1228 2298 1369 2335 habere
1391 2297 1523 2334 donati
1540 2296 1766 2334 dominium.

438 2371 523 2409 Nec
550 2372 732 2408 minuitur
752 2371 948 2420 integritas
968 2370 1026 2406 vel
1055 2369 1254 2418 plenitudo
1284 2368 1444 2415 dominii
1474 2374 1632 2417 propter
1654 2366 1768 2404 facul·
1783 2376 1825 2409 30

437 2449 556 2480 tatem
576 2443 634 2479 vel
661 2442 881 2491 potenciam
909 2440 1104 2477 abutendi.
1162 2439 1305 2477 Tercio
1332 2445 1435 2488 patet
1459 2438 1561 2475 idem
1582 2438 1629 2475 de
1659 2449 1770 2475 servo

437 2526 565 2563 quem,
591 2512 758 2562 exempli
783 2512 922 2561 gracia,
945 2511 1190 2548 nominemus
1220 2510 1388 2555 Petrum,
1409 2522 1432 2546 a
1462 2509 1582 2546 Paulo
1609 2508 1769 2546 domino

437 2584 484 2621 de
504 2590 626 2621 morte
655 2583 972 2622 condicionaliter
995 2587 1270 2630 preservatum,
1291 2586 1331 2617 ut
1361 2580 1547 2629 quidquid
1576 2580 1770 2617 bonorum

438 2654 587 2693 fortune
616 2655 741 2704 ipsum
772 2654 913 2691 habere
939 2652 1139 2701 contigerit
1161 2652 1273 2689 cedat
1303 2651 1423 2689 Paulo
1454 2651 1492 2687 in
1522 2649 1679 2699 plenum
1701 2648 1770 2686 do-

473 2775 494 2789 1v
512 2764 578 2789 Post
592 2763 640 2789 lzoc
656 2764 676 2788 Β
691 2764 720 2788 in
735 2763 783 2788 lzoc
796 2762 901 2788 inserit.
965 2772 988 2788 2.
1005 2762 1096 2794 posita
1107 2761 1138 2790 Β,
1154 2769 1206 2786 om⁴
1221 2760 1245 2785 A
1256 2760 1287 2786 C.
1361 2769 1398 2785 12.
1412 2759 1521 2791 Syclzen
1535 2759 1576 2783 A:
1595 2757 1713 2789 Sychem
1729 2756 1766 2781 B:

437 2798 550 2823 Sz'clzem
564 2798 594 2823 C.
649 2800 657 2826 ΙΙ
668 2798 739 2828 filio
752 2797 773 2821 B
787 2797 799 2821 f
821 2806 867 2828 243
882 2804 903 2821 c.
1045 2805 1084 2827 23.
1105 2796 1188 2825 regni
1202 2794 1222 2819 B
1236 2801 1241 2819 Ξ
1261 2794 1336 2825 regis
1350 2794 1375 2818 A
1386 2793 1418 2819 C.
1540 2801 1579 2824 29.
1598 2791 1747 2816 dominnm

437 2832 530 2862 codd,
547 2837 576 2857 ut
590 2831 708 2860 videtur,
724 2831 893 2856 dominium.
