<?xml version="1.0" encoding="UTF-8"?>
<!DOCTYPE html PUBLIC "-//W3C//DTD XHTML 1.0 Transitional//EN"
    "http://www.w3.org/TR/xhtml1/DTD/xhtml1-transitional.dtd">
<html xmlns="http://www.w3.org/1999/xhtml" xml:lang="en" lang="en">
 <head>
  <title>
</title>
<meta http-equiv="Content-Type" content="text/html;charset=utf-8" />
  <meta name='ocr-system' content='tesseract 3.04.00' />
  <meta name='ocr-capabilities' content='ocr_page ocr_carea ocr_par ocr_line ocrx_word'/>
</head>
<body>
  <div class='ocr_page' id='page_1' title='image "./dedominiodivinol00wycl_0386.png"; bbox 0 0 2095 3278; ppageno 0'>
   <div class='ocr_carea' id='block_1_1' title="bbox 208 207 291 250">
    <p class='ocr_par' dir='ltr' id='par_1_1' title="bbox 208 207 291 250">
     <span class='ocr_line' id='line_1_1' title="bbox 208 207 291 250; baseline 0 0"><span class='ocrx_word' id='word_1_1' title='bbox 208 207 291 250; x_wconf 83' lang='lat'>330</span> 
     </span>
    </p>
   </div>
   <div class='ocr_carea' id='block_1_2' title="bbox 299 1293 479 1331">
    <p class='ocr_par' dir='ltr' id='par_1_2' title="bbox 299 1293 479 1331">
     <span class='ocr_line' id='line_1_2' title="bbox 299 1293 479 1331; baseline -0.017 0"><span class='ocrx_word' id='word_1_2' title='bbox 299 1293 479 1331; x_wconf 90' lang='lat' dir='ltr'>XXXIV.</span> 
     </span>
    </p>
   </div>
   <div class='ocr_carea' id='block_1_3' title="bbox 897 193 2033 254">
    <p class='ocr_par' dir='ltr' id='par_1_3' title="bbox 897 193 2033 254">
     <span class='ocr_line' id='line_1_3' title="bbox 897 193 2033 254; baseline 0.003 -17"><span class='ocrx_word' id='word_1_3' title='bbox 897 204 1101 237; x_wconf 80' lang='lat' dir='ltr'><strong>RICARDI</strong></span> <span class='ocrx_word' id='word_1_4' title='bbox 1135 204 1436 238; x_wconf 84' lang='lat' dir='ltr'><strong>ARMACHANI</strong></span> <span class='ocrx_word' id='word_1_5' title='bbox 1888 193 1988 254; x_wconf 75' lang='lat' dir='ltr'>[Lm.</span> <span class='ocrx_word' id='word_1_6' title='bbox 2004 209 2033 241; x_wconf 88' lang='lat'>1.</span> 
     </span>
    </p>
   </div>
   <div class='ocr_carea' id='block_1_4' title="bbox 486 307 1928 1213">
    <p class='ocr_par' dir='ltr' id='par_1_4' title="bbox 486 307 1928 470">
     <span class='ocr_line' id='line_1_4' title="bbox 487 307 1928 356; baseline 0.001 -12"><span class='ocrx_word' id='word_1_7' title='bbox 487 307 610 353; x_wconf 88' lang='lat' dir='ltr'>dendi,</span> <span class='ocrx_word' id='word_1_8' title='bbox 626 321 699 344; x_wconf 89' lang='lat' dir='ltr'>non</span> <span class='ocrx_word' id='word_1_9' title='bbox 711 309 875 353; x_wconf 84' lang='lat' dir='ltr'>dubium,</span> <span class='ocrx_word' id='word_1_10' title='bbox 888 316 949 344; x_wconf 90' lang='lat' dir='ltr'>aut</span> <span class='ocrx_word' id='word_1_11' title='bbox 962 310 1152 346; x_wconf 87' lang='lat' dir='ltr'>verissime</span> <span class='ocrx_word' id='word_1_12' title='bbox 1169 322 1212 345; x_wconf 88' lang='lat' dir='ltr'>ac</span> <span class='ocrx_word' id='word_1_13' title='bbox 1226 309 1478 355; x_wconf 83' lang='lat' dir='ltr'>propriissime</span> <span class='ocrx_word' id='word_1_14' title='bbox 1493 307 1591 344; x_wconf 86' lang='lat' dir='ltr'>dicta</span> <span class='ocrx_word' id='word_1_15' title='bbox 1604 308 1791 355; x_wconf 81' lang='lat' dir='ltr'>possessio</span> <span class='ocrx_word' id='word_1_16' title='bbox 1806 319 1814 353; x_wconf 82' lang='lat'>3</span> <span class='ocrx_word' id='word_1_17' title='bbox 1831 313 1928 356; x_wconf 84' lang='lat' dir='ltr'><strong>[14A</strong></span> 
     </span>
     <span class='ocr_line' id='line_1_5' title="bbox 486 368 1816 414; baseline 0.001 -12"><span class='ocrx_word' id='word_1_18' title='bbox 486 368 586 403; x_wconf 91' lang='lat' dir='ltr'>unde</span> <span class='ocrx_word' id='word_1_19' title='bbox 615 379 690 402; x_wconf 91' lang='lat' dir='ltr'>non</span> <span class='ocrx_word' id='word_1_20' title='bbox 721 374 866 412; x_wconf 86' lang='lat' dir='ltr'>oportet</span> <span class='ocrx_word' id='word_1_21' title='bbox 896 368 1085 412; x_wconf 79' lang='lat' dir='ltr'>ambigere</span> <span class='ocrx_word' id='word_1_22' title='bbox 1123 368 1210 414; x_wconf 88' lang='lat' dir='ltr'>quin</span> <span class='ocrx_word' id='word_1_23' title='bbox 1240 368 1440 413; x_wconf 86' lang='lat' dir='ltr'>possessio,</span> <span class='ocrx_word' id='word_1_24' title='bbox 1477 368 1570 403; x_wconf 86' lang='lat' dir='ltr'>sicut</span> <span class='ocrx_word' id='word_1_25' title='bbox 1600 369 1816 412; x_wconf 89' lang='lat' dir='ltr'>dominium,</span> 
     </span>
     <span class='ocr_line' id='line_1_6' title="bbox 487 425 1064 470; baseline 0.002 -11"><span class='ocrx_word' id='word_1_26' title='bbox 487 425 739 470; x_wconf 84' lang='lat' dir='ltr'>propriissime</span> <span class='ocrx_word' id='word_1_27' title='bbox 758 427 841 460; x_wconf 91' lang='lat' dir='ltr'>Deo</span> <span class='ocrx_word' id='word_1_28' title='bbox 859 426 1064 460; x_wconf 86' lang='lat' dir='ltr'>conveniat.</span> 
     </span>
    </p>

    <p class='ocr_par' dir='ltr' id='par_1_5' title="bbox 487 482 1850 702">
     <span class='ocr_line' id='line_1_7' title="bbox 537 482 1818 528; baseline 0.002 -11"><span class='ocrx_word' id='word_1_29' title='bbox 537 484 627 517; x_wconf 87' lang='lat' dir='ltr'><strong>IOH.</strong></span> <span class='ocrx_word' id='word_1_30' title='bbox 656 483 811 517; x_wconf 80' lang='lat' dir='ltr'>Gaudeo</span> <span class='ocrx_word' id='word_1_31' title='bbox 834 495 893 517; x_wconf 89' lang='lat' dir='ltr'>me</span> <span class='ocrx_word' id='word_1_32' title='bbox 920 483 957 517; x_wconf 91' lang='lat' dir='ltr'>id</span> <span class='ocrx_word' id='word_1_33' title='bbox 985 483 1103 518; x_wconf 88' lang='lat' dir='ltr'>scire:</span> <span class='ocrx_word' id='word_1_34' title='bbox 1134 490 1188 518; x_wconf 88' lang='lat' dir='ltr'>set</span> <span class='ocrx_word' id='word_1_35' title='bbox 1214 483 1345 518; x_wconf 87' lang='lat' dir='ltr'>estimo</span> <span class='ocrx_word' id='word_1_36' title='bbox 1370 483 1469 528; x_wconf 89' lang='lat' dir='ltr'>quod</span> <span class='ocrx_word' id='word_1_37' title='bbox 1491 482 1544 518; x_wconf 92' lang='lat' dir='ltr'>sic</span> <span class='ocrx_word' id='word_1_38' title='bbox 1566 490 1621 518; x_wconf 91' lang='lat' dir='ltr'>est</span> <span class='ocrx_word' id='word_1_39' title='bbox 1647 484 1693 518; x_wconf 91' lang='lat' dir='ltr'>de</span> <span class='ocrx_word' id='word_1_40' title='bbox 1719 495 1818 519; x_wconf 91' lang='lat' dir='ltr'>com—</span> 
     </span>
     <span class='ocr_line' id='line_1_8' title="bbox 487 540 1850 586; baseline 0.002 -12"><span class='ocrx_word' id='word_1_41' title='bbox 487 541 718 584; x_wconf 72' lang='lat' dir='ltr'>modacione,</span> <span class='ocrx_word' id='word_1_42' title='bbox 748 540 840 575; x_wconf 90' lang='lat' dir='ltr'>sicut</span> <span class='ocrx_word' id='word_1_43' title='bbox 874 541 920 575; x_wconf 90' lang='lat' dir='ltr'>de</span> <span class='ocrx_word' id='word_1_44' title='bbox 954 540 1161 575; x_wconf 89' lang='lat' dir='ltr'>donacione</span> <span class='ocrx_word' id='word_1_45' title='bbox 1194 547 1229 576; x_wconf 88' lang='lat' dir='ltr'>et</span> <span class='ocrx_word' id='word_1_46' title='bbox 1263 541 1451 575; x_wconf 92' lang='lat' dir='ltr'>locacione</span> <span class='ocrx_word' id='word_1_47' title='bbox 1485 547 1519 576; x_wconf 90' lang='lat' dir='ltr'>et</span> <span class='ocrx_word' id='word_1_48' title='bbox 1554 541 1747 586; x_wconf 88' lang='lat' dir='ltr'>empcione</span> <span class='ocrx_word' id='word_1_49' title='bbox 1774 546 1850 578; x_wconf 83' lang='lat' dir='ltr'>ac5</span> 
     </span>
     <span class='ocr_line' id='line_1_9' title="bbox 487 598 1819 643; baseline 0 -10"><span class='ocrx_word' id='word_1_50' title='bbox 487 598 715 641; x_wconf 71' lang='lat' dir='ltr'>venfflcione,</span> <span class='ocrx_word' id='word_1_51' title='bbox 726 598 945 640; x_wconf 83' lang='lat' dir='ltr'>mutacione,</span> <span class='ocrx_word' id='word_1_52' title='bbox 954 598 1272 643; x_wconf 84' lang='lat' dir='ltr'>multiplicacione‚</span> <span class='ocrx_word' id='word_1_53' title='bbox 1281 606 1316 633; x_wconf 93' lang='lat' dir='ltr'>et</span> <span class='ocrx_word' id='word_1_54' title='bbox 1330 599 1411 633; x_wconf 87' lang='lat' dir='ltr'>aliis</span> <span class='ocrx_word' id='word_1_55' title='bbox 1426 599 1608 641; x_wconf 87' lang='lat' dir='ltr'>similiter;</span> <span class='ocrx_word' id='word_1_56' title='bbox 1628 599 1697 633; x_wconf 89' lang='lat' dir='ltr'>nisi</span> <span class='ocrx_word' id='word_1_57' title='bbox 1714 599 1819 634; x_wconf 89' lang='lat' dir='ltr'>fallar</span> 
     </span>
     <span class='ocr_line' id='line_1_10' title="bbox 488 656 1817 702; baseline -0.001 -11"><span class='ocrx_word' id='word_1_58' title='bbox 488 657 587 702; x_wconf 88' lang='lat' dir='ltr'>quod</span> <span class='ocrx_word' id='word_1_59' title='bbox 606 668 734 691; x_wconf 90' lang='lat' dir='ltr'>omnes</span> <span class='ocrx_word' id='word_1_60' title='bbox 752 656 803 690; x_wconf 88' lang='lat' dir='ltr'>hii</span> <span class='ocrx_word' id='word_1_61' title='bbox 821 663 926 691; x_wconf 89' lang='lat' dir='ltr'>actus</span> <span class='ocrx_word' id='word_1_62' title='bbox 943 656 1135 691; x_wconf 90' lang='lat' dir='ltr'>verissime</span> <span class='ocrx_word' id='word_1_63' title='bbox 1153 668 1197 691; x_wconf 86' lang='lat' dir='ltr'>ac</span> <span class='ocrx_word' id='word_1_64' title='bbox 1215 656 1469 701; x_wconf 81' lang='lat' dir='ltr'>propriissime</span> <span class='ocrx_word' id='word_1_65' title='bbox 1489 658 1571 691; x_wconf 91' lang='lat' dir='ltr'>Deo</span> <span class='ocrx_word' id='word_1_66' title='bbox 1585 657 1817 692; x_wconf 83' lang='lat' dir='ltr'>conveniant.</span> 
     </span>
    </p>

    <p class='ocr_par' dir='ltr' id='par_1_6' title="bbox 487 714 1875 1213">
     <span class='ocr_line' id='line_1_11' title="bbox 535 714 1819 759; baseline 0.001 -11"><span class='ocrx_word' id='word_1_67' title='bbox 535 716 623 749; x_wconf 86' lang='lat' dir='ltr'><strong>RIC.</strong></span> <span class='ocrx_word' id='word_1_68' title='bbox 651 714 689 749; x_wconf 92' lang='lat' dir='ltr'>Si</span> <span class='ocrx_word' id='word_1_69' title='bbox 720 714 779 748; x_wconf 87' lang='lat' dir='ltr'>isti</span> <span class='ocrx_word' id='word_1_70' title='bbox 809 720 914 748; x_wconf 89' lang='lat' dir='ltr'>actus</span> <span class='ocrx_word' id='word_1_71' title='bbox 944 725 1075 748; x_wconf 88' lang='lat' dir='ltr'>omnes</span> <span class='ocrx_word' id='word_1_72' title='bbox 1103 721 1164 748; x_wconf 89' lang='lat' dir='ltr'>aut</span> <span class='ocrx_word' id='word_1_73' title='bbox 1191 714 1251 748; x_wconf 84' lang='lat' dir='ltr'>alii</span> <span class='ocrx_word' id='word_1_74' title='bbox 1282 715 1554 759; x_wconf 87' lang='lat' dir='ltr'>qualescunque</span> <span class='ocrx_word' id='word_1_75' title='bbox 1582 714 1654 749; x_wconf 90' lang='lat' dir='ltr'>sint</span> <span class='ocrx_word' id='word_1_76' title='bbox 1683 714 1819 759; x_wconf 89' lang='lat' dir='ltr'>proprii</span> 
     </span>
     <span class='ocr_line' id='line_1_12' title="bbox 487 771 1819 817; baseline 0 -10"><span class='ocrx_word' id='word_1_77' title='bbox 487 779 592 807; x_wconf 88' lang='lat' dir='ltr'>actus</span> <span class='ocrx_word' id='word_1_78' title='bbox 624 771 776 806; x_wconf 87' lang='lat' dir='ltr'>dominii</span> <span class='ocrx_word' id='word_1_79' title='bbox 803 771 878 806; x_wconf 89' lang='lat' dir='ltr'>veri</span> <span class='ocrx_word' id='word_1_80' title='bbox 895 778 945 806; x_wconf 90' lang='lat' dir='ltr'>et</span> <span class='ocrx_word' id='word_1_81' title='bbox 975 772 1111 816; x_wconf 87' lang='lat' dir='ltr'>proprii</span> <span class='ocrx_word' id='word_1_82' title='bbox 1140 772 1241 815; x_wconf 88' lang='lat' dir='ltr'>dicti,</span> <span class='ocrx_word' id='word_1_83' title='bbox 1272 772 1424 806; x_wconf 90' lang='lat' dir='ltr'>omnino</span> <span class='ocrx_word' id='word_1_84' title='bbox 1453 771 1690 817; x_wconf 89' lang='lat' dir='ltr'>consequitur</span> <span class='ocrx_word' id='word_1_85' title='bbox 1719 773 1819 817; x_wconf 91' lang='lat' dir='ltr'>quod</span> 
     </span>
     <span class='ocr_line' id='line_1_13' title="bbox 488 830 1875 876; baseline 0 -11"><span class='ocrx_word' id='word_1_86' title='bbox 488 830 526 865; x_wconf 91' lang='lat' dir='ltr'>in</span> <span class='ocrx_word' id='word_1_87' title='bbox 556 842 628 876; x_wconf 89' lang='lat' dir='ltr'>quo</span> <span class='ocrx_word' id='word_1_88' title='bbox 658 830 836 875; x_wconf 88' lang='lat' dir='ltr'>reperitur</span> <span class='ocrx_word' id='word_1_89' title='bbox 862 842 948 865; x_wconf 86' lang='lat' dir='ltr'>vere</span> <span class='ocrx_word' id='word_1_90' title='bbox 980 841 1023 864; x_wconf 91' lang='lat' dir='ltr'>ac</span> <span class='ocrx_word' id='word_1_91' title='bbox 1058 830 1203 875; x_wconf 91' lang='lat' dir='ltr'>proprie</span> <span class='ocrx_word' id='word_1_92' title='bbox 1231 830 1446 874; x_wconf 87' lang='lat' dir='ltr'>dominium,</span> <span class='ocrx_word' id='word_1_93' title='bbox 1477 842 1564 865; x_wconf 89' lang='lat' dir='ltr'>vere</span> <span class='ocrx_word' id='word_1_94' title='bbox 1597 842 1641 865; x_wconf 93' lang='lat' dir='ltr'>ac</span> <span class='ocrx_word' id='word_1_95' title='bbox 1674 831 1819 875; x_wconf 86' lang='lat' dir='ltr'>proprie</span> <span class='ocrx_word' id='word_1_96' title='bbox 1835 838 1875 860; x_wconf 93' lang='lat'>10</span> 
     </span>
     <span class='ocr_line' id='line_1_14' title="bbox 488 887 1818 933; baseline 0 -10"><span class='ocrx_word' id='word_1_97' title='bbox 488 889 720 933; x_wconf 88' lang='lat' dir='ltr'>reperiuntur</span> <span class='ocrx_word' id='word_1_98' title='bbox 749 899 879 923; x_wconf 89' lang='lat' dir='ltr'>omnes</span> <span class='ocrx_word' id='word_1_99' title='bbox 910 887 961 922; x_wconf 88' lang='lat' dir='ltr'>hii</span> <span class='ocrx_word' id='word_1_100' title='bbox 988 894 1118 930; x_wconf 83' lang='lat' dir='ltr'>actus3</span> <span class='ocrx_word' id='word_1_101' title='bbox 1156 894 1191 923; x_wconf 89' lang='lat' dir='ltr'>et</span> <span class='ocrx_word' id='word_1_102' title='bbox 1220 888 1256 922; x_wconf 92' lang='lat' dir='ltr'>in</span> <span class='ocrx_word' id='word_1_103' title='bbox 1284 899 1357 933; x_wconf 87' lang='lat' dir='ltr'>quo</span> <span class='ocrx_word' id='word_1_104' title='bbox 1388 895 1443 923; x_wconf 89' lang='lat' dir='ltr'>est</span> <span class='ocrx_word' id='word_1_105' title='bbox 1474 888 1725 933; x_wconf 88' lang='lat' dir='ltr'>propriissime</span> <span class='ocrx_word' id='word_1_106' title='bbox 1755 889 1818 923; x_wconf 94' lang='lat' dir='ltr'>do—</span> 
     </span>
     <span class='ocr_line' id='line_1_15' title="bbox 488 946 1819 991; baseline 0.001 -11"><span class='ocrx_word' id='word_1_107' title='bbox 488 946 643 981; x_wconf 89' lang='lat' dir='ltr'>minium</span> <span class='ocrx_word' id='word_1_108' title='bbox 671 946 707 980; x_wconf 91' lang='lat' dir='ltr'>in</span> <span class='ocrx_word' id='word_1_109' title='bbox 733 958 777 981; x_wconf 91' lang='lat' dir='ltr'>eo</span> <span class='ocrx_word' id='word_1_110' title='bbox 802 946 1053 991; x_wconf 85' lang='lat' dir='ltr'>propriissime</span> <span class='ocrx_word' id='word_1_111' title='bbox 1078 947 1308 991; x_wconf 86' lang='lat' dir='ltr'>reperiuntur</span> <span class='ocrx_word' id='word_1_112' title='bbox 1333 946 1468 991; x_wconf 88' lang='lat' dir='ltr'>proprii</span> <span class='ocrx_word' id='word_1_113' title='bbox 1497 947 1551 981; x_wconf 89' lang='lat' dir='ltr'>sui</span> <span class='ocrx_word' id='word_1_114' title='bbox 1577 953 1702 982; x_wconf 84' lang='lat' dir='ltr'>actus:</span> <span class='ocrx_word' id='word_1_115' title='bbox 1734 958 1819 981; x_wconf 91' lang='lat' dir='ltr'>cum</span> 
     </span>
     <span class='ocr_line' id='line_1_16' title="bbox 489 1004 1819 1049; baseline 0 -11"><span class='ocrx_word' id='word_1_116' title='bbox 489 1004 600 1049; x_wconf 87' lang='lat' dir='ltr'>igitur</span> <span class='ocrx_word' id='word_1_117' title='bbox 629 1004 665 1038; x_wconf 88' lang='lat' dir='ltr'>in</span> <span class='ocrx_word' id='word_1_118' title='bbox 695 1005 778 1039; x_wconf 91' lang='lat' dir='ltr'>Deo</span> <span class='ocrx_word' id='word_1_119' title='bbox 807 1004 1009 1049; x_wconf 82' lang='lat' dir='ltr'>reperiatur</span> <span class='ocrx_word' id='word_1_120' title='bbox 1037 1004 1227 1039; x_wconf 88' lang='lat' dir='ltr'>verissime</span> <span class='ocrx_word' id='word_1_121' title='bbox 1261 1016 1305 1039; x_wconf 89' lang='lat' dir='ltr'>ac</span> <span class='ocrx_word' id='word_1_122' title='bbox 1331 1004 1585 1049; x_wconf 86' lang='lat' dir='ltr'>propriissime</span> <span class='ocrx_word' id='word_1_123' title='bbox 1614 1005 1819 1039; x_wconf 89' lang='lat' dir='ltr'>dominium</span> 
     </span>
     <span class='ocr_line' id='line_1_17' title="bbox 493 1061 1819 1107; baseline 0.001 -11"><span class='ocrx_word' id='word_1_124' title='bbox 493 1062 607 1107; x_wconf 87' lang='lat' dir='ltr'>(iuxta</span> <span class='ocrx_word' id='word_1_125' title='bbox 630 1063 786 1107; x_wconf 86' lang='lat' dir='ltr'>probata</span> <span class='ocrx_word' id='word_1_126' title='bbox 805 1061 998 1107; x_wconf 84' lang='lat' dir='ltr'>superius),</span> <span class='ocrx_word' id='word_1_127' title='bbox 1017 1062 1105 1097; x_wconf 84' lang='lat' dir='ltr'>satis</span> <span class='ocrx_word' id='word_1_128' title='bbox 1124 1068 1294 1107; x_wconf 90' lang='lat' dir='ltr'>patenter</span> <span class='ocrx_word' id='word_1_129' title='bbox 1311 1062 1546 1107; x_wconf 86' lang='lat' dir='ltr'>consequitur</span> <span class='ocrx_word' id='word_1_130' title='bbox 1564 1063 1662 1107; x_wconf 89' lang='lat' dir='ltr'>quod</span> <span class='ocrx_word' id='word_1_131' title='bbox 1681 1062 1717 1096; x_wconf 86' lang='lat' dir='ltr'>in</span> <span class='ocrx_word' id='word_1_132' title='bbox 1737 1064 1819 1097; x_wconf 89' lang='lat' dir='ltr'>Deo</span> 
     </span>
     <span class='ocr_line' id='line_1_18' title="bbox 490 1119 1873 1166; baseline 0 -12"><span class='ocrx_word' id='word_1_133' title='bbox 490 1120 721 1165; x_wconf 88' lang='lat' dir='ltr'>reperiuntur</span> <span class='ocrx_word' id='word_1_134' title='bbox 745 1120 936 1155; x_wconf 89' lang='lat' dir='ltr'>verissime</span> <span class='ocrx_word' id='word_1_135' title='bbox 964 1132 1007 1155; x_wconf 92' lang='lat' dir='ltr'>ac</span> <span class='ocrx_word' id='word_1_136' title='bbox 1034 1120 1284 1165; x_wconf 88' lang='lat' dir='ltr'>propriissime</span> <span class='ocrx_word' id='word_1_137' title='bbox 1307 1132 1437 1155; x_wconf 91' lang='lat' dir='ltr'>omnes</span> <span class='ocrx_word' id='word_1_138' title='bbox 1465 1120 1516 1155; x_wconf 85' lang='lat' dir='ltr'>hii</span> <span class='ocrx_word' id='word_1_139' title='bbox 1544 1126 1648 1156; x_wconf 87' lang='lat' dir='ltr'>actus</span> <span class='ocrx_word' id='word_1_140' title='bbox 1682 1119 1818 1166; x_wconf 89' lang='lat' dir='ltr'>proprii</span> <span class='ocrx_word' id='word_1_141' title='bbox 1835 1127 1873 1159; x_wconf 88' lang='lat'>15</span> 
     </span>
     <span class='ocr_line' id='line_1_19' title="bbox 491 1178 654 1213; baseline -0.006 0"><span class='ocrx_word' id='word_1_142' title='bbox 491 1178 654 1213; x_wconf 89' lang='lat' dir='ltr'>dominii.</span> 
     </span>
    </p>
   </div>
   <div class='ocr_carea' id='block_1_5' title="bbox 542 1290 2039 1339">
    <p class='ocr_par' dir='ltr' id='par_1_7' title="bbox 542 1290 2039 1339">
     <span class='ocr_line' id='line_1_20' title="bbox 542 1290 2039 1339; baseline 0.001 -13"><span class='ocrx_word' id='word_1_143' title='bbox 542 1293 771 1327; x_wconf 82' lang='lat' dir='ltr'>IOHANNES.</span> <span class='ocrx_word' id='word_1_144' title='bbox 803 1291 865 1327; x_wconf 91' lang='lat' dir='ltr'>Sic</span> <span class='ocrx_word' id='word_1_145' title='bbox 898 1291 988 1326; x_wconf 89' lang='lat' dir='ltr'>mihi</span> <span class='ocrx_word' id='word_1_146' title='bbox 1018 1291 1164 1327; x_wconf 88' lang='lat' dir='ltr'>videtur</span> <span class='ocrx_word' id='word_1_147' title='bbox 1199 1291 1253 1337; x_wconf 89' lang='lat' dir='ltr'>(ut</span> <span class='ocrx_word' id='word_1_148' title='bbox 1286 1291 1360 1327; x_wconf 86' lang='lat' dir='ltr'>dixi</span> <span class='ocrx_word' id='word_1_149' title='bbox 1395 1290 1601 1337; x_wconf 84' lang='lat' dir='ltr'>superius):</span> <span class='ocrx_word' id='word_1_150' title='bbox 1646 1298 1701 1327; x_wconf 91' lang='lat' dir='ltr'>set</span> <span class='ocrx_word' id='word_1_151' title='bbox 1736 1292 1822 1337; x_wconf 89' lang='lat' dir='ltr'>quia</span> <span class='ocrx_word' id='word_1_152' title='bbox 1834 1298 1970 1330; x_wconf 51' lang='lat' dir='ltr'>xxxiva</span> <span class='ocrx_word' id='word_1_153' title='bbox 1999 1306 2039 1339; x_wconf 90' lang='lat'>24</span> 
     </span>
    </p>
   </div>
   <div class='ocr_carea' id='block_1_6' title="bbox 212 1350 1864 1395">
    <p class='ocr_par' dir='ltr' id='par_1_8' title="bbox 212 1350 1864 1395">
     <span class='ocr_line' id='line_1_21' title="bbox 212 1350 1864 1395; baseline 0.001 -12"><span class='ocrx_word' id='word_1_154' title='bbox 212 1356 337 1390; x_wconf 81' lang='lat' dir='ltr'>Though</span> <span class='ocrx_word' id='word_1_155' title='bbox 349 1358 375 1384; x_wconf 75' lang='lat' dir='ltr'>it</span> <span class='ocrx_word' id='word_1_156' title='bbox 388 1358 413 1382; x_wconf 78' lang='lat' dir='ltr'>z&#39;s</span> <span class='ocrx_word' id='word_1_157' title='bbox 425 1356 480 1382; x_wconf 77' lang='lat' dir='ltr'>bet·</span> <span class='ocrx_word' id='word_1_158' title='bbox 494 1351 629 1385; x_wconf 88' lang='lat' dir='ltr'>Paulus</span> <span class='ocrx_word' id='word_1_159' title='bbox 665 1352 852 1395; x_wconf 86' lang='lat' dir='ltr'>apostolus</span> <span class='ocrx_word' id='word_1_160' title='bbox 883 1351 1074 1385; x_wconf 88' lang='lat' dir='ltr'>dominum</span> <span class='ocrx_word' id='word_1_161' title='bbox 1105 1352 1228 1385; x_wconf 85' lang='lat' dir='ltr'>Iesum</span> <span class='ocrx_word' id='word_1_162' title='bbox 1260 1350 1449 1385; x_wconf 84' lang='lat' dir='ltr'>Christum</span> <span class='ocrx_word' id='word_1_163' title='bbox 1485 1350 1621 1385; x_wconf 85' lang='lat' dir='ltr'>dixisse</span> <span class='ocrx_word' id='word_1_164' title='bbox 1651 1350 1820 1394; x_wconf 87' lang='lat' dir='ltr'>affirmat,</span> <span class='ocrx_word' id='word_1_165' title='bbox 1835 1350 1864 1372; x_wconf 80' lang='lat' dir='ltr'>B·</span> 
     </span>
    </p>
   </div>
   <div class='ocr_carea' id='block_1_7' title="bbox 214 1391 461 1457">
    <p class='ocr_par' dir='ltr' id='par_1_9' title="bbox 214 1391 461 1457">
     <span class='ocr_line' id='line_1_22' title="bbox 214 1391 461 1423; baseline -0.004 -6"><span class='ocrx_word' id='word_1_166' title='bbox 214 1394 261 1417; x_wconf 74' lang='lat' dir='ltr'>ter</span> <span class='ocrx_word' id='word_1_167' title='bbox 273 1394 300 1417; x_wconf 83' lang='lat' dir='ltr'>to</span> <span class='ocrx_word' id='word_1_168' title='bbox 308 1392 374 1423; x_wconf 78' lang='lat' dir='ltr'>give</span> <span class='ocrx_word' id='word_1_169' title='bbox 389 1391 461 1416; x_wconf 74' lang='lat' dir='ltr'>than</span> 
     </span>
     <span class='ocr_line' id='line_1_23' title="bbox 214 1426 369 1457; baseline 0.006 -7"><span class='ocrx_word' id='word_1_170' title='bbox 214 1427 243 1450; x_wconf 71' lang='lat' dir='ltr'>to</span> <span class='ocrx_word' id='word_1_171' title='bbox 256 1426 369 1457; x_wconf 75' lang='lat' dir='ltr'>receive,</span> 
     </span>
    </p>
   </div>
   <div class='ocr_carea' id='block_1_8' title="bbox 214 1759 462 1827">
    <p class='ocr_par' dir='ltr' id='par_1_10' title="bbox 214 1759 462 1827">
     <span class='ocr_line' id='line_1_24' title="bbox 215 1759 462 1793; baseline 0 -7"><span class='ocrx_word' id='word_1_172' title='bbox 215 1765 263 1793; x_wconf 88' lang='lat' dir='ltr'>yet</span> <span class='ocrx_word' id='word_1_173' title='bbox 277 1765 306 1787; x_wconf 91' lang='lat' dir='ltr'>to</span> <span class='ocrx_word' id='word_1_174' title='bbox 319 1759 426 1786; x_wconf 86' lang='lat' dir='ltr'>receive</span> <span class='ocrx_word' id='word_1_175' title='bbox 439 1759 462 1786; x_wconf 87' lang='lat' dir='ltr'>is</span> 
     </span>
     <span class='ocr_line' id='line_1_25' title="bbox 214 1794 380 1827; baseline -0.006 -6"><span class='ocrx_word' id='word_1_176' title='bbox 214 1795 275 1821; x_wconf 82' lang='lat' dir='ltr'>also</span> <span class='ocrx_word' id='word_1_177' title='bbox 287 1794 361 1827; x_wconf 86' lang='lat' dir='ltr'>good</span> <span class='ocrx_word' id='word_1_178' title='bbox 373 1802 380 1826; x_wconf 91' lang='lat'>;</span> 
     </span>
    </p>
   </div>
   <div class='ocr_carea' id='block_1_9' title="bbox 218 2735 457 2797">
    <p class='ocr_par' dir='ltr' id='par_1_11' title="bbox 218 2735 457 2797">
     <span class='ocr_line' id='line_1_26' title="bbox 218 2735 432 2768; baseline -0.005 -6"><span class='ocrx_word' id='word_1_179' title='bbox 218 2736 274 2762; x_wconf 83' lang='lat' dir='ltr'>and</span> <span class='ocrx_word' id='word_1_180' title='bbox 289 2735 352 2762; x_wconf 91' lang='lat' dir='ltr'>God</span> <span class='ocrx_word' id='word_1_181' title='bbox 366 2735 432 2768; x_wconf 86' lang='lat' dir='ltr'>only</span> 
     </span>
     <span class='ocr_line' id='line_1_27' title="bbox 220 2769 457 2797; baseline -0.004 -1"><span class='ocrx_word' id='word_1_182' title='bbox 220 2769 342 2797; x_wconf 85' lang='lat' dir='ltr'>receives</span> <span class='ocrx_word' id='word_1_183' title='bbox 356 2770 397 2796; x_wconf 82' lang='lat' dir='ltr'>sor</span> <span class='ocrx_word' id='word_1_184' title='bbox 411 2769 457 2795; x_wconf 84' lang='lat' dir='ltr'>the</span> 
     </span>
    </p>
   </div>
   <div class='ocr_carea' id='block_1_10' title="bbox 493 1407 2040 2837">
    <p class='ocr_par' dir='ltr' id='par_1_12' title="bbox 493 1407 2040 2837">
     <span class='ocr_line' id='line_1_28' title="bbox 493 1407 1998 1453; baseline -0.001 -11"><span class='ocrx_word' id='word_1_185' title='bbox 493 1409 652 1443; x_wconf 76' lang='lat' dir='ltr'>Beacius</span> <span class='ocrx_word' id='word_1_186' title='bbox 683 1413 738 1442; x_wconf 84' lang='lat' dir='ltr'>est</span> <span class='ocrx_word' id='word_1_187' title='bbox 765 1409 889 1453; x_wconf 76' lang='lat' dir='ltr'>magis</span> <span class='ocrx_word' id='word_1_188' title='bbox 916 1409 1008 1442; x_wconf 78' lang='lat' dir='ltr'>dare</span> <span class='ocrx_word' id='word_1_189' title='bbox 1035 1420 1151 1452; x_wconf 71' lang='lat' dir='ltr'>quum</span> <span class='ocrx_word' id='word_1_190' title='bbox 1181 1410 1343 1453; x_wconf 71' lang='lat' dir='ltr'>accipere</span> <span class='ocrx_word' id='word_1_191' title='bbox 1377 1408 1475 1452; x_wconf 88' lang='lat' dir='ltr'>(Act.</span> <span class='ocrx_word' id='word_1_192' title='bbox 1506 1420 1561 1442; x_wconf 84' lang='lat' dir='ltr'>xx.</span> <span class='ocrx_word' id='word_1_193' title='bbox 1583 1407 1655 1453; x_wconf 84' lang='lat'>35),</span> <span class='ocrx_word' id='word_1_194' title='bbox 1678 1408 1823 1443; x_wconf 89' lang='lat' dir='ltr'>videtur</span> <span class='ocrx_word' id='word_1_195' title='bbox 1835 1412 1918 1443; x_wconf 87' lang='lat' dir='ltr'>dom.</span> <span class='ocrx_word' id='word_1_196' title='bbox 1935 1412 1998 1443; x_wconf 79' lang='lat' dir='ltr'>Ies.</span> 
     </span>
     <span class='ocr_line' id='line_1_29' title="bbox 493 1465 2040 1511; baseline -0.001 -10"><span class='ocrx_word' id='word_1_197' title='bbox 493 1466 665 1511; x_wconf 86' lang='lat' dir='ltr'>accepcio</span> <span class='ocrx_word' id='word_1_198' title='bbox 699 1472 735 1501; x_wconf 88' lang='lat' dir='ltr'>et</span> <span class='ocrx_word' id='word_1_199' title='bbox 768 1466 941 1511; x_wconf 87' lang='lat' dir='ltr'>precipue</span> <span class='ocrx_word' id='word_1_200' title='bbox 972 1466 1145 1510; x_wconf 87' lang='lat' dir='ltr'>accepcio</span> <span class='ocrx_word' id='word_1_201' title='bbox 1174 1465 1285 1511; x_wconf 89' lang='lat' dir='ltr'>precii</span> <span class='ocrx_word' id='word_1_202' title='bbox 1314 1477 1394 1500; x_wconf 91' lang='lat' dir='ltr'>esse</span> <span class='ocrx_word' id='word_1_203' title='bbox 1424 1465 1586 1500; x_wconf 85' lang='lat' dir='ltr'>alienum</span> <span class='ocrx_word' id='word_1_204' title='bbox 1621 1466 1767 1510; x_wconf 89' lang='lat' dir='ltr'>penitus</span> <span class='ocrx_word' id='word_1_205' title='bbox 1801 1472 1918 1504; x_wconf 70' lang='lat' dir='ltr'>aChr.</span> <span class='ocrx_word' id='word_1_206' title='bbox 1931 1481 1996 1503; x_wconf 86' lang='lat' dir='ltr'>om.</span> <span class='ocrx_word' id='word_1_207' title='bbox 2009 1479 2040 1503; x_wconf 85' lang='lat' dir='ltr'>B.</span> 
     </span>
     <span class='ocr_line' id='line_1_30' title="bbox 493 1523 1822 1568; baseline -0.001 -9"><span class='ocrx_word' id='word_1_208' title='bbox 493 1524 639 1568; x_wconf 84' lang='lat' dir='ltr'>virtute,</span> <span class='ocrx_word' id='word_1_209' title='bbox 661 1535 746 1559; x_wconf 91' lang='lat' dir='ltr'>cum</span> <span class='ocrx_word' id='word_1_210' title='bbox 775 1524 932 1558; x_wconf 83' lang='lat' dir='ltr'>nobilior</span> <span class='ocrx_word' id='word_1_211' title='bbox 958 1530 1055 1558; x_wconf 87' lang='lat' dir='ltr'>esset</span> <span class='ocrx_word' id='word_1_212' title='bbox 1086 1530 1192 1558; x_wconf 88' lang='lat' dir='ltr'>actus</span> <span class='ocrx_word' id='word_1_213' title='bbox 1220 1524 1279 1559; x_wconf 89' lang='lat' dir='ltr'>ille</span> <span class='ocrx_word' id='word_1_214' title='bbox 1306 1535 1379 1568; x_wconf 90' lang='lat' dir='ltr'>quo</span> <span class='ocrx_word' id='word_1_215' title='bbox 1407 1535 1465 1558; x_wconf 92' lang='lat' dir='ltr'>res</span> <span class='ocrx_word' id='word_1_216' title='bbox 1490 1523 1639 1558; x_wconf 89' lang='lat' dir='ltr'>vendita</span> <span class='ocrx_word' id='word_1_217' title='bbox 1666 1523 1822 1568; x_wconf 92' lang='lat' dir='ltr'>emptori</span> 
     </span>
     <span class='ocr_line' id='line_1_31' title="bbox 493 1581 1824 1627; baseline 0 -10"><span class='ocrx_word' id='word_1_218' title='bbox 493 1582 661 1625; x_wconf 82' lang='lat' dir='ltr'>traditur,</span> <span class='ocrx_word' id='word_1_219' title='bbox 693 1582 722 1616; x_wconf 90' lang='lat' dir='ltr'>si</span> <span class='ocrx_word' id='word_1_220' title='bbox 752 1589 898 1626; x_wconf 88' lang='lat' dir='ltr'>emptor</span> <span class='ocrx_word' id='word_1_221' title='bbox 927 1582 1091 1627; x_wconf 92' lang='lat' dir='ltr'>precium</span> <span class='ocrx_word' id='word_1_222' title='bbox 1117 1582 1257 1617; x_wconf 89' lang='lat' dir='ltr'>nullum</span> <span class='ocrx_word' id='word_1_223' title='bbox 1286 1581 1497 1626; x_wconf 84' lang='lat' dir='ltr'>acciperet3</span> <span class='ocrx_word' id='word_1_224' title='bbox 1532 1588 1567 1617; x_wconf 89' lang='lat' dir='ltr'>et</span> <span class='ocrx_word' id='word_1_225' title='bbox 1599 1582 1650 1616; x_wconf 85' lang='lat' dir='ltr'>ita</span> <span class='ocrx_word' id='word_1_226' title='bbox 1678 1582 1824 1617; x_wconf 88' lang='lat' dir='ltr'>videtur</span> 
     </span>
     <span class='ocr_line' id='line_1_32' title="bbox 494 1640 1825 1685; baseline 0 -11"><span class='ocrx_word' id='word_1_227' title='bbox 494 1641 593 1685; x_wconf 89' lang='lat' dir='ltr'>quod</span> <span class='ocrx_word' id='word_1_228' title='bbox 623 1640 786 1685; x_wconf 90' lang='lat' dir='ltr'>precium</span> <span class='ocrx_word' id='word_1_229' title='bbox 820 1652 842 1674; x_wconf 88' lang='lat' dir='ltr'>a</span> <span class='ocrx_word' id='word_1_230' title='bbox 874 1641 956 1674; x_wconf 90' lang='lat' dir='ltr'>Deo</span> <span class='ocrx_word' id='word_1_231' title='bbox 986 1640 1097 1685; x_wconf 89' lang='lat' dir='ltr'>recipi</span> <span class='ocrx_word' id='word_1_232' title='bbox 1124 1651 1198 1674; x_wconf 92' lang='lat' dir='ltr'>non</span> <span class='ocrx_word' id='word_1_233' title='bbox 1226 1640 1400 1675; x_wconf 88' lang='lat' dir='ltr'>deberet:</span> <span class='ocrx_word' id='word_1_234' title='bbox 1443 1640 1541 1675; x_wconf 90' lang='lat' dir='ltr'>unde</span> <span class='ocrx_word' id='word_1_235' title='bbox 1573 1651 1648 1674; x_wconf 86' lang='lat' dir='ltr'>non</span> <span class='ocrx_word' id='word_1_236' title='bbox 1679 1640 1825 1675; x_wconf 89' lang='lat' dir='ltr'>videtur</span> 
     </span>
     <span class='ocr_line' id='line_1_33' title="bbox 494 1696 1131 1743; baseline 0 -11"><span class='ocrx_word' id='word_1_237' title='bbox 494 1698 594 1743; x_wconf 89' lang='lat' dir='ltr'>quod</span> <span class='ocrx_word' id='word_1_238' title='bbox 619 1697 789 1732; x_wconf 87' lang='lat' dir='ltr'>vendicio</span> <span class='ocrx_word' id='word_1_239' title='bbox 817 1696 899 1732; x_wconf 88' lang='lat' dir='ltr'>Deo</span> <span class='ocrx_word' id='word_1_240' title='bbox 925 1697 1131 1732; x_wconf 86' lang='lat' dir='ltr'>conveniat.</span> 
     </span>
     <span class='ocr_line' id='line_1_34' title="bbox 542 1754 1877 1800; baseline 0.001 -11"><span class='ocrx_word' id='word_1_241' title='bbox 542 1757 770 1790; x_wconf 86' lang='lat' dir='ltr'><strong>RICARDUS.</strong></span> <span class='ocrx_word' id='word_1_242' title='bbox 788 1755 991 1800; x_wconf 82' lang='lat' dir='ltr'>Apostolus</span> <span class='ocrx_word' id='word_1_243' title='bbox 1007 1755 1143 1790; x_wconf 89' lang='lat' dir='ltr'>Paulus</span> <span class='ocrx_word' id='word_1_244' title='bbox 1162 1754 1331 1798; x_wconf 83' lang='lat' dir='ltr'>affirmat,</span> <span class='ocrx_word' id='word_1_245' title='bbox 1347 1754 1425 1799; x_wconf 74' lang='lat' dir='ltr'>Qus·</span> <span class='ocrx_word' id='word_1_246' title='bbox 1440 1755 1680 1789; x_wconf 78' lang='lat' dir='ltr'>matrimonio</span> <span class='ocrx_word' id='word_1_247' title='bbox 1697 1756 1827 1800; x_wconf 76' lang='lat' dir='ltr'>iungit</span> <span class='ocrx_word' id='word_1_248' title='bbox 1840 1760 1877 1793; x_wconf 85' lang='lat'>25</span> 
     </span>
     <span class='ocr_line' id='line_1_35' title="bbox 493 1812 1824 1859; baseline 0 -12"><span class='ocrx_word' id='word_1_249' title='bbox 493 1814 682 1859; x_wconf 73' lang='lat' dir='ltr'>virginem</span> <span class='ocrx_word' id='word_1_250' title='bbox 701 1824 808 1847; x_wconf 79' lang='lat' dir='ltr'>suam</span> <span class='ocrx_word' id='word_1_251' title='bbox 827 1813 911 1847; x_wconf 79' lang='lat' dir='ltr'>bene</span> <span class='ocrx_word' id='word_1_252' title='bbox 916 1814 1027 1858; x_wconf 77' lang='lat' dir='ltr'>facit,</span> <span class='ocrx_word' id='word_1_253' title='bbox 1047 1818 1083 1847; x_wconf 84' lang='lat' dir='ltr'>et</span> <span class='ocrx_word' id='word_1_254' title='bbox 1097 1814 1166 1857; x_wconf 76' lang='lat' dir='ltr'>qui</span> <span class='ocrx_word' id='word_1_255' title='bbox 1181 1823 1255 1847; x_wconf 80' lang='lat' dir='ltr'>non</span> <span class='ocrx_word' id='word_1_256' title='bbox 1272 1814 1402 1858; x_wconf 75' lang='lat' dir='ltr'>iungit</span> <span class='ocrx_word' id='word_1_257' title='bbox 1417 1813 1551 1846; x_wconf 80' lang='lat' dir='ltr'>melius</span> <span class='ocrx_word' id='word_1_258' title='bbox 1558 1813 1660 1857; x_wconf 80' lang='lat' dir='ltr'><em>facit</em></span> <span class='ocrx_word' id='word_1_259' title='bbox 1686 1812 1717 1857; x_wconf 93' lang='lat'>(1</span> <span class='ocrx_word' id='word_1_260' title='bbox 1740 1814 1824 1848; x_wconf 91' lang='lat' dir='ltr'>Cor.</span> 
     </span>
     <span class='ocr_line' id='line_1_36' title="bbox 494 1870 1825 1916; baseline -0.001 -10"><span class='ocrx_word' id='word_1_261' title='bbox 494 1872 555 1906; x_wconf 88' lang='lat' dir='ltr'>vii.</span> <span class='ocrx_word' id='word_1_262' title='bbox 574 1870 633 1916; x_wconf 87' lang='lat'>38)</span> <span class='ocrx_word' id='word_1_263' title='bbox 652 1883 659 1905; x_wconf 74' lang='grc' dir='ltr'>ε</span> <span class='ocrx_word' id='word_1_264' title='bbox 689 1882 764 1905; x_wconf 89' lang='lat' dir='ltr'>non</span> <span class='ocrx_word' id='word_1_265' title='bbox 790 1878 889 1906; x_wconf 88' lang='lat' dir='ltr'>recte</span> <span class='ocrx_word' id='word_1_266' title='bbox 913 1870 1024 1915; x_wconf 87' lang='lat' dir='ltr'>igitur</span> <span class='ocrx_word' id='word_1_267' title='bbox 1041 1870 1151 1905; x_wconf 88' lang='lat' dir='ltr'>infers</span> <span class='ocrx_word' id='word_1_268' title='bbox 1169 1871 1333 1916; x_wconf 90' lang='lat' dir='ltr'>precium</span> <span class='ocrx_word' id='word_1_269' title='bbox 1350 1870 1463 1915; x_wconf 88' lang='lat' dir='ltr'>recipi</span> <span class='ocrx_word' id='word_1_270' title='bbox 1482 1880 1557 1904; x_wconf 90' lang='lat' dir='ltr'>non</span> <span class='ocrx_word' id='word_1_271' title='bbox 1575 1871 1720 1913; x_wconf 89' lang='lat' dir='ltr'>debere,</span> <span class='ocrx_word' id='word_1_272' title='bbox 1739 1870 1825 1915; x_wconf 89' lang='lat' dir='ltr'>quia</span> 
     </span>
     <span class='ocr_line' id='line_1_37' title="bbox 494 1928 1019 1973; baseline -0.004 -9"><span class='ocrx_word' id='word_1_273' title='bbox 494 1929 624 1964; x_wconf 89' lang='lat' dir='ltr'>melius</span> <span class='ocrx_word' id='word_1_274' title='bbox 641 1935 738 1964; x_wconf 90' lang='lat' dir='ltr'>esset</span> <span class='ocrx_word' id='word_1_275' title='bbox 756 1940 829 1963; x_wconf 88' lang='lat' dir='ltr'>non</span> <span class='ocrx_word' id='word_1_276' title='bbox 846 1928 1019 1973; x_wconf 89' lang='lat' dir='ltr'>recipere.</span> 
     </span>
     <span class='ocr_line' id='line_1_38' title="bbox 544 1985 1825 2032; baseline -0.001 -10"><span class='ocrx_word' id='word_1_277' title='bbox 544 1989 634 2022; x_wconf 86' lang='lat' dir='ltr'>IOH.</span> <span class='ocrx_word' id='word_1_278' title='bbox 663 1988 758 2022; x_wconf 91' lang='lat' dir='ltr'>Cum</span> <span class='ocrx_word' id='word_1_279' title='bbox 773 1988 855 2032; x_wconf 90' lang='lat' dir='ltr'>quis</span> <span class='ocrx_word' id='word_1_280' title='bbox 868 1999 942 2022; x_wconf 90' lang='lat' dir='ltr'>non</span> <span class='ocrx_word' id='word_1_281' title='bbox 960 1993 1055 2031; x_wconf 84' lang='lat' dir='ltr'>eget,</span> <span class='ocrx_word' id='word_1_282' title='bbox 1070 1986 1222 2021; x_wconf 88' lang='lat' dir='ltr'>omnino</span> <span class='ocrx_word' id='word_1_283' title='bbox 1236 1986 1380 2021; x_wconf 88' lang='lat' dir='ltr'>videtur</span> <span class='ocrx_word' id='word_1_284' title='bbox 1394 1992 1520 2021; x_wconf 91' lang='lat' dir='ltr'>contra</span> <span class='ocrx_word' id='word_1_285' title='bbox 1531 1986 1669 2020; x_wconf 87' lang='lat' dir='ltr'>bonurn</span> <span class='ocrx_word' id='word_1_286' title='bbox 1683 1985 1825 2021; x_wconf 90' lang='lat' dir='ltr'>virtutis</span> 
     </span>
     <span class='ocr_line' id='line_1_39' title="bbox 495 2045 1880 2090; baseline -0.001 -10"><span class='ocrx_word' id='word_1_287' title='bbox 495 2045 668 2090; x_wconf 87' lang='lat' dir='ltr'>recipere.</span> <span class='ocrx_word' id='word_1_288' title='bbox 1839 2048 1880 2079; x_wconf 82' lang='lat'>30</span> 
     </span>
     <span class='ocr_line' id='line_1_40' title="bbox 543 2100 1991 2148; baseline 0 -12"><span class='ocrx_word' id='word_1_289' title='bbox 543 2104 631 2137; x_wconf 72' lang='lat' dir='ltr'>ch.</span> <span class='ocrx_word' id='word_1_290' title='bbox 660 2104 746 2137; x_wconf 87' lang='lat' dir='ltr'>Non</span> <span class='ocrx_word' id='word_1_291' title='bbox 765 2112 913 2148; x_wconf 86' lang='lat' dir='ltr'>semper</span> <span class='ocrx_word' id='word_1_292' title='bbox 929 2108 985 2137; x_wconf 92' lang='lat' dir='ltr'>est</span> <span class='ocrx_word' id='word_1_293' title='bbox 1004 2102 1066 2145; x_wconf 88' lang='lat' dir='ltr'>ita,</span> <span class='ocrx_word' id='word_1_294' title='bbox 1083 2108 1138 2137; x_wconf 90' lang='lat' dir='ltr'>set</span> <span class='ocrx_word' id='word_1_295' title='bbox 1156 2108 1279 2147; x_wconf 89' lang='lat' dir='ltr'>potest</span> <span class='ocrx_word' id='word_1_296' title='bbox 1296 2101 1518 2135; x_wconf 87' lang='lat' dir='ltr'>habundans</span> <span class='ocrx_word' id='word_1_297' title='bbox 1536 2100 1573 2135; x_wconf 90' lang='lat' dir='ltr'>in</span> <span class='ocrx_word' id='word_1_298' title='bbox 1591 2111 1679 2135; x_wconf 87' lang='lat' dir='ltr'>casu</span> <span class='ocrx_word' id='word_1_299' title='bbox 1697 2108 1825 2137; x_wconf 89' lang='lat' dir='ltr'>sancto</span> <span class='ocrx_word' id='word_1_300' title='bbox 1837 2108 1943 2135; x_wconf 81' lang='lat' dir='ltr'>sancte</span> <span class='ocrx_word' id='word_1_301' title='bbox 1960 2111 1991 2136; x_wconf 83' lang='lat' dir='ltr'>B.</span> 
     </span>
     <span class='ocr_line' id='line_1_41' title="bbox 496 2159 1826 2204; baseline -0.001 -10"><span class='ocrx_word' id='word_1_302' title='bbox 496 2160 668 2204; x_wconf 87' lang='lat' dir='ltr'>recipere,</span> <span class='ocrx_word' id='word_1_303' title='bbox 699 2167 797 2204; x_wconf 86' lang='lat' dir='ltr'>puta,</span> <span class='ocrx_word' id='word_1_304' title='bbox 829 2171 913 2194; x_wconf 91' lang='lat' dir='ltr'>curn</span> <span class='ocrx_word' id='word_1_305' title='bbox 946 2159 1093 2204; x_wconf 86' lang='lat' dir='ltr'>expedit</span> <span class='ocrx_word' id='word_1_306' title='bbox 1126 2159 1245 2203; x_wconf 84' lang='lat' dir='ltr'>magis</span> <span class='ocrx_word' id='word_1_307' title='bbox 1280 2159 1328 2193; x_wconf 91' lang='lat' dir='ltr'>ad</span> <span class='ocrx_word' id='word_1_308' title='bbox 1362 2159 1501 2193; x_wconf 88' lang='lat' dir='ltr'>bonum</span> <span class='ocrx_word' id='word_1_309' title='bbox 1534 2159 1826 2203; x_wconf 87' lang='lat' dir='ltr'>promovendum</span> 
     </span>
     <span class='ocr_line' id='line_1_42' title="bbox 496 2215 1871 2261; baseline -0.002 -10"><span class='ocrx_word' id='word_1_310' title='bbox 496 2228 693 2251; x_wconf 89' lang='lat' dir='ltr'>commune</span> <span class='ocrx_word' id='word_1_311' title='bbox 711 2216 809 2261; x_wconf 90' lang='lat' dir='ltr'>quod</span> <span class='ocrx_word' id='word_1_312' title='bbox 829 2216 909 2261; x_wconf 88' lang='lat' dir='ltr'>ipse</span> <span class='ocrx_word' id='word_1_313' title='bbox 927 2217 1062 2251; x_wconf 90' lang='lat' dir='ltr'>habeat</span> <span class='ocrx_word' id='word_1_314' title='bbox 1076 2216 1241 2261; x_wconf 89' lang='lat' dir='ltr'>precium</span> <span class='ocrx_word' id='word_1_315' title='bbox 1259 2217 1357 2261; x_wconf 92' lang='lat' dir='ltr'>quod</span> <span class='ocrx_word' id='word_1_316' title='bbox 1384 2215 1544 2250; x_wconf 86' lang='lat' dir='ltr'>admittit</span> <span class='ocrx_word' id='word_1_317' title='bbox 1558 2215 1574 2234; x_wconf 85' lang='lat'><em>*</em></span> <span class='ocrx_word' id='word_1_318' title='bbox 1596 2226 1707 2260; x_wconf 88' lang='lat' dir='ltr'>quam</span> <span class='ocrx_word' id='word_1_319' title='bbox 1725 2227 1826 2261; x_wconf 86' lang='lat' dir='ltr'>emp·</span> <span class='ocrx_word' id='word_1_320' title='bbox 1839 2219 1871 2248; x_wconf 90' lang='lat' dir='ltr'>B</span> 
     </span>
     <span class='ocr_line' id='line_1_43' title="bbox 496 2272 1828 2319; baseline -0.001 -10"><span class='ocrx_word' id='word_1_321' title='bbox 496 2281 563 2318; x_wconf 92' lang='lat' dir='ltr'>tor,</span> <span class='ocrx_word' id='word_1_322' title='bbox 588 2274 677 2309; x_wconf 88' lang='lat' dir='ltr'>illud</span> <span class='ocrx_word' id='word_1_323' title='bbox 708 2274 969 2308; x_wconf 88' lang='lat' dir='ltr'>distributurus</span> <span class='ocrx_word' id='word_1_324' title='bbox 997 2273 1246 2319; x_wconf 85' lang='lat' dir='ltr'>pauperibus3</span> <span class='ocrx_word' id='word_1_325' title='bbox 1278 2273 1339 2308; x_wconf 91' lang='lat' dir='ltr'>ubi</span> <span class='ocrx_word' id='word_1_326' title='bbox 1367 2279 1513 2317; x_wconf 87' lang='lat' dir='ltr'>emptor</span> <span class='ocrx_word' id='word_1_327' title='bbox 1542 2272 1589 2308; x_wconf 90' lang='lat' dir='ltr'>de</span> <span class='ocrx_word' id='word_1_328' title='bbox 1618 2273 1677 2308; x_wconf 91' lang='lat' dir='ltr'>illo</span> <span class='ocrx_word' id='word_1_329' title='bbox 1703 2273 1828 2318; x_wconf 90' lang='lat' dir='ltr'>precio</span> 
     </span>
     <span class='ocr_line' id='line_1_44' title="bbox 498 2331 1880 2377; baseline 0 -10"><span class='ocrx_word' id='word_1_330' title='bbox 498 2344 603 2368; x_wconf 89' lang='lat' dir='ltr'>suam</span> <span class='ocrx_word' id='word_1_331' title='bbox 620 2332 861 2377; x_wconf 83' lang='lat' dir='ltr'>cupiditatem</span> <span class='ocrx_word' id='word_1_332' title='bbox 878 2331 1032 2367; x_wconf 88' lang='lat' dir='ltr'>forsitan</span> <span class='ocrx_word' id='word_1_333' title='bbox 1051 2331 1218 2366; x_wconf 82' lang='lat' dir='ltr'>saciaret.</span> <span class='ocrx_word' id='word_1_334' title='bbox 1841 2334 1880 2367; x_wconf 79' lang='lat'>35</span> 
     </span>
     <span class='ocr_line' id='line_1_45' title="bbox 546 2387 1826 2433; baseline -0.002 -9"><span class='ocrx_word' id='word_1_335' title='bbox 546 2392 637 2425; x_wconf 88' lang='lat' dir='ltr'><strong>IOH.</strong></span> <span class='ocrx_word' id='word_1_336' title='bbox 665 2389 751 2424; x_wconf 92' lang='lat' dir='ltr'>Noli</span> <span class='ocrx_word' id='word_1_337' title='bbox 787 2389 837 2423; x_wconf 87' lang='lat' dir='ltr'>ita</span> <span class='ocrx_word' id='word_1_338' title='bbox 870 2400 980 2433; x_wconf 85' lang='lat' dir='ltr'>agere</span> <span class='ocrx_word' id='word_1_339' title='bbox 1014 2397 1172 2431; x_wconf 90' lang='lat' dir='ltr'>mecum,</span> <span class='ocrx_word' id='word_1_340' title='bbox 1203 2395 1241 2423; x_wconf 90' lang='lat' dir='ltr'>ut</span> <span class='ocrx_word' id='word_1_341' title='bbox 1271 2393 1416 2422; x_wconf 87' lang='lat' dir='ltr'>tantum</span> <span class='ocrx_word' id='word_1_342' title='bbox 1444 2397 1546 2422; x_wconf 86' lang='lat' dir='ltr'>meas</span> <span class='ocrx_word' id='word_1_343' title='bbox 1573 2387 1739 2423; x_wconf 91' lang='lat' dir='ltr'>raciones</span> <span class='ocrx_word' id='word_1_344' title='bbox 1770 2387 1826 2422; x_wconf 88' lang='lat' dir='ltr'>in-</span> 
     </span>
     <span class='ocr_line' id='line_1_46' title="bbox 496 2445 1826 2492; baseline -0.002 -10"><span class='ocrx_word' id='word_1_345' title='bbox 496 2447 654 2491; x_wconf 83' lang='lat' dir='ltr'>fringas:</span> <span class='ocrx_word' id='word_1_346' title='bbox 680 2454 735 2481; x_wconf 89' lang='lat' dir='ltr'>set</span> <span class='ocrx_word' id='word_1_347' title='bbox 753 2446 882 2492; x_wconf 90' lang='lat' dir='ltr'>pocius</span> <span class='ocrx_word' id='word_1_348' title='bbox 900 2446 1013 2481; x_wconf 89' lang='lat' dir='ltr'>michi</span> <span class='ocrx_word' id='word_1_349' title='bbox 1033 2446 1187 2480; x_wconf 88' lang='lat' dir='ltr'>ostende</span> <span class='ocrx_word' id='word_1_350' title='bbox 1206 2445 1392 2490; x_wconf 90' lang='lat' dir='ltr'>quomodo</span> <span class='ocrx_word' id='word_1_351' title='bbox 1410 2445 1488 2479; x_wconf 90' lang='lat' dir='ltr'>sine</span> <span class='ocrx_word' id='word_1_352' title='bbox 1502 2445 1596 2480; x_wconf 90' lang='lat' dir='ltr'>vicio</span> <span class='ocrx_word' id='word_1_353' title='bbox 1615 2445 1826 2490; x_wconf 83' lang='lat' dir='ltr'>cupiditatis</span> 
     </span>
     <span class='ocr_line' id='line_1_47' title="bbox 499 2503 1826 2550; baseline -0.002 -11"><span class='ocrx_word' id='word_1_354' title='bbox 499 2506 602 2540; x_wconf 91' lang='lat' dir='ltr'>Deus</span> <span class='ocrx_word' id='word_1_355' title='bbox 628 2511 749 2550; x_wconf 92' lang='lat' dir='ltr'>potest</span> <span class='ocrx_word' id='word_1_356' title='bbox 776 2504 938 2549; x_wconf 90' lang='lat' dir='ltr'>recipere</span> <span class='ocrx_word' id='word_1_357' title='bbox 964 2504 1128 2549; x_wconf 90' lang='lat' dir='ltr'>precium</span> <span class='ocrx_word' id='word_1_358' title='bbox 1153 2514 1232 2538; x_wconf 89' lang='lat' dir='ltr'>rem</span> <span class='ocrx_word' id='word_1_359' title='bbox 1259 2514 1364 2537; x_wconf 92' lang='lat' dir='ltr'>suam</span> <span class='ocrx_word' id='word_1_360' title='bbox 1383 2503 1590 2546; x_wconf 83' lang='lat' dir='ltr'>vendendo,</span> <span class='ocrx_word' id='word_1_361' title='bbox 1616 2514 1701 2538; x_wconf 91' lang='lat' dir='ltr'>cum</span> <span class='ocrx_word' id='word_1_362' title='bbox 1726 2504 1826 2537; x_wconf 90' lang='lat' dir='ltr'>nullo</span> 
     </span>
     <span class='ocr_line' id='line_1_48' title="bbox 498 2560 1984 2606; baseline -0.003 -10"><span class='ocrx_word' id='word_1_363' title='bbox 498 2563 543 2597; x_wconf 90' lang='lat' dir='ltr'>sit</span> <span class='ocrx_word' id='word_1_364' title='bbox 564 2573 688 2606; x_wconf 87' lang='lat' dir='ltr'>egens,</span> <span class='ocrx_word' id='word_1_365' title='bbox 707 2561 882 2605; x_wconf 84' lang='lat' dir='ltr'>intelligo,</span> <span class='ocrx_word' id='word_1_366' title='bbox 902 2561 1024 2606; x_wconf 87' lang='lat' dir='ltr'>quoad</span> <span class='ocrx_word' id='word_1_367' title='bbox 1042 2567 1211 2596; x_wconf 88' lang='lat' dir='ltr'>naturam</span> <span class='ocrx_word' id='word_1_368' title='bbox 1229 2560 1392 2595; x_wconf 85' lang='lat' dir='ltr'>divinam</span> <span class='ocrx_word' id='word_1_369' title='bbox 1409 2572 1417 2603; x_wconf 92' lang='lat'>;</span> <span class='ocrx_word' id='word_1_370' title='bbox 1449 2561 1627 2604; x_wconf 76' lang='lat' dir='ltr'>quoniam</span> <span class='ocrx_word' id='word_1_371' title='bbox 1646 2560 1683 2594; x_wconf 90' lang='lat' dir='ltr'>in</span> <span class='ocrx_word' id='word_1_372' title='bbox 1701 2567 1826 2595; x_wconf 89' lang='lat' dir='ltr'>nostra</span> <span class='ocrx_word' id='word_1_373' title='bbox 1838 2571 1936 2603; x_wconf 81' lang='lat' dir='ltr'>agens</span> <span class='ocrx_word' id='word_1_374' title='bbox 1953 2568 1984 2593; x_wconf 86' lang='grc' dir='ltr'>Β.</span> 
     </span>
     <span class='ocr_line' id='line_1_49' title="bbox 497 2617 1882 2664; baseline -0.001 -10"><span class='ocrx_word' id='word_1_375' title='bbox 497 2626 629 2654; x_wconf 84' lang='lat' dir='ltr'>natura</span> <span class='ocrx_word' id='word_1_376' title='bbox 650 2622 726 2664; x_wconf 75' lang='lat' dir='ltr'>pro</span> <span class='ocrx_word' id='word_1_377' title='bbox 755 2619 857 2653; x_wconf 77' lang='lat' dir='ltr'>nobis</span> <span class='ocrx_word' id='word_1_378' title='bbox 882 2630 1019 2664; x_wconf 76' lang='lat' dir='ltr'>egenus</span> <span class='ocrx_word' id='word_1_379' title='bbox 1046 2622 1100 2653; x_wconf 80' lang='lat' dir='ltr'>est</span> <span class='ocrx_word' id='word_1_380' title='bbox 1113 2619 1257 2664; x_wconf 81' lang='lat' dir='ltr'>sactus,</span> <span class='ocrx_word' id='word_1_381' title='bbox 1282 2624 1319 2652; x_wconf 91' lang='lat' dir='ltr'>ut</span> <span class='ocrx_word' id='word_1_382' title='bbox 1347 2617 1436 2652; x_wconf 90' lang='lat' dir='ltr'>dicit</span> <span class='ocrx_word' id='word_1_383' title='bbox 1463 2618 1663 2662; x_wconf 86' lang='lat' dir='ltr'>apostolus,</span> <span class='ocrx_word' id='word_1_384' title='bbox 1690 2627 1711 2652; x_wconf 89' lang='lat'><strong>2</strong></span> <span class='ocrx_word' id='word_1_385' title='bbox 1742 2619 1825 2653; x_wconf 90' lang='lat' dir='ltr'>Cor.</span> <span class='ocrx_word' id='word_1_386' title='bbox 1839 2632 1882 2664; x_wconf 87' lang='lat'>40</span> 
     </span>
     <span class='ocr_line' id='line_1_50' title="bbox 497 2677 622 2720; baseline -0.008 -9"><span class='ocrx_word' id='word_1_387' title='bbox 497 2677 570 2711; x_wconf 91' lang='lat' dir='ltr'>viii.</span> <span class='ocrx_word' id='word_1_388' title='bbox 589 2686 622 2720; x_wconf 85' lang='lat'>9.</span> 
     </span>
     <span class='ocr_line' id='line_1_51' title="bbox 544 2732 1826 2769; baseline -0.002 0"><span class='ocrx_word' id='word_1_389' title='bbox 544 2736 631 2769; x_wconf 85' lang='lat' dir='ltr'>RIC.</span> <span class='ocrx_word' id='word_1_390' title='bbox 660 2735 755 2768; x_wconf 89' lang='lat' dir='ltr'>Cum</span> <span class='ocrx_word' id='word_1_391' title='bbox 779 2734 827 2769; x_wconf 86' lang='lat' dir='ltr'>ad</span> <span class='ocrx_word' id='word_1_392' title='bbox 853 2733 1090 2769; x_wconf 87' lang='lat' dir='ltr'>commodum</span> <span class='ocrx_word' id='word_1_393' title='bbox 1115 2732 1299 2768; x_wconf 88' lang='lat' dir='ltr'>offerentis</span> <span class='ocrx_word' id='word_1_394' title='bbox 1323 2744 1387 2768; x_wconf 90' lang='lat' dir='ltr'>seu</span> <span class='ocrx_word' id='word_1_395' title='bbox 1405 2732 1599 2767; x_wconf 88' lang='lat' dir='ltr'>vendentis</span> <span class='ocrx_word' id='word_1_396' title='bbox 1620 2733 1702 2767; x_wconf 91' lang='lat' dir='ltr'>Deo</span> <span class='ocrx_word' id='word_1_397' title='bbox 1722 2733 1826 2767; x_wconf 89' lang='lat' dir='ltr'>Deus</span> 
     </span>
     <span class='ocr_line' id='line_1_52' title="bbox 499 2789 1824 2837; baseline -0.002 -11"><span class='ocrx_word' id='word_1_398' title='bbox 499 2792 587 2837; x_wconf 88' lang='lat' dir='ltr'>quid</span> <span class='ocrx_word' id='word_1_399' title='bbox 612 2791 751 2836; x_wconf 85' lang='lat' dir='ltr'>recipit,</span> <span class='ocrx_word' id='word_1_400' title='bbox 771 2803 844 2826; x_wconf 86' lang='lat' dir='ltr'>non</span> <span class='ocrx_word' id='word_1_401' title='bbox 872 2792 919 2827; x_wconf 88' lang='lat' dir='ltr'>ad</span> <span class='ocrx_word' id='word_1_402' title='bbox 945 2791 1183 2826; x_wconf 90' lang='lat' dir='ltr'>commodum</span> <span class='ocrx_word' id='word_1_403' title='bbox 1209 2791 1279 2826; x_wconf 90' lang='lat' dir='ltr'>Dei</span> <span class='ocrx_word' id='word_1_404' title='bbox 1304 2791 1402 2825; x_wconf 88' lang='lat' dir='ltr'>nullo</span> <span class='ocrx_word' id='word_1_405' title='bbox 1430 2790 1582 2834; x_wconf 86' lang='lat' dir='ltr'>egentis,</span> <span class='ocrx_word' id='word_1_406' title='bbox 1602 2789 1744 2825; x_wconf 86' lang='lat' dir='ltr'>virtutis</span> <span class='ocrx_word' id='word_1_407' title='bbox 1769 2796 1824 2825; x_wconf 90' lang='lat' dir='ltr'>est</span> 
     </span>
    </p>
   </div>
   <div class='ocr_carea' id='block_1_11' title="bbox 2089 2091 2095 3254">
    <p class='ocr_par' dir='ltr' id='par_1_13' title="bbox 2089 2091 2095 3254">
     <span class='ocr_line' id='line_1_53' title="bbox 2089 2091 2095 3254; baseline 0 0"><span class='ocrx_word' id='word_1_408' title='bbox 2089 2091 2095 3254; x_wconf 95' lang='lat' dir='ltr'> </span> 
     </span>
    </p>
   </div>
  </div>
 </body>
</html>
