2095 3278
66 154 271 207 CAP.X11.]
624 162 689 193 DE
722 161 967 194 PAUPERIE
1000 161 1312 194 SALVATORis.
1800 165 1884 207 399

172 277 269 319 3OA]
281 276 487 311 coturnices
513 276 599 320 quia
624 275 764 310 diutine
790 281 960 320 poterant
985 275 1164 310 reservari
1185 286 1207 310 a
1233 275 1385 320 singulis
1407 276 1454 311 de
1474 275 1607 311 eodem

281 337 417 382 populo
439 346 554 380 usque
580 335 628 369 ad
654 334 784 369 decem
810 335 942 368 choros
968 340 1075 378 capte
1096 341 1206 379 atque
1228 335 1365 369 siccate
1390 347 1456 380 pro
1477 335 1607 370 futuris

281 393 509 437 temporibus
535 393 777 427 servabantur
797 391 904 435 (sicut
930 391 1062 436 legitur
1085 393 1199 426 Num.
1217 391 1263 426 xi.
1283 391 1342 435 2):
1370 392 1470 427 unde
1489 392 1606 428 Levit.

280 450 372 485 xxvi.
396 459 437 484 10
453 450 574 485 eidem
600 450 736 494 populo
762 449 915 493 legimus
933 449 1004 483 hoc
1022 449 1134 483 modo
1151 461 1174 483 a
1192 449 1357 483 Domino
1382 450 1496 484 fuisse
1521 461 1607 495 pro-

249 515 267 546 5
282 508 446 551 missum,
465 508 495 541 si
520 508 639 550 legem
659 513 856 549 servarent,
878 507 1080 540 Comedetz's
1105 508 1361 541 vetustissima
1382 512 1549 541 veterum
1573 511 1610 542 et

281 569 407 599 vetera
424 566 533 599 novis
548 564 894 609 supervenientibus
903 565 1108 608 proiciens,
1128 571 1167 598 ut
1194 576 1235 599 ex
1263 564 1334 599 hiis
1361 570 1396 600 et
1420 564 1500 599 aliis
1525 566 1606 609 plu-

281 623 382 657 ribus
408 623 523 657 lacius
553 622 590 656 in
617 622 815 667 Scripturis
844 621 1028 666 expressis
1056 622 1224 667 apercius
1255 622 1479 657 instruamur
1508 624 1607 658 iuxta

281 680 539 715 condicionem
572 692 692 714 rerum
725 679 936 714 hominibus
971 679 1141 714 datarum
1175 680 1213 714 in
1246 691 1353 714 usum
1387 680 1509 715 minus
1544 687 1607 715 aut

281 738 440 782 amplius
465 749 547 772 esse
573 749 639 782 pro
668 737 799 772 futuris
828 737 956 771 usibus
986 737 1262 772 reservandum.
1315 738 1427 773 Unde
1453 738 1607 772 dubium

231 804 269 825 10
282 807 358 830 non
375 795 520 830 videtur
537 794 626 839 quin
646 795 682 829 in
701 800 799 829 statu
818 794 1045 837 innocencie,
1065 794 1094 829 si
1114 795 1235 829 cuncti
1261 795 1299 829 in
1324 796 1422 830 bono
1449 788 1607 830 mansisss

282 859 373 896 sent,
393 853 439 887 de
463 853 579 887 allece
604 851 811 886 natatilium
835 852 1033 896 generibus
1052 852 1220 887 homines
1238 853 1396 897 amplius
1423 852 1607 897 providis-

283 917 375 953 sent,
389 910 494 945 sicuti
509 910 555 945 de
570 910 754 954 segetibus
769 916 804 944 et
818 904 950 944 fetibus
965 910 1178 944 animalium
1191 910 1371 955 ampliora
1386 917 1606 954 servassent,

282 976 395 1010 quam
420 965 467 999 de
495 965 605 999 rebus
633 964 767 999 cotidie
794 965 973 1009 promptis
1000 965 1048 999 ad
1078 976 1253 1008 manum;
1285 965 1491 1000 cuiusmodi
1520 971 1606 1000 sunt

281 1019 402 1064 pisces
420 1019 611 1054 fluminum
629 1030 672 1054 ac
691 1026 916 1063 stagnorum.
968 1020 1081 1055 Unde
1102 1026 1255 1064 apparet
1274 1020 1372 1065 quod
1391 1020 1516 1065 aliqua
1532 1020 1607 1055 vite

231 1079 268 1112 15
282 1077 521 1111 innocentum
535 1078 739 1112 accomoda
755 1076 909 1111 fuissent
923 1088 1059 1122 magno
1077 1077 1252 1112 laboricio
1268 1089 1332 1112 seu
1344 1077 1475 1122 grandi
1494 1089 1608 1122 opera

281 1135 471 1179 acquisita,
481 1146 551 1179 que
569 1146 720 1169 causam
733 1135 997 1179 appropriandi
1016 1135 1239 1177 huiusmodi,
1253 1136 1352 1170 iuxta
1370 1135 1604 1180 supradictas

282 1194 382 1236 leges
415 1199 556 1236 nature,
590 1193 620 1227 si
655 1192 894 1237 appropriare
927 1193 1104 1235 libuisset,
1138 1193 1191 1228 eis
1225 1194 1400 1236 dedisset,
1432 1193 1532 1238 quod
1569 1193 1606 1227 in

282 1250 491 1285 volucribus
509 1256 544 1285 et
562 1250 752 1294 reptilibus
778 1256 813 1285 et
837 1250 918 1285 aliis
945 1251 1108 1285 bestiolis
1135 1252 1339 1286 secundum
1364 1252 1517 1286 modum
1543 1263 1607 1286 sue

281 1314 412 1343 nature
429 1319 630 1352 congruum
649 1307 829 1343 crevimus
845 1308 1045 1343 observari.
1097 1308 1238 1353 Singuli
1264 1309 1364 1344 enim
1389 1320 1515 1344 eorum
1540 1321 1606 1353 pro

230 1380 270 1401 20
284 1377 323 1400 se
340 1372 375 1400 et
394 1365 468 1400 suis
486 1365 620 1400 fetibus
637 1365 853 1400 necessaria
878 1365 915 1399 in
939 1377 1063 1400 escam
1082 1372 1362 1411 congreganteS,
1382 1372 1607 1410 congregata

189 1422 303 1462 20B*
334 1435 378 1458 ex
406 1423 591 1466 instinctu,
622 1423 727 1468 quasi
760 1435 804 1458 ex
837 1424 999 1468 quadam
1027 1424 1118 1468 lege,
1150 1424 1219 1458 sibi
1249 1423 1500 1469 appropriant,
1529 1424 1608 1459 sine

283 1480 423 1515 invidia
452 1493 517 1516 seu
550 1481 721 1516 molestia
748 1480 801 1515 eis
836 1481 1027 1515 inferenda
1056 1482 1103 1516 ab
1134 1481 1227 1525 aliis,
1258 1493 1347 1516 casu
1374 1481 1608 1517 necessitatis

282 1544 459 1583 except03
490 1538 527 1572 in
554 1549 626 1583 quo
657 1549 719 1572 eas
748 1537 995 1582 conspicimus
1024 1550 1099 1573 non
1128 1550 1173 1574 ea
1202 1540 1310 1582 bona,
1336 1538 1446 1574 veluti
1475 1539 1607 1583 aliena,

285 1609 423 1642 rapere,
443 1604 499 1632 set
517 1598 564 1632 ab
583 1596 664 1632 aliis
683 1603 906 1641 congregata
923 1608 966 1632 eo
985 1608 1073 1632 casu
1090 1604 1129 1632 ut
1149 1609 1215 1632 sua
1232 1597 1404 1643 recipere.

229 1735 269 1767 25
332 1723 562 1757 IOHANNES.
589 1722 677 1755 Non
696 1720 805 1755 video
823 1721 1008 1766 quomodo
1034 1733 1127 1756 unus
1151 1721 1268 1766 potuit
1292 1721 1369 1757 sine
1389 1721 1522 1756 iniuria
1542 1721 1608 1757 ali·
1621 1727 1702 1759 XII.

67 1791 191 1818 terram
208 1794 240 1819 Β,
284 1791 390 1814 orum
414 1778 577 1823 aliquam
601 1784 698 1813 terre
724 1784 787 1812 aut
813 1778 924 1813 maris
951 1779 1171 1822 particulam
1195 1780 1319 1824 quoad
1341 1779 1609 1824 possidendum
1622 1781 1779 1812 Argument
1792 1779 1820 1806 in

286 1837 293 1843 .
448 1837 453 1842 .
644 1835 651 1842 .
869 1835 876 1841 .
967 1836 973 1842 .
1135 1836 1141 1842 .
1621 1814 1720 1839 favour
1732 1814 1763 1840 of
1773 1814 1821 1839 the

284 1843 376 1872 iuste
393 1838 512 1871 taliter
530 1847 740 1880 proprlare3
768 1847 942 1881 quonlam
966 1837 1025 1870 ille
1048 1838 1226 1881 partlcule
1249 1838 1436 1871 habebant
1463 1837 1607 1881 herbas,
1621 1847 1741 1879 position
1755 1847 1816 1872 that
1830 1845 1858 1872 in

283 1896 436 1938 fructus,
448 1893 598 1936 bestias,
610 1894 789 1936 volucres,
801 1900 837 1928 et
852 1893 973 1938 pisces
987 1894 1192 1938 producere
1208 1894 1244 1928 in
1259 1900 1475 1929 cunctorum
1488 1896 1608 1929 homi·
1621 1880 1888 1945 ξεῗξζθπῗέῐξᾞξῇῑ

285 1963 375 1987 num
387 1951 698 1986 sustentacionem
713 1951 957 1985 communiter
971 1963 978 1986 :
999 1958 1034 1985 et
1048 1952 1100 1985 sic
1115 1952 1186 1986 illis
1200 1952 1388 1996 particulis
1401 1946 1889 2013 apropriate?¹{'15‘³ejgr¹{gfi3}hing⁵

63 2016 273 2057 possessionis
284 2009 466 2055 possessis
480 2009 527 2043 ab
546 2020 618 2042 uno
636 2008 697 2042 alii
711 2019 795 2042 cum
809 2007 938 2042 maiori
954 2008 1052 2043 tedio
1068 2020 1133 2043 seu
1148 2010 1272 2044 labore
1284 2009 1489 2054 potuissent
1504 2022 1609 2045 suam
1807 2000 1814 2007 ’

68 2060 107 2089 ab
123 2070 189 2090 uno
204 2059 269 2090 alii
285 2067 398 2102 vitam
424 2066 646 2111 transigere3
679 2072 714 2100 et
738 2065 790 2100 sic
815 2066 1049 2101 inferreretur
1073 2066 1205 2101 ceteris
1230 2066 1284 2111 (ut
1308 2067 1419 2102 michi
1446 2068 1606 2113 videtur)

68 2107 177 2133 tamen
194 2110 225 2134 B'
285 2125 427 2168 iniuria,
441 2135 525 2158 cum
542 2135 606 2169 per
622 2124 772 2158 fratrem
791 2135 898 2158 suum
915 2124 963 2158 ad
981 2125 1053 2158 tale
1072 2124 1308 2169 dispendium
1326 2132 1528 2169 urgeretur.

332 2184 559 2217 RICARDUS.
587 2181 626 2216 Si
653 2181 839 2225 possessio
866 2181 1041 2216 iniuriosa
1066 2187 1101 2216 et
1127 2193 1193 2226 per
1217 2194 1445 2228 consequens
1472 2183 1607 2218 iniusta

284 2241 465 2282 existeret,
496 2251 570 2274 non
605 2245 702 2274 esset
736 2238 923 2283 possessio
956 2239 1133 2274 naturalis
1161 2247 1216 2275 set
1250 2240 1446 2285 usurpacio
1479 2241 1608 2286 pocius

232 2307 272 2338 35
285 2297 445 2332 violenta
470 2297 628 2332 dicenda
645 2309 651 2331 z
677 2296 941 2331 nichilominus
966 2297 1100 2341 poterit
1118 2297 1184 2332 tibi
1209 2297 1292 2341 dici,
1312 2304 1351 2333 ut
1369 2310 1490 2343 supra,
1510 2299 1609 2334 iuxta

285 2356 448 2399 regulam
474 2355 704 2399 prelibatam,
728 2354 828 2399 quod
854 2354 953 2398 prior
977 2354 1116 2399 origine
1142 2355 1242 2400 prior
1269 2355 1323 2400 (ut
1341 2355 1498 2400 videtur)
1525 2368 1609 2391 esse

286 2414 445 2448 debebat
472 2413 508 2447 in
535 2412 622 2447 iure.
673 2413 795 2456 Unde,
814 2413 937 2447 Adam
956 2414 1034 2447 solo
1053 2421 1187 2456 creato,
1206 2413 1285 2458 ipse
1310 2420 1478 2459 potuerat
1498 2414 1607 2448 Para—

286 2471 407 2505 disum
421 2482 465 2505 ex
483 2470 624 2514 integro
642 2470 842 2515 possidere,
854 2476 889 2504 et
908 2471 1006 2504 solus
1024 2471 1070 2505 de
1087 2471 1185 2505 facto
1202 2471 1368 2515 possedit
1388 2471 1501 2516 (iuxta
1519 2472 1609 2506 illud

287 2529 379 2563 Gen.
398 2527 433 2562 ii.
455 2535 509 2572 15,
535 2527 640 2561 Tulit
663 2528 788 2573 {gitur
809 2528 997 2561 Dominus
1022 2527 1217 2571 hominem,
1243 2532 1280 2562 et
1295 2530 1429 2573 posuit
1455 2541 1538 2563 eum
1567 2531 1610 2563 in

232 2598 275 2629 40
286 2586 472 2620 Paradiso
505 2586 721 2630 voluptatis,
755 2588 800 2619 ut
831 2587 1052 2629 operaretur
1081 2590 1118 2619 et
1149 2586 1351 2621 custodiret
1381 2586 1506 2631 illum)
1523 2600 1537 2621 .·
1573 2593 1609 2621 et

286 2643 557 2686 nichilominus,
575 2649 663 2677 nato
689 2643 757 2677 sibi
786 2643 913 2687 Caym,
938 2649 1081 2687 poterat
1107 2643 1186 2688 ipse
1211 2645 1339 2688 Caym,
1359 2645 1389 2679 si
1410 2645 1610 2680 Paradisus

288 2701 341 2735 eis
361 2701 551 2744 sufficeret,
573 2701 789 2735 Paradisum
811 2712 895 2735 cum
920 2708 1024 2746 patre
1046 2701 1291 2737 communiter
1315 2702 1526 2747 possidere;
1555 2709 1610 2737 set

288 2759 357 2793 hac
374 2758 652 2793 modificacione
671 2758 848 2802 adhibita,
868 2759 966 2803 quod
990 2765 1095 2804 pater
1120 2759 1193 2794 filio
1212 2766 1247 2795 et
1267 2760 1389 2795 senior
1415 2760 1545 2795 iuniori
1572 2759 1609 2794 in
