2008 3305
189 185 272 223 104
861 184 926 214 DE
958 183 1174 215 DOMINIO
1207 182 1385 214 D1V1No
1570 169 1675 227 [CAP.
1693 182 1786 212 xm.

462 295 766 333 concederemus
780 296 884 345 quod
900 302 1059 344 utraque
1081 308 1248 345 persona
1269 296 1394 333 divina
1411 294 1624 332 eternaliter
1638 298 1786 331 creatur
1803 294 1897 336 [340

462 372 498 403 et
519 366 659 415 incipit,
683 379 773 404 cum
793 373 924 403 tamen
945 366 1194 403 conformiter
1214 366 1262 403 de
1283 365 1479 402 desicione
1500 365 1697 402 diceretur.

184 454 367 486 Arguments
520 436 623 482 Quia
652 449 746 485 ergo
775 438 847 474 ista
882 437 1030 485 posicio
1064 436 1318 486 multipliciter
1348 436 1466 472 inficit
1500 435 1624 471 eciam
1658 433 1791 470 fideles

183 488 307 519 against
319 487 366 512 the
377 487 437 512 doc·
562 508 568 514 .
765 508 772 514 .
971 508 977 514 .
1026 507 1032 513 .
1061 508 1067 514 .
1330 507 1336 513 .
1542 505 1547 512 .

185 520 365 552 trz‘neoftlze
381 523 451 545 eter-
464 519 633 552 nomme,
667 515 838 556 argultur
871 507 1128 556 multlpliciter
1160 513 1294 544 contra
1328 507 1442 543 1llam.
1499 505 1661 541 Vldetur
1695 515 1789 552 ergo

184 553 452 622 ῗᾚζζέἷὶἔὲζξέε
466 578 591 626 primo
628 578 732 627 quod
763 578 932 615 mundus
964 578 1121 625 incipiat
1155 589 1238 614 esse
1271 577 1394 614 eciam
1428 576 1656 624 incepcione
1691 580 1821 614 tem-5

184 631 418 689 ἓῗιῗὲῗῑῖῗοὲἓῃιῖε
464 649 609 697 porali;
642 648 732 697 quia
760 649 856 685 sicut
876 648 1009 685 mundi
1030 648 1237 685 existencia
1257 653 1293 684 et
1322 659 1433 684 suum
1453 658 1537 682 esse
1558 644 1789 693 intelligibile

183 697 452 763 ῗὲἶῖιιξςέιςῑιᾞῗῑιῖἓῖ
466 719 759 768 distinguuntur,
781 719 833 756 sic
857 725 893 756 et
920 718 1054 755 mundi
1079 719 1290 755 existencia
1316 724 1353 754 et
1380 729 1491 755 suum
1518 728 1603 753 esse
1627 715 1791 752 existere

182 769 396 797 pomtinnme.
463 790 747 827 successivum:
789 801 883 838 ergo
914 790 1010 826 sicut
1041 796 1171 827 eterna
1205 788 1385 826 mocione
1415 786 1583 824 mundus
1613 798 1635 823 a
1663 785 1791 834 primo

464 872 548 898 esse
575 860 708 909 incipit
735 860 785 897 ad
812 860 1036 906 secundum,
1065 861 1119 897 sic
1145 866 1183 896 et
1211 872 1233 896 a
1264 858 1437 896 secundo
1467 857 1515 895 ad
1541 857 1723 902 tercium3
1754 861 1791 892 et

462 943 531 980 per
561 943 805 980 consequens
841 943 930 968 cum
966 930 1101 967 mundi
1140 930 1297 967 duracio
1338 930 1384 967 sit
1422 935 1585 977 tempus,
1619 926 1788 963 mundus
1806 936 1846 958 10

462 1002 579 1039 habet
599 1002 867 1051 incepcionem
894 1002 1063 1051 aliquam
1090 1000 1341 1050 temporalem
1353 1013 1363 1046 ,·
1396 1006 1433 1037 et
1457 1011 1525 1048 per
1544 1009 1789 1046 consequens

463 1078 615 1121 oportet
654 1072 743 1109 dare
781 1073 927 1110 instans
966 1073 1150 1121 temporis
1188 1078 1312 1121 preter
1346 1071 1493 1108 instans
1532 1076 1666 1106 nature
1701 1080 1789 1117 pre-

463 1143 605 1181 cedens
634 1143 674 1180 in
701 1155 777 1192 qua
806 1143 974 1181 mundus
1002 1143 1074 1180 ista
1103 1142 1331 1192 incepcione
1361 1141 1528 1190 incipiat.
1598 1140 1788 1189 Assump-

461 1221 542 1251 tum
572 1221 629 1251 est
658 1214 814 1252 evidens
845 1215 979 1252 scienti
1009 1214 1242 1263 distinguere
1276 1214 1374 1251 inter
1401 1219 1563 1261 tempus,
1594 1210 1699 1260 quod
1733 1216 1791 1247 est

462 1285 643 1322 accidens
675 1291 810 1323 natura
830 1286 1030 1334 posterius,
1062 1291 1099 1323 et
1133 1284 1361 1322 subiectum.
1434 1283 1552 1329 Quod
1587 1283 1618 1319 si
1653 1281 1789 1318 dicitur
1805 1294 1842 1326 15

462 1355 651 1392 mundum
673 1367 826 1405 semper
846 1357 967 1394 eciam
989 1355 1203 1393 secundum
1223 1361 1377 1404 tempus
1398 1354 1578 1403 incipere,
1598 1365 1667 1402 per
1686 1352 1790 1388 idem

462 1437 615 1475 semper
650 1427 865 1464 secundum
904 1434 1056 1476 tempus
1092 1426 1293 1472 desineret,
1331 1425 1421 1475 quia
1455 1425 1505 1462 ab
1538 1424 1668 1472 aliquo
1707 1434 1792 1459 esse

461 1497 681 1535 successivo
704 1483 910 1543 decideret,
932 1504 968 1535 et
988 1510 1057 1546 per
1076 1497 1180 1534 idem
1201 1496 1385 1546 quidlibet
1406 1495 1587 1533 continue
1607 1493 1792 1543 inciperet

461 1572 499 1604 et
519 1568 709 1605 desineret
730 1574 838 1605 motu
859 1568 1056 1614 continuo,
1077 1574 1117 1605 ut
1138 1568 1233 1604 dixit
1255 1566 1442 1604 Eraclius.

182 1662 205 1678 2.
224 1652 287 1678 The
299 1651 441 1678 existence
516 1638 626 1684 Item,
660 1651 750 1676 cum
782 1646 861 1676 tota
899 1639 1034 1676 mundi
1069 1639 1225 1676 duracio
1264 1637 1482 1675 successiva
1520 1636 1566 1673 sit
1599 1634 1789 1684 posterior
1804 1646 1845 1668 20

180 1687 291 1745 {2333}
306 1686 437 1745 tvirlriieci‘niS
463 1721 580 1758 quam
619 1710 700 1747 eius
735 1710 1003 1747 substancialis
1037 1709 1258 1755 existencia,
1292 1709 1461 1757 sequitur
1496 1707 1603 1756 quod
1641 1706 1789 1743 instans

181 1753 419 1813 {ffijfflssiss‘sssgf
462 1780 754 1830 posterioritatis
783 1780 894 1818 huius
922 1780 1138 1818 duracionis
1161 1780 1179 1800 *
1202 1791 1282 1816 non
1314 1779 1441 1817 solum
1471 1779 1517 1816 sit
1545 1779 1691 1815 instans
1721 1789 1836 1818 ria-D

181 1820 387 1880 {giltig·}*¹‘³hls
462 1858 542 1888 ture
568 1852 637 1889 sed
658 1852 841 1901 temporis
854 1864 864 1898 ‚-
895 1858 931 1888 et
951 1864 1019 1900 per
1038 1863 1282 1901 consequens
1308 1857 1364 1888 est
1392 1850 1481 1887 dare
1509 1849 1656 1886 instans
1677 1848 1789 1885 huius

462 1922 698 1971 incepcionis
733 1922 900 1959 secunde
935 1922 1032 1959 sicut
1064 1922 1212 1971 prime3
1257 1927 1294 1959 et
1323 1921 1378 1958 sic
1407 1921 1478 1958 ista
1508 1920 1666 1957 duracio
1702 1930 1790 1956 suc-

462 1993 609 2030 cessiva
643 1999 699 2030 est
732 1993 838 2030 finita
873 1992 1003 2042 quoad
1037 2005 1147 2030 suam
1180 1993 1396 2030 essenciam
1428 1990 1641 2028 secundum
1671 1990 1790 2027 finem
1804 1998 1843 2030 25

460 2064 721 2108 intrinsecum,
743 2064 839 2101 sicut
865 2070 902 2101 et
932 2075 1045 2100 suum
1074 2064 1288 2101 subiectum
1317 2070 1354 2100 et
1384 2063 1548 2112 quelibet
1575 2068 1702 2099 creata
1727 2072 1790 2097 es-

461 2134 612 2171 sencia:
644 2135 812 2183 primum
838 2147 931 2182 ergo
957 2135 1104 2171 instans
1131 2135 1329 2184 proprium
1363 2135 1402 2173 in
1422 2145 1500 2183 quo
1526 2134 1595 2171 iste
1622 2133 1790 2170 mundus

461 2206 596 2254 incipit
633 2206 795 2242 existere
835 2206 1049 2242 successive
1091 2211 1149 2242 est
1186 2206 1352 2254 primum
1397 2205 1544 2242 instans
1592 2204 1789 2253 temporis.

463 2275 546 2314 Nec
582 2276 724 2313 tollitur
755 2276 956 2313 difficultas
989 2276 1175 2325 ponendo
1206 2276 1312 2324 quod
1344 2276 1511 2313 mundus
1541 2275 1674 2324 incipit
1705 2286 1789 2312 esse

460 2348 500 2384 in
521 2347 648 2396 specie
676 2347 854 2384 instantis
881 2354 918 2384 et
942 2347 981 2384 in
1006 2347 1110 2384 nullo
1138 2347 1218 2384 eius
1247 2347 1454 2392 individuo,
1476 2353 1556 2383 tum
1581 2346 1670 2396 quia
1698 2354 1788 2382 tunc
1803 2356 1844 2387 30

461 2418 551 2455 data
572 2418 718 2468 species
739 2417 835 2455 foret
855 2418 1022 2466 primum
1042 2418 1188 2455 instans
1209 2418 1403 2466 temporis,
1425 2419 1521 2454 sicut
1542 2423 1578 2454 et
1599 2417 1785 2461 ultimum,

463 2495 502 2525 ut
530 2495 634 2537 patet
660 2501 728 2537 per
752 2489 944 2537 pueriliter
969 2495 1234 2537 exponentes3
1266 2496 1347 2525 tum
1376 2488 1499 2525 eciam
1527 2488 1615 2537 quia
1640 2487 1788 2536 species

462 2559 650 2604 instantis,
678 2571 769 2596 cum
798 2571 879 2596 non
909 2565 1037 2608 potest
1064 2559 1279 2598 secundum
1309 2559 1505 2608 quodlibet
1534 2558 1615 2596 eius
1644 2569 1789 2606 suppo-

497 2669 537 2692 16.
558 2667 700 2693 mundum
716 2668 737 2693 B
750 2674 755 2693 :
777 2667 903 2693 mundas
916 2668 941 2693 A
952 2667 983 2693 C.
1104 2677 1144 2693 20.
1164 2669 1173 2697 ΙΙ
1185 2668 1224 2693 sit
1231 2668 1377 2699 posterior
1390 2667 1412 2692 B
1425 2667 1442 2692 f.
1459 2676 1506 2699 227
1518 2675 1543 2692 D.
1664 2675 1704 2698 30.
1727 2668 1790 2692 tum

461 2700 534 2727 AC:
555 2704 623 2727 tunc
637 2701 667 2727 B.
783 2711 823 2733 32.
846 2704 909 2727 tum
922 2701 996 2727 AC:
1017 2710 1081 2727 cum
1097 2701 1127 2726 B.

538 2789 586 2821 19.
611 2780 662 2811 Cf.
682 2780 844 2812 Heracliti
861 2780 988 2821 Reliqq.
1008 2780 1061 2812 xli.
1081 2791 1114 2822 p.
1131 2779 1180 2820 16,
1199 2780 1248 2811 ed.
1266 2780 1290 2811 I.
1310 2780 1469 2820 Bywater,
1488 2778 1612 2811 Oxford
1633 2780 1725 2820 1877.
