2095 3278
209 678 251 704 Of
260 677 357 710 simple
370 678 464 704 actual

208 721 257 738 use
265 711 382 738 without
391 712 476 744 right.

527 168 731 201 RICARDI
763 168 1067 202 ARMACHANI
1098 169 1163 201 DE
1195 170 1438 203 PAUPERIE
1471 170 1783 204 SALVATORIS.

487 272 711 317 proprietati,
725 273 899 316 dominio,
911 279 947 308 et
966 272 1128 317 licencie‚
1143 273 1449 316 commodacioni,
1465 286 1508 309 ac
1526 274 1716 318 locacioni,
1729 274 1805 310 sive
1821 279 1922 322 [48A

486 330 535 364 ad
561 341 709 365 omnem
734 342 841 365 usum
867 331 944 366 sive
968 331 1017 366 ad
1042 342 1150 365 usum
1175 331 1335 376 aliquem
1361 331 1604 376 singularem;
1632 333 1808 378 quoniam

486 388 699 423 conducens
724 399 861 433 equum
890 389 938 424 ad
969 389 1098 424 decem
1123 388 1281 424 miliaria
1310 390 1545 433 transeunda,
1571 389 1648 426 sive
1674 402 1810 436 equum

486 447 734 480 accomodans
753 452 816 480 aut
834 447 978 481 habens
1000 447 1049 481 ad
1072 446 1172 481 illum
1190 453 1315 481 actum
1332 458 1427 492 equo
1450 448 1579 482 utendi
1605 448 1810 492 licenciam,

487 504 543 538 ius
575 504 687 538 habet
717 515 812 548 equo
840 504 979 547 utendi,
1010 504 1116 539 sicud
1146 505 1258 539 habet
1288 505 1347 539 ille
1377 504 1439 550 qui
1470 505 1582 541 habet
1616 506 1841 546 licenciam5

486 562 696 596 absolutam
721 573 815 607 equo
845 562 971 597 utendi
1002 568 1145 598 retento
1172 563 1338 597 dominio
1361 574 1477 608 penes
1504 563 1696 599 licenciam
1722 575 1810 599 con-

487 619 691 654 cedentem.

537 678 626 712 IOH.
654 678 713 712 De
731 688 799 712 usu
817 678 901 712 volo
926 684 964 712 ut
987 678 1091 712 dicas
1117 677 1286 723 numquit
1313 678 1360 713 sit
1384 677 1516 724 aliquis
1542 678 1698 724 simplex
1723 679 1811 714 facti

487 745 587 778 usuS,
622 735 773 779 scilicet,
806 735 893 770 facti
928 742 1073 770 tantum
1106 747 1241 771 nomen
1274 736 1426 780 habens,
1459 747 1534 771 non
1575 736 1673 779 iuris,
1708 737 1810 772 sicud

487 793 622 827 dicitur
638 792 673 827 in
692 793 867 828 decretali
884 794 1051 838 predicta
1067 795 1190 828 Exiit.
1242 795 1363 838 Supra
1379 794 1489 837 enim,
1508 795 1662 840 loquens
1680 795 1728 830 de
1744 806 1812 830 usu
1825 806 1932 837 supra,
1950 807 1982 838 p.

487 851 711 896 procedente
728 851 775 885 ab
794 851 961 896 originali
979 852 1153 895 dominio,
1172 852 1363 886 affirmasti
1380 863 1529 887 omnem
1550 864 1658 887 usum
1677 853 1813 887 iustum
1825 847 1899 881 47²·

486 908 663 944 existere:
691 910 789 944 unde
815 910 917 954 sequi
939 909 1084 944 videtur
1109 910 1209 955 quod
1234 910 1271 944 in
1297 910 1349 945 sic
1375 916 1499 945 utente
1524 917 1580 946 est
1605 922 1694 946 usus
1719 910 1812 946 illius

488 966 644 1010 iusticia,
662 973 698 1002 et
723 978 790 1011 per
814 978 1043 1012 consequens
1070 968 1128 1002 ille
1154 974 1261 1002 utens
1284 969 1396 1003 habet
1420 968 1456 1003 in
1478 980 1517 1003 re
1536 979 1609 1014 qua
1625 969 1737 1003 utitur
1756 969 1812 1004 ius

488 1024 637 1068 utendi;
664 1030 700 1060 et
719 1024 771 1059 ita
789 1025 909 1060 nullus
927 1031 1046 1070 potest
1071 1026 1208 1061 habere
1234 1026 1439 1071 simplicem
1462 1037 1569 1061 usum
1591 1026 1688 1070 facti,
1708 1025 1812 1062 sicud

488 1082 683 1118 decretalis
701 1081 763 1117 illa
779 1083 948 1118 affirmat.
1829 1092 1868 1124 15

536 1140 626 1174 RIC.
665 1141 767 1175 Usus
797 1141 1012 1186 simplicitas
1040 1141 1145 1176 sicuti
1176 1142 1330 1176 aliarum
1359 1153 1481 1176 rerum
1508 1141 1700 1187 dupliciter
1728 1148 1815 1187 apte

490 1204 610 1241 potest
637 1197 799 1242 intelligi,
826 1205 889 1233 aut
913 1210 979 1243 per
1003 1199 1253 1244 privacionem
1279 1199 1564 1245 composicionis
1590 1199 1815 1242 omnimode,

490 1268 562 1302 quo
581 1256 694 1291 modo
713 1257 812 1291 solus
832 1258 936 1292 Deus
955 1257 1110 1303 simplex
1126 1264 1248 1303 potest
1266 1258 1336 1293 dici
1352 1269 1360 1302 3
1387 1265 1450 1293 aut
1474 1270 1541 1303 per
1563 1258 1815 1303 privacionem

490 1314 603 1350 solius
622 1315 905 1360 composicionis
924 1327 1008 1350 cum
1030 1316 1154 1361 aliquo
1177 1316 1246 1351 sibi
1264 1317 1491 1352 extrinsecus
1512 1317 1723 1359 accedente,
1741 1328 1815 1362 quo

489 1372 603 1407 modo
637 1384 747 1408 omne
782 1373 820 1408 id
854 1373 1008 1418 simplex
1040 1374 1174 1419 poterit
1208 1381 1294 1419 apte
1327 1374 1411 1418 dici,
1445 1375 1544 1420 quod
1582 1381 1702 1420 preter
1743 1374 1813 1409 sibi
1830 1387 1870 1409 20

488 1431 703 1466 naturaliter
728 1431 941 1466 inherencia
965 1432 1065 1467 aliud
1090 1444 1165 1467 non
1189 1433 1304 1468 habet
1331 1433 1501 1468 inherens
1524 1433 1601 1469 sive
1618 1444 1814 1476 annexum,

490 1500 562 1534 quo
587 1490 699 1523 modo
725 1490 908 1524 elementa
934 1501 1025 1535 pura
1050 1490 1223 1525 dicuntur
1247 1490 1430 1536 simplicia
1454 1503 1609 1536 corpora
1631 1502 1653 1526 a
1677 1490 1815 1526 nostris

489 1547 733 1592 philosophis,
753 1554 807 1583 set
834 1548 864 1582 si
890 1548 1023 1583 fuerint
1050 1548 1205 1584 alterata
1230 1548 1267 1583 in
1292 1549 1416 1594 aliquo
1438 1560 1511 1584 non
1538 1549 1708 1585 dicuntur
1730 1548 1815 1584 sim-

489 1605 612 1650 plicia.
664 1606 750 1640 Hoc
774 1606 887 1640 modo
909 1607 1072 1642 secundo
1093 1613 1247 1652 possunt
1267 1608 1436 1642 homines
1453 1608 1591 1643 habere
1609 1607 1815 1653 simplicem

490 1675 597 1698 usum
625 1663 725 1707 facti,
751 1664 902 1707 scilicet,
928 1676 1036 1699 usum
1063 1666 1175 1699 talem
1205 1665 1263 1699 cui
1292 1665 1406 1700 nichil
1431 1672 1553 1713 preter
1577 1665 1815 1701 condiciones
1831 1676 1868 1708 25

489 1722 678 1757 naturales
703 1722 867 1765 adheret,
887 1722 1036 1766 scilicet,
1054 1723 1195 1757 nullum
1222 1723 1278 1758 ius
1304 1724 1453 1758 abextra
1479 1724 1556 1758 sive
1578 1723 1685 1759 civile
1708 1735 1815 1759 usum
1826 1727 1894 1760 scil.
1911 1737 1975 1760 om.
1990 1735 2020 1759 B.

490 1778 612 1824 ipsum
623 1779 825 1815 iustificans
838 1780 887 1814 illi
899 1781 1096 1823 adherens,
1104 1792 1169 1826 per
1180 1782 1279 1826 quod
1290 1793 1409 1826 neque
1424 1781 1628 1816 dominium
1639 1781 1816 1826 originale

488 1848 610 1882 neque
638 1838 827 1883 possessio
856 1838 1034 1873 naturalis
1063 1839 1111 1873 ab
1141 1850 1209 1873 usu
1239 1838 1443 1874 iustificans
1471 1839 1592 1884 ipsum
1619 1850 1727 1874 usum
1757 1852 1815 1875 ex-

488 1895 657 1939 cluditur,
676 1907 761 1930 cum
781 1896 998 1931 naturaliter
1017 1903 1291 1942 consequantur
1311 1897 1359 1931 ad
1380 1909 1486 1932 usum
1509 1897 1622 1942 (iuxta
1648 1898 1814 1943 superius
1827 1899 1923 1942 obseq.
1942 1907 1973 1931 Β.

488 1952 712 1998 declarata):
753 1954 852 1989 unde
881 1954 1060 1989 veraciter
1092 1954 1303 1989 conclusisti
1337 1955 1437 2000 quod
1466 1966 1654 2000 nunquam
1683 1956 1816 2001 poterit
1828 1964 1869 1994 30

486 2022 569 2046 esse
598 2022 686 2046 usus
712 2011 829 2045 iustus
856 2011 927 2046 nisi
954 2011 991 2046 in
1019 2018 1145 2046 utente
1170 2012 1279 2047 fuerit
1305 2011 1361 2047 ius
1386 2012 1535 2056 utendi;
1562 2025 1630 2047 nec
1655 2013 1726 2049 hoc
1752 2014 1815 2048 do-

487 2068 609 2103 minus
628 2070 663 2103 N
670 2069 835 2104 icholaus
856 2070 913 2103 III
933 2080 1068 2114 negare
1086 2070 1234 2105 volebat
1261 2070 1298 2104 in
1324 2070 1499 2105 fratribus
1525 2071 1741 2114 minoribus,
1761 2078 1816 2107 set

488 2138 598 2161 omne
622 2126 677 2162 ius
698 2126 803 2161 civile
822 2127 993 2162 vole*bat
1018 2128 1065 2162 ab
1088 2128 1141 2163 eis
1168 2128 1374 2162 secundum
1399 2129 1563 2173 regulam
1589 2129 1754 2174 ipsorum
1780 2130 1860 2165 inB

490 2196 557 2219 suo
583 2196 651 2219 usu
676 2185 895 2228 excludere3
931 2192 968 2221 et
993 2192 1093 2221 recte
1115 2186 1168 2231 (ut
1194 2186 1307 2220 michi
1332 2186 1491 2232 videtur)
1515 2186 1551 2221 in
1576 2187 1733 2232 septimo
1755 2188 1816 2223 fiet

491 2254 612 2278 sermo
630 2243 677 2278 de
694 2242 773 2279 isto.
1828 2253 1868 2286 35

911 2335 1085 2380 Explicit
1108 2334 1203 2369 liber
1224 2338 1394 2380 quartus.
