2008 3305
254 208 340 236 CAP.
358 195 417 252 v.]
717 206 862 241 LIBER
893 208 1117 241 TERTIUS.

138 326 238 366 86A]
243 321 425 369 posterior
444 321 656 358 causacione
675 334 785 370 quam
796 324 944 370 peccati
958 324 1124 360 remissio
1136 336 1156 366 ;
1185 328 1221 360 et
1241 335 1310 372 per
1333 335 1575 373 consequens

248 391 436 440 posterior
464 403 580 440 quam
608 391 736 439 gracia
765 393 1001 440 preveniens,
1031 405 1105 442 que
1134 394 1280 442 peccati
1308 394 1574 432 remissionem

247 461 447 498 causaliter
475 461 687 508 antecedit3
716 463 782 498 sed
805 467 858 499 est
873 463 988 510 prior
1016 464 1215 500 causaliter
1232 477 1342 511 quam
1372 466 1422 501 sz't
1448 472 1575 502 creata

204 531 377 579 Bgracia
407 532 727 580 correspondens,
757 532 911 579 scilicet,
940 534 1137 570 voluntatis
1166 538 1282 570 create
1315 533 1332 553 '¹‘
1366 536 1419 571 ad
1443 535 1573 572 bonum

216 603 443 643 5c0nversz'0.
510 601 561 638 Et
608 602 955 650 correspondenter
1002 603 1169 652 sequitur
1220 604 1380 641 tercium
1427 605 1571 654 iugum,

246 671 398 717 scilicet,
421 671 510 708 bona
531 672 699 709 voluntas
719 671 798 709 Dei
821 686 895 721 qua
916 674 997 710 vult
1022 674 1239 710 voluntalem
1260 687 1469 712 conversam
1490 688 1572 712 con-

244 742 398 779 servari
413 743 452 778 z‘n
473 742 560 779 bono
585 748 622 779 et
642 749 769 779 creata
794 744 1082 792 perseverancia
1109 745 1429 793 correspondens.
1487 746 1573 784 Hec

245 811 389 849 doctor.
446 811 507 848 Ex
545 812 625 849 istis
655 812 801 850 videtur
834 813 940 862 quod
979 814 1083 863 prius
1115 814 1311 852 causaliter
1349 822 1405 852 est
1442 816 1573 864 gracie

243 882 363 931 prime
393 881 532 920 infusio
559 894 675 932 quam
705 890 953 932 peccatorum
981 884 1166 929 remissio,
1187 891 1224 921 et
1247 896 1315 933 per
1341 884 1443 922 idem
1467 886 1572 934 prius

192 969 233 992 10
245 952 442 990 causaliter
458 959 515 991 est
534 953 680 1002 peccati
700 954 876 992 remissio
893 966 1009 1003 quam
1029 954 1154 991 medie
1174 955 1304 1004 gracie
1323 955 1572 1004 gratificantis

242 1022 392 1061 infusio.
451 1023 637 1070 Quamvis
675 1024 777 1061 enim
824 1024 929 1073 prius
980 1024 1108 1073 quoad
1155 1026 1482 1074 consequenciam
1526 1027 1573 1064 sit

242 1092 460 1142 simpliciter
496 1094 623 1142 gracie
661 1093 800 1131 infusio
839 1106 957 1143 quam
995 1095 1146 1143 peccati
1194 1095 1379 1141 remissio,
1423 1097 1571 1144 peccati

241 1169 371 1200 tamen
400 1165 571 1201 remissio
601 1175 680 1201 non
709 1171 836 1213 potest
865 1176 948 1202 esse
979 1165 1060 1202 sine
1081 1164 1206 1202 infusa
1225 1166 1367 1214 gracia.
1403 1166 1572 1204 Verum-

240 1240 370 1270 tamen
397 1234 542 1283 peccati
571 1235 744 1272 remissio
771 1235 939 1284 precedit
966 1235 1166 1273 causaliter
1190 1235 1423 1274 infusionem
1443 1238 1572 1287 gracie

190 1315 227 1348 15
241 1304 487 1352 gratificantis
518 1311 765 1354 peccatorem
795 1305 844 1343 ad
875 1306 1021 1343 bonum
1061 1318 1300 1352 conversum,
1337 1307 1427 1356 quia
1465 1308 1569 1356 prius

240 1375 440 1412 causaliter
473 1375 637 1414 declinat
668 1388 690 1413 a
723 1375 826 1414 malo
856 1387 974 1425 quam
1007 1376 1056 1413 ad
1094 1376 1251 1425 aliquod
1289 1377 1436 1415 bonurn
1473 1390 1567 1415 con-

238 1445 403 1482 vertitur.

1772 211 1852 254 247

292 1516 343 1553 Et
373 1522 478 1565 patet
511 1517 657 1555 solucio
696 1517 745 1555 ad
779 1524 1006 1566 argumenta
1044 1518 1183 1566 quibus
1222 1518 1427 1555 assumitur
1460 1518 1565 1568 quod
1579 1535 1600 1553 c.
1623 1527 1728 1554 Graees
1743 1529 1837 1556 f0110w

186 1666 227 1688 20
239 1656 410 1695 Primum
444 1658 600 1706 quidem
633 1659 764 1707 gracia
796 1659 1023 1707 preveniens
1054 1665 1111 1696 est
1145 1670 1261 1696 causa
1296 1659 1568 1697 declinacionis

236 1728 395 1776 peccati,
417 1728 514 1765 sicut
537 1728 695 1766 educcio
724 1728 937 1778 frigiditatis
958 1736 1136 1766 causatur
1157 1741 1204 1766 ex
1226 1729 1455 1767 induccione
1476 1730 1567 1767 cali-

238 1798 375 1843 ditatis,
395 1810 484 1836 cum
513 1799 575 1836 illa
600 1799 802 1848 singularis
830 1799 1000 1837 inductio
1030 1811 1104 1848 que
1134 1806 1268 1848 posset
1295 1812 1378 1837 esse
1400 1801 1481 1837 sine
1502 1801 1566 1838 tali

237 1868 448 1907 educcione
463 1870 508 1906 sit
519 1870 722 1918 positivum
738 1881 900 1907 causans
915 1870 1153 1919 privativum.
1184 1869 1395 1907 Positivum
1408 1871 1565 1920 quidem

237 1951 305 1988 per
325 1951 364 1976 se
393 1940 599 1977 intenditur
619 1952 641 1977 a
661 1947 795 1977 natura
820 1948 856 1978 et
881 1941 1106 1990 privativum
1134 1941 1258 1977 solum
1284 1952 1352 1989 per
1372 1941 1563 1979 accidens.

186 2011 225 2043 ²5
240 2009 530 2057 Verumtamen,
551 2011 648 2048 sicut
664 2011 825 2048 educcio
838 2011 1049 2060 frigiditatis
1061 2024 1160 2061 aque
1180 2011 1348 2060 precedit
1364 2011 1564 2048 causaliter

197 2080 508 2118 Ginduccionem
540 2081 717 2118 siccitatis
749 2082 860 2130 ignee
890 2082 1158 2131 consequentis
1186 2082 1237 2118 ad
1266 2082 1445 2128 calorem,
1469 2080 1487 2101 *
1510 2082 1563 2119 sic

235 2151 382 2199 peccati
428 2151 601 2189 remissio
649 2152 820 2201 precedit
867 2152 1066 2189 causaliter
1110 2152 1346 2189 infusionem
1394 2152 1563 2189 secunde

234 2221 372 2269 gracie.
427 2220 543 2259 Unde
571 2221 657 2259 licet
685 2223 756 2259 iste
778 2234 843 2260 sex
871 2223 997 2272 gracie
1018 2223 1310 2271 distinguantur,
1333 2234 1413 2259 non
1433 2229 1562 2259 tamen

235 2298 292 2328 est
319 2291 532 2340 putandum
552 2293 657 2341 quod
686 2305 762 2329 una
792 2293 942 2330 illarum
971 2300 1103 2342 posset
1129 2306 1211 2331 esse
1242 2305 1331 2330 cum
1361 2293 1435 2330 hoc
1456 2292 1562 2342 quod

183 2373 224 2404 30
237 2374 317 2399 non
338 2362 384 2398 sit
402 2362 546 2411 reliqua
567 2363 800 2409 earundem;
831 2370 868 2400 et
898 2376 967 2413 per
991 2376 1234 2413 consequens
1264 2376 1402 2401 omnes
1428 2375 1494 2401 sex
1521 2375 1562 2401 se

234 2432 396 2470 invicem
426 2440 723 2482 consequuntur.
781 2433 890 2471 Istud
919 2441 976 2471 est
1007 2434 1166 2483 planum
1198 2435 1245 2472 de
1275 2435 1394 2471 tribus
1423 2434 1562 2482 graciis

234 2502 435 2549 increatis;
483 2516 575 2541 nam
618 2504 848 2542 cum-aliud
886 2505 931 2542 sit
971 2505 1171 2550 declinare,
1211 2511 1248 2542 et
1286 2504 1388 2541 aliud
1434 2504 1561 2541 facere

235 2573 394 2618 bonum,
424 2574 602 2622 aliudque
631 2586 875 2622 perseverare
902 2575 941 2612 in
962 2576 1079 2620 bono,
1100 2581 1205 2624 patet
1226 2574 1331 2624 quod
1351 2574 1562 2611 voliciones

234 2650 364 2681 eterne
385 2646 585 2682 terminate
606 2645 654 2682 ad
685 2645 753 2682 hec
774 2646 843 2682 tria
862 2646 1243 2695 proporcionabiliter
1264 2645 1561 2693 distinguuntur.

268 2736 289 2759 6.
310 2735 479 2760 conservari
490 2734 529 2760 C:
550 2736 719 2761 conversari
730 2735 754 2760 A
764 2735 794 2760 B.
1019 2745 1056 2761 12.
1073 2737 1188 2768 peccati
1199 2738 1296 2761 tamen
1311 2735 1441 2761 remissio
1454 2743 1508 2760 om.
1525 2734 1556 2760 B.

235 2777 249 2825 Ξ
253 2777 273 2826 ὲ
285 2767 480 2833 ,ᾖζῖἐιῖἑίῗίὲἒ
483 2768 521 2827 oBC
523 2768 561 2794 C:
574 2768 754 2801 fugidz'tatis
768 2769 799 2795 A.
1023 2779 1060 2802 27.
1082 2770 1246 2795 causaliter
1258 2769 1279 2795 B
1292 2770 1330 2796 C:
1351 2769 1493 2795 causalite
1506 2769 1538 2793 A.

239 1587 432 1625 ammocio
459 1587 695 1636 prohibentis
722 1588 953 1637 preexigitur
972 1595 1059 1625 ante
1089 1588 1361 1625 induccionem
1387 1590 1566 1638 oppositi.
1579 1563 1763 1622 ῗιῑιιιῗιῗῑῃοὼθΓ
1775 1572 1804 1589 m
