2008 3305
180 173 261 227 136
854 183 921 214 DE
953 182 1169 214 DOMrNro
1200 181 1377 214 D1V1No
1567 169 1673 228 [CAP.
1697 183 1782 210 xvr.

457 309 575 347 quam
596 308 771 335 summus
791 296 940 335 Auctor
955 298 1080 346 primo
1097 303 1316 334 sustentans
1336 296 1546 346 quamlibet
1562 302 1787 333 creaturam.
1806 299 1904 342 [4513

456 368 507 405 Et
537 374 642 416 patet
671 367 778 417 quod
807 367 914 404 Deus
943 380 1023 404 non
1054 367 1225 404 dissolvit
1255 367 1312 403 vel
1341 366 1514 415 infringit
1544 366 1668 415 legem
1697 377 1787 414 pro-

456 439 579 488 priam
599 438 658 475 vel
682 438 921 484 mandatum,
944 438 1041 475 sicut
1070 450 1142 474 nec
1173 443 1302 474 movet
1332 437 1427 474 alios
1454 436 1502 474 ad
1523 435 1788 485 frangendum,

456 522 529 547 nec
560 515 688 546 movet
722 521 769 546 ex
803 509 999 546 sentencia
1029 508 1226 545 verissima
1253 507 1353 545 male
1382 508 1674 557 interpretantes
1704 518 1789 544 cor-

455 586 613 629 ruptum
646 591 802 617 sensum
828 579 965 617 elicere
980 592 990 626 3
1020 585 1060 615 ut
1089 579 1129 615 in
1163 579 1365 627 proposito
1397 590 1444 615 ex
1479 578 1584 615 dicto
1613 576 1821 626 apostoli,5

458 651 572 689 Rom.
589 663 621 688 v.
640 663 700 696 20,
719 650 796 687 Ubi
806 650 1038 687 habundavit
1055 650 1222 686 delictum
1243 649 1585 697 superhabundavit
1600 652 1633 684 et
1640 648 1790 696 gracia,

457 727 642 770 ceperunt
663 720 811 770 pseudo
832 720 1080 757 occasionem
1102 719 1217 756 nimis
1247 719 1517 767 paralogistice
1537 717 1791 756 concludendi

456 791 562 841 quod
586 791 762 828 facienda
796 797 884 829 sunt
910 790 1011 827 mala
1044 796 1086 826 ut
1119 790 1225 827 bona
1256 789 1460 827 eveniant:
1495 788 1563 827 sed
1593 789 1791 837 apostolus

456 862 556 906 dicit,
577 861 698 898 Absit.
728 861 779 897 Et
807 861 895 898 ideo
924 861 976 897 sic
1002 860 1131 904 scribit
1161 859 1208 896 de
1235 871 1282 896 eo
1313 859 1490 908 princeps
1520 858 1789 907 apostolorum

456 930 496 982 (2
520 931 598 971 Pet.
620 931 670 968 iii.
696 940 754 978 15,
783 929 872 980 16);
903 929 1157 975 Ifarz'ssz'mus,
1180 930 1314 978 inquit,
1330 931 1468 979 frater
1497 932 1617 965 noster
1639 928 1790 965 Paulus
1808 945 1846 967 10

455 1002 650 1038 secundum
671 1002 794 1038 datam
818 1001 894 1037 sz'bz'
917 1001 1143 1049 sapz'encz‘am
1172 1001 1325 1048 scripsit
1351 999 1462 1044 vobis,
1492 1000 1589 1035 sicut
1610 1000 1648 1034 in
1677 1000 1791 1035 omni-

456 1073 522 1109 bus
550 1072 718 1120 epistolis,
749 1072 894 1119 loquens
923 1072 964 1107 de
992 1072 1065 1107 lzz'z‘s
1094 1083 1159 1119 que
1186 1074 1275 1107 sunl
1301 1069 1469 1119 dffczlza
1499 1070 1703 1114 intellectui,
1726 1082 1792 1117 que

454 1143 597 1179 indoclz'
620 1147 654 1178 et
680 1141 867 1179 instabiles
896 1142 1114 1190 depravant.
1172 1139 1246 1177 Per
1275 1139 1348 1176 hoc
1370 1139 1477 1188 quod
1496 1145 1553 1176 est
1572 1139 1792 1175 karissimus

439 1213 578 1261 frater
597 1212 697 1250 Petri
719 1218 824 1262 patet
845 1211 952 1261 quod
972 1223 1052 1249 non
1074 1216 1131 1247 est
1157 1210 1374 1247 reiciendus
1404 1215 1561 1258 propter
1583 1209 1657 1247 hoc
1685 1209 1792 1259 quod

457 1295 538 1320 non
559 1290 617 1321 est
640 1289 888 1321 conversatus
917 1294 1007 1319 cum
1026 1281 1199 1319 Domino
1221 1286 1260 1317 ut
1280 1280 1430 1329 pseudo
1446 1278 1464 1298 *
1487 1286 1664 1329 arguunt.
1725 1279 1790 1316 Se·
1806 1288 1833 1317 0

456 1354 586 1391 cundo
606 1360 708 1403 patet
724 1353 829 1402 quod
851 1365 930 1390 non
950 1352 1140 1389 immiscet
1156 1363 1202 1389 ex
1223 1351 1388 1400 propriis
1405 1350 1500 1387 falsa
1515 1350 1623 1396 veris,
1642 1350 1732 1399 quia
1752 1351 1793 1385 in

456 1424 620 1461 omnibus
631 1425 805 1473 epistulis,
815 1429 884 1460 etc.
892 1435 901 1468 ;
923 1430 959 1461 et
971 1435 1040 1471 per
1052 1434 1295 1471 consequens
1309 1421 1401 1459 illud
1415 1420 1520 1469 quod
1532 1421 1793 1470 impingerant

457 1507 505 1532 ex
529 1495 723 1532 sentencia
743 1493 905 1542 apostoli
926 1493 975 1531 ad
1002 1492 1205 1530 Romanos
1232 1504 1312 1529 non
1334 1492 1514 1540 sequitur,
1535 1491 1630 1528 sicut
1650 1490 1793 1527 indocti

457 1566 496 1602 in
516 1564 760 1614 philosophia
781 1570 818 1601 et
838 1564 954 1601 sacris
975 1563 1107 1601 litteris
1127 1575 1172 1600 ac
1192 1561 1388 1599 instabiles
1410 1562 1449 1597 in
1470 1561 1545 1598 fide
1566 1567 1602 1598 et
1619 1561 1792 1598 moribus

459 1648 506 1672 ex
527 1634 753 1684 ignorancia
774 1640 993 1682 arguerunt.
1052 1632 1101 1670 Et
1120 1639 1224 1683 patet
1251 1645 1320 1682 pro
1346 1638 1453 1681 parte
1481 1631 1629 1670 solucio
1653 1631 1702 1668 ad
1723 1632 1790 1669 ob·
1808 1646 1849 1670 20

459 1707 579 1746 iectus
602 1705 750 1744 domini
777 1704 1022 1745 Ardmacanif

898 1874 1224 1914 CAPITULUM
1255 1875 1363 1911 XVI.

182 1970 397 2030 ‘9552ng
517 1964 594 2002 SED
616 1964 704 2013 quia
724 1964 796 2001 ista
816 1964 975 2001 materia
994 1963 1142 2000 videtur
1162 1974 1245 1999 esse
1265 1962 1473 2012 plurimum
1495 1962 1682 2012 preciosa,
1704 1973 1794 1998 cum

461 2035 672 2073 secundum
687 2034 906 2083 apostolum
920 2034 966 2071 sit
982 2033 1141 2070 difficilis
1157 2033 1363 2078 intellectu,
1381 2044 1451 2069 nec
1469 2043 1606 2069 omnes
1621 2032 1793 2080 legentes

460 2107 638 2143 doctores
658 2105 696 2141 in
716 2105 788 2141 ista
817 2104 977 2141 materia
997 2104 1108 2155 plene
1132 2103 1367 2154 concipiunt,
1388 2102 1475 2140 ideo
1501 2109 1617 2140 restat
1635 2102 1791 2139 ulterius
1808 2118 1846 2149 25

460 2176 735 2214 declarandum
756 2175 785 2212 si
807 2181 971 2223 ponatur
991 2175 1029 2211 in
1050 2181 1136 2211 actu
1165 2174 1310 2223 peccati
1340 2174 1547 2210 necessitas
1576 2172 1671 2210 ultra
1701 2184 1792 2211 con-

460 2246 696 2295 tingenciam
735 2245 784 2281 ad
823 2246 1053 2290 utrumlibet,
1093 2245 1189 2281 sicut
1227 2243 1375 2280 videtur
1413 2243 1541 2281 multis
1580 2242 1793 2280 Doctorem

462 2317 703 2355 Profundum
751 2315 878 2353 dicere
892 2327 901 2361 3
942 2327 1088 2365 ymmo,
1128 2314 1235 2363 quod
1281 2313 1389 2352 Deus
1428 2313 1515 2350 velit
1553 2312 1793 2362 beneplacite

462 2388 661 2425 hominem
682 2398 868 2435 peccare:
900 2392 1036 2422 contra
1057 2385 1161 2433 quod
1189 2384 1362 2435 superius
1383 2391 1441 2422 est
1461 2390 1661 2432 argutum;
1691 2383 1792 2434 quia,

463 2466 504 2495 ut
529 2459 629 2502 dicit,
650 2457 778 2494 omnis
799 2456 872 2493 Dei
896 2456 1100 2505 permissio
1124 2461 1181 2492 est
1210 2455 1291 2491 eius
1316 2455 1464 2491 bonum
1490 2454 1684 2502 placitum,
1705 2464 1793 2489 cum
1809 2464 1849 2494 30

464 2537 543 2566 tam
572 2534 711 2577 potens
743 2526 937 2564 Dominus
967 2537 1047 2562 non
1077 2525 1261 2573 permittit
1300 2524 1443 2573 aliquid
1483 2536 1554 2561 nec
1584 2523 1795 2572 aliqualiter

465 2599 569 2649 quod
591 2610 670 2635 non
691 2598 825 2646 placet.
867 2595 1085 2633 Maximum
1107 2601 1235 2631 autem
1252 2594 1546 2631 fundamentum
1562 2594 1599 2630 in
1621 2594 1693 2630 ista
1713 2605 1793 2630 ma-

466 2715 478 2739 t
500 2688 537 2703 12.
558 2676 720 2737 szesslilectui
731 2677 755 2702 A
766 2676 788 2702 C
804 2683 809 2702 z
828 2676 976 2703 intellectu
992 2675 1023 2700 B.
1147 2675 1184 2699 18.
1207 2675 1215 2702 ll
1228 2673 1303 2699 sicat
1320 2673 1340 2699 Β
1355 2673 1371 2699 f.
1389 2682 1436 2705 232
1452 2682 1478 2701 n.
1615 2682 1654 2705 31.
1675 2675 1737 2698 tam
1753 2672 1791 2697 B:

479 2720 564 2737 amen
641 2730 646 2736 .

990 2769 1018 2797 8.
1046 2767 1142 2797 Rom.
1162 2765 1206 2798 iii.
1227 2766 1256 2798 8.
