2008 3305
172 210 225 262 78
858 214 922 244 DE
956 213 1175 245 DOMrNro
1210 212 1387 243 DrviNo
1603 199 1706 257 [CAP.
1726 213 1783 241 xr.

452 330 641 380 quidquid
688 330 984 368 demonstrative
1033 329 1243 375 deduxero,
1285 328 1391 378 prius
1449 327 1671 365 naturaliter
1718 327 1789 364 sibi
1806 329 1906 371 [26A

451 402 629 439 assencio
660 413 779 450 quam
809 413 878 450 per
916 400 990 438 tale
1025 400 1199 437 medium
1229 398 1532 436 demonstrandi.
1591 397 1667 435 Sed
1699 409 1790 434 cum

449 472 666 510 intellectus
696 472 889 509 humanus
918 484 999 509 non
1028 477 1155 520 potest
1184 470 1306 507 taliter
1335 469 1511 505 illustrari
1540 468 1613 505 nisi
1648 480 1670 504 a
1703 466 1791 505 Deo

450 543 500 580 ad
530 543 734 579 minimum
764 548 976 588 moveatur,
1006 547 1111 590 patet
1140 540 1247 590 quod
1280 540 1468 588 instigans
1506 538 1555 575 ad
1589 550 1791 575 assensum

450 613 673 650 huiusmodi
702 613 863 650 illustrat
891 612 1233 661 supernaturaliter
1254 611 1302 648 ad
1323 609 1572 648 credendum.
1630 608 1681 647 Et
1701 621 1790 646 cum
1806 620 1822 652 5

451 697 570 722 nemo
602 685 725 722 eciam
756 684 796 720 in
825 690 935 720 utero
965 689 1141 720 materno
1169 682 1217 719 ad
1238 688 1389 718 tantum
1415 680 1563 730 desipit,
1585 680 1679 729 quin
1699 692 1792 728 cog—

452 761 590 793 noscat
627 755 754 804 primo
793 754 969 792 omnium
1008 753 1057 791 ad
1095 753 1299 790 minimum
1333 764 1402 790 ens
1441 764 1526 789 esse
1558 748 1673 802 (sicut
1701 750 1837 787 alibiB

451 823 696 875 declaratur),
716 831 822 874 patet
843 824 949 875 quod
968 826 1042 862 lux
1064 823 1081 842 *
1105 836 1194 860 vera
1215 823 1436 861 necessario
1452 823 1644 859 illuminat
1655 833 1793 858 omnem

451 898 630 934 bominem
658 897 853 933 venantem
883 897 922 932 in
952 896 1049 932 lzunc
1077 895 1265 940 mundum,
1297 900 1338 931 ut
1366 894 1502 931 dicitur
1531 893 1616 930 Ioh.
1636 893 1658 930 i.
1681 905 1727 941 9:
1757 900 1795 930 et

451 968 527 1006 tale
548 968 678 1004 lumen
703 967 790 1004 fidei
818 967 963 1004 nedum
993 972 1077 1011 stat,
1101 965 1168 1002 sed
1195 965 1425 1014 supponitur
1450 964 1498 1001 ad
1523 963 1733 1001 scienciam
1757 970 1795 1001 et
1812 975 1850 997 10

452 1038 672 1076 beatificam
696 1039 895 1075 visionem.
952 1037 1002 1074 Et
1030 1037 1083 1074 sic
1110 1035 1335 1085 intelligitur
1361 1035 1434 1072 Isa.
1460 1035 1520 1071 vii.
1549 1047 1598 1082 9:
1650 1033 1700 1071 Si
1724 1047 1796 1070 non

452 1110 690 1155 credideritis,
723 1121 795 1146 non
819 1108 1089 1157 permanebitis.
1150 1107 1315 1144 Credere
1345 1106 1450 1142 enim
1479 1105 1651 1154 precedit
1685 1105 1796 1142 intel-

453 1181 582 1229 ligere,
601 1187 642 1217 ut
657 1186 759 1229 patet
772 1180 846 1216 Isa.
861 1179 949 1215 xliii.
970 1190 1038 1224 103
1066 1178 1117 1214 Ut
1125 1178 1264 1222 sciatis,
1283 1176 1416 1225 inquit,
1430 1181 1465 1212 et
1474 1177 1634 1213 credatis
1648 1176 1751 1221 mibi,
1765 1180 1799 1212 et

454 1252 672 1301 zbztellzgratis
705 1252 794 1299 quia
827 1263 889 1299 ego
923 1250 997 1298 ipse
1029 1261 1121 1285 sum.
1180 1248 1311 1286 Primo
1342 1259 1511 1296 namque
1542 1246 1683 1284 scimus
1713 1258 1796 1283 cre-

454 1329 582 1359 aturas
611 1321 755 1359 noticia
783 1321 953 1358 hominis
973 1318 1149 1357 animalis
1165 1331 1173 1365 ;
1215 1318 1386 1356 secundo
1416 1330 1463 1355 ex
1491 1317 1569 1354 hoc
1602 1316 1796 1354 credimus
1814 1331 1850 1362 15

457 1393 684 1431 Creatorem
700 1405 709 1438 ;
741 1399 777 1429 et
794 1392 910 1429 tercio
927 1391 1047 1428 homo
1068 1389 1227 1426 interior
1243 1389 1333 1438 legit
1354 1389 1394 1425 in
1414 1388 1500 1426 Deo
1522 1388 1798 1436 inscripciones

454 1470 608 1501 eternas
631 1463 833 1500 cuiuslibet
858 1468 1044 1507 creature,
1067 1467 1103 1497 et
1129 1461 1182 1497 sic
1203 1459 1378 1508 intelligit
1402 1459 1544 1496 librum
1570 1458 1795 1507 inscriptum

454 1535 553 1571 ultra
583 1534 769 1571 noticiam
803 1533 891 1570 fidei
926 1544 1002 1581 qua
1032 1531 1158 1580 primo
1189 1531 1366 1568 omnium
1397 1529 1624 1575 adheretur;
1665 1535 1703 1566 et
1726 1529 1799 1566 ista

456 1605 601 1642 noticia
620 1610 778 1642 vocatur
798 1603 1008 1652 intelligere
1029 1602 1131 1651 apud
1152 1601 1299 1638 doctos.

181 1686 423 1754 ᾗέἐὶΐῗέῗῖἕεε
514 1675 659 1722 Quoad
694 1675 839 1713 dictum
867 1673 1045 1722 apostoli,
1072 1672 1219 1708 videtur
1248 1671 1328 1709 aliis
1352 1670 1457 1719 quod
1483 1682 1565 1707 non
1594 1676 1652 1708 est
1682 1669 1799 1707 moris
1816 1685 1856 1707 20

173 1757 261 1788 saith
274 1755 374 1787 (Hebr-
391 1754 447 1786 χῖ).
461 1746 520 1784 vel
540 1746 770 1783 intencionis
790 1744 953 1794 apostoli
973 1743 1116 1792 aliquid
1130 1742 1313 1787 diffinire;
1344 1742 1411 1779 sed
1427 1741 1517 1779 dicit
1532 1741 1800 1790 particularem

462 1817 659 1855 veritatem
692 1816 740 1853 de
771 1815 858 1861 fide,
889 1827 970 1852 non
999 1820 1175 1862 respectu
1204 1813 1380 1850 omnium
1409 1812 1703 1857 credendorum,
1734 1810 1801 1848 sed

463 1888 696 1938 pertinenter
712 1886 760 1923 ad
777 1898 887 1923 suum
905 1884 1148 1934 propositum
1164 1884 1212 1920 de
1227 1883 1398 1932 speratis.
1456 1882 1532 1919 Alii
1546 1882 1679 1919 dicunt
1696 1881 1802 1930 quod

461 1959 642 1996 describit
667 1957 840 1994 habitum
866 1956 966 2001 fidei,
995 1955 1060 2004 qui
1092 1961 1150 1992 est
1182 1955 1395 1991 substancia
1419 1953 1477 1990 vel
1506 1953 1802 1990 fundamentum

184 2039 429 2105 ssgfssssssffnffo‘
463 2030 694 2077 cuicumque
726 2028 787 2064 alii
816 2027 941 2064 virtuti
974 2026 1190 2075 theologice
1225 2025 1283 2062 vel
1312 2024 1459 2062 morali.
1516 2023 1639 2061 Michi
1673 2028 1801 2060 autem
1818 2036 1855 2068 25

186 2108 255 2134 God.
464 2100 609 2137 videtur
625 2099 872 2148 probabiliter
888 2110 1004 2147 posse
1021 2097 1095 2134 dici
1116 2095 1334 2146 apostolum
1353 2095 1563 2143 intelligere
1586 2093 1633 2131 de
1653 2093 1728 2131 fide
1744 2093 1801 2129 in-

465 2178 601 2216 creata,
637 2182 711 2219 que
749 2176 807 2207 est
845 2169 964 2214 Deus,
1005 2168 1111 2216 quod
1150 2174 1207 2205 est
1244 2166 1468 2211 substancia,
1508 2165 1801 2202 fundamentum

464 2241 606 2291 aliquid
626 2241 685 2278 vel
709 2240 882 2278 essencia
905 2240 943 2276 in
968 2251 1046 2288 quo
1071 2238 1281 2275 fundantur
1306 2249 1443 2275 omnes
1463 2236 1639 2273 veritates
1661 2234 1802 2272 credite

464 2313 524 2350 vel
554 2318 715 2362 sperate,
740 2311 837 2348 sicut
866 2316 970 2359 patet
999 2322 1047 2346 ex
1076 2309 1196 2347 modo
1226 2308 1410 2357 loquendi
1444 2306 1618 2356 apostoli.
1676 2305 1803 2342 Vocat

465 2384 567 2421 enirn
599 2383 706 2420 Deus
742 2380 1057 2420 authonomatice
1090 2379 1232 2428 aliquid
1266 2378 1560 2415 fundamentum
1602 2377 1678 2414 sive
1714 2376 1802 2413 sub·
1818 2382 1859 2413 30

467 2454 665 2500 stanciam,
697 2459 735 2490 et
762 2465 831 2502 per
857 2464 938 2489 rem
965 2451 1086 2488 modo
1118 2450 1310 2499 Scripture
1339 2449 1515 2497 intelligit
1541 2446 1559 2467 ³²
1581 2447 1777 2485 veritatem
1793 2459 1802 2492 ;
1818 2443 1845 2471 G

467 2532 508 2562 ut
550 2525 671 2562 Hebr.
711 2524 756 2560 vi.
800 2524 928 2571 13—18
973 2527 1086 2559 vocat
1127 2520 1426 2569 promissionem
1469 2525 1506 2556 et
1545 2519 1803 2555 iuramentum

467 2597 539 2634 Dei
570 2597 663 2632 duas
697 2608 755 2632 res
789 2594 985 2631 inmobiles.
1044 2590 1094 2628 Et
1124 2591 1173 2628 ad
1202 2590 1306 2627 illum
1343 2601 1500 2627 sensum
1530 2589 1667 2625 dicitur
1699 2586 1804 2637 quod

457 2668 555 2717 fides
574 2671 626 2703 est
647 2666 861 2702 substancia
887 2675 1012 2700 rerum
1039 2662 1322 2711 sperandarum,
1346 2661 1435 2709 quia
1466 2660 1594 2697 omnis
1625 2657 1804 2696 articulus

505 2771 545 2786 11.
565 2765 630 2785 ante
643 2759 810 2790 beatificam
825 2758 847 2783 B
860 2757 908 2783 ad.
964 2758 1004 2782 28.
1023 2757 1162 2782 veritates
1175 2755 1200 2780 A
1210 2755 1233 2780 B
1247 2763 1301 2786 mg.
1316 2754 1354 2780 C:
1375 2755 1502 2779 virtutes
1517 2753 1547 2778 B.
1605 2762 1644 2784 30.
1666 2751 1803 2777 anthane-

471 2796 595 2820 matz'ce:
614 2792 762 2817 autlmnost
775 2793 817 2816 A:
838 2791 965 2816 autono‘e
981 2791 1002 2815 B
1015 2798 1020 2815 2
1042 2790 1185 2814 azztr⁷771a⁴'‘
1200 2789 1230 2814 C.
1290 2798 1328 2820 32.
1350 2790 1432 2812 'vocat
1447 2787 1468 2811 Β
1481 2794 1485 2811 ;
1510 2786 1590 2811 ηᾶίΑ
1601 2786 1631 2811 C.
1686 2794 1726 2817 34.
1741 2784 1803 2809 sub-

470 2829 583 2853 stanam
600 2835 698 2852 rernm
712 2825 928 2857 sperandarum
942 2824 966 2849 A
977 2824 1016 2853 C;
1037 2822 1248 2854 sperandorum
1261 2821 1427 2846 substancia
1441 2829 1540 2846 rernm
1557 2820 1586 2844 B.
