2095 3278
56 237 151 266 CAP.
171 222 260 281 xv.]
614 233 678 264 DE
711 232 954 265 PAUPERIE
987 230 1299 263 SALVAToRis.

157 341 256 383 4513]
270 336 500 382 proferentes
533 347 606 381 qua
640 335 874 375 donatarium
909 335 1119 370 huiusmodi
1154 346 1176 370 a
1209 334 1389 380 peticione
1423 333 1599 369 donantis

270 395 479 429 absolvunt.

317 454 405 487 RIC.
432 451 472 487 Si
490 452 547 486 lex
564 451 647 486 talis
664 450 782 486 civilis
809 451 926 486 solam
951 449 1209 485 affirmativam
1227 449 1428 493 contineat,
1447 448 1596 492 scilicet,

271 509 371 554 quod
389 509 625 552 donaciones,
643 508 952 554 permutaciones‚
970 519 1014 542 ac
1032 507 1270 542 vendiciones
1289 507 1468 552 corporali
1487 507 1599 542 tradi-

238 576 255 606 5
271 567 377 602 cione
395 574 590 612 gerantur;
618 578 693 601 non
712 565 821 601 video
848 565 1002 611 qualiter
1027 565 1136 600 iudex
1152 577 1175 599 a
1191 565 1338 599 mortali
1364 565 1518 599 crimine
1537 576 1598 599 ex-

270 631 418 659 cusatur
442 625 502 670 qui
530 625 629 659 nulla
654 625 735 668 lege
760 630 900 658 artatus
927 623 1020 658 iuste
1045 629 1232 667 petentem
1257 623 1306 657 ab
1335 634 1379 657 eo
1403 623 1502 667 quod
1529 621 1598 656 sibi

270 682 425 717 debetur
441 682 595 727 repellit,
614 688 650 716 et
674 682 747 716 hoc
771 687 922 725 propter
939 680 1105 715 raciones
1127 686 1325 724 pretactas.
1378 679 1416 715 Si
1435 691 1522 714 vero
1542 680 1602 713 lex

269 751 353 774 curn
378 740 600 774 affirmativa
625 739 812 774 contineat
838 738 1063 782 negativam,
1089 737 1239 780 scilicet,
1267 737 1368 782 quod
1393 748 1467 771 non
1493 737 1599 771 aliter

269 797 359 832 fiant
384 803 446 832 aut
464 796 575 832 validi
601 797 811 831 habeantur
836 802 942 830 actus
969 794 1194 838 huiusmodi,
1213 806 1298 829 cum
1325 794 1363 828 id
1388 806 1454 839 per
1479 795 1600 838 legem

216 866 254 889 10
268 853 460 889 hominum
487 854 596 889 statui
622 865 697 889 non
723 853 839 898 possit
865 851 1089 897 simpliciter,
1115 852 1167 886 ita
1185 858 1224 886 ut
1243 852 1295 886 sic
1313 852 1528 896 precludere
1547 851 1602 885 in-

51 919 159 950 supra,
176 919 206 950 P·
267 912 395 947 tendat
422 911 612 946 donatario
639 922 748 946 omne
773 910 1000 953 remedium;
1028 920 1102 944 non
1121 909 1230 944 video
1249 909 1337 954 quin
1359 909 1416 943 lex
1440 909 1490 943 ita
1508 908 1601 942 diffi-

51 951 126 992 462·
267 969 373 1004 niens
415 969 461 1004 sit
502 969 639 1014 iniqua,
675 968 774 1003 iuxta
808 967 868 1002 hic
909 968 1068 1012 probata
1108 966 1288 1012 superius,
1324 972 1359 1001 et
1400 966 1508 1000 iudex
1549 965 1601 1000 sic

227 1030 254 1060 C
270 1027 467 1062 *iudicans
490 1033 620 1071 peccat
645 1026 847 1061 mortaliter
864 1025 986 1069 legem
1008 1024 1174 1059 divinam
1195 1024 1400 1059 offendens.
1453 1023 1491 1058 Si
1513 1035 1600 1058 vero

266 1085 387 1118 solum
405 1091 543 1119 statuat
561 1084 659 1129 quod
677 1090 781 1118 actus
800 1083 891 1118 tales
910 1089 1040 1117 contra
1061 1082 1219 1116 formam
1237 1081 1337 1116 illam
1357 1080 1506 1116 exerciti
1525 1081 1598 1115 sint

216 1153 253 1185 15
269 1141 357 1176 irriti
377 1141 500 1187 quoad
517 1141 721 1176 remedium
745 1140 835 1185 legis
861 1140 956 1175 illius
983 1151 1047 1174 seu
1073 1139 1164 1183 legis
1191 1139 1286 1174 illius
1311 1138 1414 1183 regni
1434 1138 1511 1173 sive
1530 1138 1599 1172 im-

266 1199 369 1244 perii,
401 1211 475 1234 non
510 1199 739 1234 excludendo
767 1204 823 1233 set
850 1198 963 1233 libere
990 1197 1234 1232 concedendo
1264 1196 1355 1241 legis
1383 1196 1506 1240 divine
1535 1207 1599 1230 seu

266 1257 420 1292 ecclesie
438 1268 503 1292 sue
520 1256 738 1299 remedium,
757 1262 793 1291 et
812 1255 921 1290 iudex
940 1267 980 1290 se
1004 1254 1091 1289 huic
1117 1254 1188 1298 legi
1207 1254 1425 1295 conformet,
1445 1253 1598 1296 scilicet,

268 1316 487 1350 donatorem
513 1314 636 1360 quoad
662 1325 770 1349 suum
796 1313 973 1348 iudicium
998 1325 1021 1348 a
1050 1312 1235 1357 peticione
1265 1311 1447 1346 donatarii
1477 1311 1598 1345 absol-

268 1373 389 1408 vendo
407 1386 416 1415 3
443 1372 602 1407 iudicem
620 1383 694 1406 non
712 1378 801 1416 puto
818 1382 985 1416 peccare,
1005 1370 1067 1415 qui
1084 1370 1171 1405 facit
1190 1370 1291 1414 quod
1310 1369 1379 1404 sibi
1394 1368 1598 1403 incumbit:

216 1443 256 1465 20
269 1437 323 1466 set
347 1430 438 1474 legis
463 1431 618 1465 latorem
643 1436 794 1475 propter
819 1427 1109 1463 diminucionem
1136 1427 1227 1472 legis
1254 1434 1343 1471 puto
1368 1437 1535 1471 peccare,
1553 1437 1598 1460 ex

268 1499 341 1534 quo
366 1494 492 1533 posset
518 1487 612 1522 iuste
637 1498 681 1522 ac
707 1493 834 1522 sancte
860 1486 1097 1521 conformiter
1122 1485 1194 1530 legi
1222 1484 1295 1519 Dei
1321 1486 1439 1529 legem
1457 1484 1598 1528 regiam

267 1546 331 1581 tali
348 1545 543 1580 donatario
560 1544 754 1590 providere
780 1555 827 1579 ne
853 1544 1136 1589 compelleretur
1161 1542 1349 1577 laboribus
1369 1548 1404 1576 et
1424 1541 1597 1586 expensis

266 1602 359 1648 legis
378 1603 449 1638 Dei
468 1614 532 1638 seu
551 1614 615 1638 sue
633 1602 789 1637 ecclesie
814 1602 1021 1636 remedium
1038 1612 1260 1645 procurare3
1288 1606 1324 1634 et
1343 1599 1373 1634 si
1391 1599 1596 1634 remedium

59 1666 122 1698 Ve:
146 1670 185 1698 ut
200 1674 230 1699 B.
266 1660 460 1706 prohibeat
488 1671 697 1705 procurare,
727 1658 961 1704 apertissime
989 1659 1057 1693 sub
1084 1658 1146 1693 illo
1171 1658 1277 1692 titulo
1303 1656 1522 1699 continetur,
1552 1667 1599 1690 ve

215 1731 229 1752 2
235 1731 252 1762 5
266 1718 342 1753 hiis
359 1719 428 1764 qui
450 1719 615 1753 condunt
637 1719 733 1764 leges
757 1718 913 1762 iniquas
931 1716 1034 1761 (Ysa.
1051 1729 1085 1751 x.
1105 1715 1150 1760 1),
1201 1715 1301 1760 Quid
1319 1714 1419 1750 enim
1437 1714 1597 1759 iniquius

267 1788 380 1822 quam
405 1776 593 1811 hominem
616 1775 814 1821 prohibere
840 1787 886 1810 ne
913 1775 1034 1818 legem
1061 1773 1134 1808 Dei
1164 1774 1210 1808 de
1241 1772 1373 1807 iniuria
1400 1772 1469 1807 sibi
1499 1772 1598 1806 facta

267 1840 511 1879 prosequatur
527 1833 744 1877 remedium,
763 1844 848 1868 cum
874 1832 953 1877 ipse
972 1832 1019 1866 sit
1037 1838 1075 1866 ut
1094 1842 1234 1875 pauper
1251 1841 1408 1875 querens
1426 1830 1462 1863 in
1481 1829 1597 1864 tribu-

267 1892 410 1927 lacione
427 1891 635 1936 refugium?
683 1890 756 1935 Qui
778 1891 928 1935 insuper
952 1889 1004 1925 sic
1028 1889 1198 1934 prohibet
1221 1887 1392 1932 impingit
1416 1886 1452 1921 in
1477 1887 1596 1930 legem

267 1955 409 1992 nature,
439 1961 510 1994 que
543 1950 663 1993 legem
697 1948 862 1984 continet
895 1954 931 1983 et
965 1948 1165 1992 prophetas
1197 1945 1352 1990 (Omnia
1385 1955 1598 1989 quecunque

213 2022 254 2052 30
267 2008 388 2041 vultis
412 2011 456 2041 ut
468 2007 623 2052 faciant
645 2007 752 2041 vobis
777 2006 944 2041 homines
972 2016 1040 2040 vos
1054 2005 1175 2049 facite
1199 2004 1280 2038 illis
1295 2015 1308 2037 .·
1332 2002 1396 2037 hec
1419 2007 1474 2037 est
1497 2003 1596 2036 enini

266 2065 330 2099 lex
343 2068 379 2099 et
387 2064 577 2110 prophete,
598 2065 688 2099 Mat.
707 2064 766 2098 vii.
783 2063 839 2108 12)
857 2077 865 2106 3
892 2074 1002 2098 nemo
1014 2068 1070 2097 est
1084 2061 1184 2096 enim
1199 2060 1259 2106 qui
1274 2061 1382 2095 vellet
1396 2071 1418 2094 a
1431 2059 1595 2094 remedio

267 2122 367 2158 illate
384 2122 453 2158 sibi
468 2122 597 2157 iniurie
614 2121 800 2167 prohiberi
817 2133 825 2156 :
854 2127 889 2156 et
907 2131 992 2155 cum
1009 2119 1140 2154 timore
1158 2119 1268 2154 debet
1285 2117 1476 2152 attendere
1495 2117 1596 2162 quod

267 2186 397 2225 quarto
425 2180 587 2225 capitulo
619 2179 787 2215 Danielis
818 2178 1144 2223 Nabugodonosor
1171 2176 1343 2221 glorianti
1373 2176 1444 2210 hoc
1473 2176 1595 2218 modo,

50 2242 129 2273 Non
146 2249 176 2272 Β.
268 2239 403 2272 Nonne
429 2237 492 2273 hec
517 2241 572 2272 est
593 2237 756 2272 Babilon
782 2238 920 2271 civitas
948 2247 1090 2281 magna
1116 2246 1232 2279 quam
1259 2245 1324 2279 ego
1353 2233 1528 2278 edificavi
1554 2233 1596 2266 in

51 2286 136 2316 Dan·
153 2286 196 2316 iv·
267 2296 417 2330 domum
434 2296 547 2341 regni
560 2296 601 2329 in
619 2295 744 2329 robore
751 2295 999 2339 fhrtitudinis
1014 2297 1051 2327 et
1065 2294 1106 2327 in
1117 2293 1247 2338 gloria
1260 2292 1399 2326 decoris
1412 2291 1514 2324 mei?
1538 2289 1597 2323 De

52 2335 168 2370 ²7-29‘
267 2353 341 2388 celo
357 2357 413 2388 est
426 2354 577 2396 dictum,
592 2353 765 2398 Regnum
782 2353 939 2386 transiit
953 2364 977 2385 a
994 2356 1038 2395 te,
1056 2355 1092 2385 et
1107 2351 1152 2384 ab
1174 2349 1387 2384 hominibus
1403 2349 1535 2382 eicient
1551 2350 1595 2388 te,

267 2415 303 2446 et
318 2422 401 2446 cum
419 2411 541 2445 bestiis
545 2411 648 2456 seris
660 2413 736 2444 erit
751 2410 936 2444 habitacio
952 2413 1021 2443 tua
1033 2421 1046 2442 .·
1062 2409 1198 2453 fenum
1222 2408 1334 2452 quasi
1348 2406 1408 2440 bos
1425 2406 1594 2447 comedes,

267 2473 304 2503 et
317 2471 452 2513 septem
469 2470 638 2513 tempora
656 2468 907 2501 mutabuntur
925 2469 1038 2511 super
1053 2470 1088 2500 te
1107 2466 1218 2499 donec
1236 2466 1332 2499 scias
1355 2463 1458 2508 quod
1477 2463 1595 2497 donzi-

267 2530 380 2560 netur
394 2526 576 2560 Excelsus
591 2526 633 2559 in
651 2536 765 2570 regno
781 2524 935 2566 homini,
958 2527 994 2558 et
1009 2524 1213 2567 cuicunque
1229 2522 1394 2556 voluerit
1409 2522 1470 2554 det
1485 2520 1594 2554 illud.

212 2597 255 2628 40
271 2583 309 2618 Si
326 2583 425 2618 enim
444 2584 622 2618 Excelsus
641 2582 677 2616 in
696 2581 817 2626 regnis
835 2581 975 2616 homini
994 2580 1216 2623 dominatur,
1236 2590 1308 2624 qua
1324 2578 1445 2612 fronte
1459 2578 1596 2612 audent

268 2651 386 2685 reges,
411 2640 558 2675 nonnisi
588 2639 661 2675 Dei
690 2639 857 2681 ministri,
887 2645 1015 2673 contra
1043 2636 1183 2673 domini
1216 2636 1287 2671 Dei
1318 2636 1373 2670 sui
1400 2636 1517 2679 legem
1545 2634 1595 2669 ita

269 2705 441 2741 statuere,
460 2705 523 2732 aut
540 2698 657 2741 legem
675 2698 781 2741 plene
799 2697 898 2741 apud
915 2696 1084 2731 homines
1103 2694 1261 2730 exerceri
1279 2700 1355 2728 tam
1374 2692 1487 2737 impie
1511 2704 1594 2737 pro-

49 2774 150 2804 1:3¹5·
268 2755 423 2790 hibere?
470 2756 613 2799 Regem
639 2754 767 2799 pocius
795 2755 878 2788 Deo
904 2753 1036 2788 ceteris
1058 2752 1299 2797 predilectum
1330 2750 1482 2785 audiant
1509 2761 1593 2794 pro-

53 2826 130 2848 10-1
141 2826 167 2849 2.
270 2814 504 2856 clamantem,
519 2814 573 2847 Et
589 2823 698 2856 nunc,
713 2823 825 2857 reges,
844 2811 1070 2856 z'ntellzgite;
1095 2810 1313 2852 erudimini,
1332 2809 1402 2852 qui
1416 2807 1594 2842 iudicatis

838 2874 911 2911 nh
