2008 3305
184 185 264 227 226
863 191 928 222 DE
961 189 1178 222 DOMINro
1210 189 1384 221 D1V1No
1596 176 1702 234 [eff.
1724 188 1780 217 1v.

459 314 496 346 et
516 307 626 357 panis
645 306 821 344 videntur
840 306 999 343 minime
1019 305 1159 342 habere
1175 304 1369 342 racionem
1389 302 1611 353 prestabilis.
1668 301 1783 340 Unde
1799 303 1897 346 [78B

463 390 479 414 1
518 377 649 415 Thim.
681 377 716 413 vi
752 384 796 424 17
835 375 925 413 dicit
964 375 1192 424 generaliter
1230 374 1335 424 quod
1368 373 1475 410 Deus
1504 376 1651 422 prestat
1685 372 1787 409 nobis

458 447 624 484 habunde
643 447 766 483 omnia
787 457 861 495 que
882 445 1083 484 habemus.
1112 444 1227 482 Unde
1246 456 1335 482 cum
1354 443 1568 493 precarium
1589 443 1634 480 sit
1653 442 1786 480 datum

459 519 513 555 ad
528 524 656 566 preces
680 516 878 566 prestitum
908 515 1121 554 secundum
1149 515 1336 564 politicos,
1367 526 1448 552 non
1476 513 1789 551 irracionabiliter

459 594 585 637 potest
605 586 792 636 quidquid
812 598 834 623 a
854 586 941 624 Deo
965 592 1118 623 orantes
1138 586 1302 635 petimus
1323 585 1397 622 dici
1416 585 1641 634 precarium.
1801 594 1820 626 5

182 675 205 691 2.
228 665 273 690 All
286 664 346 690 that
361 664 425 691 God
514 657 563 695 Et
577 664 680 707 patet
695 656 801 706 quod
814 656 941 694 omnis
958 656 1123 694 donacio
1141 656 1255 693 divini
1268 655 1437 693 muneris
1447 661 1620 693 creature
1633 661 1691 692 est
1702 666 1788 703 pre-

182 704 279 731 grants
293 704 321 724 ro
335 698 382 723 the

182 738 309 791 fggffture
320 731 342 758 is
353 731 441 765 really
462 729 593 773 stacio,
609 735 646 765 et
665 733 832 765 econtra.
876 726 926 763 Et
939 732 1042 776 patet
1057 738 1168 763 verus
1189 738 1323 763 sensus
1344 725 1545 763 doctorum
1571 724 1789 762 dicencium

242 785 249 796 ⁵
462 798 567 847 quod
580 798 683 836 idem
702 804 759 835 est
777 796 905 834 Deum
922 797 1147 834 servientem
1168 808 1280 834 suum
1293 796 1585 845 quomodolibet
1599 795 1789 845 premiare

182 875 436 935 ffiferlvthffrffffhas
464 875 500 907 et
531 880 671 906 munus
702 868 902 917 proprium
935 879 1136 905 coronare.
1192 866 1280 916 Ipse
1315 867 1420 904 enim
1451 872 1594 915 prestat
1627 865 1789 903 omnino

184 942 377 1009 gggffscgirvgxg
387 942 410 968 is
422 942 455 969 of
463 940 638 976 meritum
660 945 696 976 et
716 939 1011 976 instrumentum
1032 938 1214 983 merendi,
1236 950 1281 975 ac
1311 937 1572 986 preveniendo
1594 936 1732 974 excitat
1753 942 1846 973 etro

462 1010 664 1048 necessitat
698 1009 748 1047 ad
778 1009 1030 1046 merendum:
1076 1008 1293 1054 necessitat,
1325 1008 1422 1052 dico,
1453 1019 1533 1044 non
1562 1007 1790 1044 necessitate

461 1080 634 1118 absoluta
664 1080 730 1117 sed
759 1092 806 1116 ex
837 1079 1121 1129 supposicione,
1144 1079 1246 1116 salva
1268 1079 1440 1116 libertate
1468 1077 1609 1115 arbitrii
1638 1089 1790 1126 prome-

461 1151 588 1188 rentis.
646 1150 753 1187 Patet
773 1162 820 1187 ex
841 1150 916 1187 hoc
938 1149 1045 1199 quod
1065 1156 1240 1198 respectu
1261 1149 1534 1198 cuiuscumque
1554 1147 1712 1185 effectus
1733 1154 1790 1185 est

461 1221 549 1258 dare
580 1232 737 1258 causam
770 1219 1002 1269 completam
1035 1232 1083 1257 ex
1117 1232 1193 1269 qua
1226 1219 1352 1269 posita
1385 1218 1553 1267 sequitur
1586 1217 1792 1255 formaliter

461 1293 589 1341 ipsum
615 1303 709 1329 esse.
768 1290 874 1337 Ideo,
897 1297 938 1327 ut
971 1297 1075 1340 patet
1102 1290 1200 1337 alibi,
1221 1302 1337 1328 omne
1357 1289 1464 1339 quod
1488 1289 1635 1326 eveniet
1661 1295 1718 1327 est
1738 1290 1790 1327 sic
1809 1304 1845 1335 15

462 1362 719 1399 necessarium
744 1362 906 1406 evenire,
928 1368 965 1398 et
992 1373 1072 1398 non
1096 1361 1268 1398 absolute
1300 1360 1570 1406 necessarium,
1592 1372 1680 1398 cum
1701 1360 1792 1398 voli-

463 1433 594 1471 ciones
625 1432 698 1469 Dei
727 1432 997 1480 contingentes
1026 1438 1155 1469 eterne
1191 1431 1406 1469 secundum
1441 1431 1654 1469 essenciam
1684 1442 1793 1468 suam

463 1510 621 1542 causant
662 1503 832 1549 effectus,
873 1509 910 1540 et
950 1503 1164 1540 secundum
1204 1502 1437 1540 relacionem
1475 1501 1639 1540 racionis
1676 1513 1793 1551 quam

462 1575 593 1612 dicunt
612 1574 820 1612 formaliter
840 1574 888 1610 ab
908 1573 980 1610 illis
1000 1572 1201 1611 effectibus
1220 1579 1479 1611 recausantur.

187 1649 403 1674 Hencenoone
522 1645 583 1682 Ex
615 1645 695 1682 istis
726 1644 894 1694 sequitur
933 1644 1039 1693 quod
1079 1643 1183 1681 nulla
1221 1650 1393 1681 creature
1425 1641 1444 1663 '¹‘
1478 1649 1604 1692 potest
1647 1655 1669 1680 a
1708 1642 1836 1680 DeoG

185 1691 237 1708 can
251 1682 365 1707 deserve
377 1690 445 1714 any-

185 1714 402 1780 ἑξὶεῐὲξὶξὲξῐεζῗ]
466 1715 602 1752 mereri
633 1714 774 1764 aliquid
804 1714 874 1751 nisi
904 1713 950 1751 de
981 1726 1165 1762 congruo⁷
1198 1714 1252 1752 sic
1282 1714 1388 1763 quod
1417 1714 1533 1751 nichil
1562 1714 1712 1763 penitus
1747 1714 1794 1750 de

185 1782 331 1851 ΞΓἋἝΆΠ
345 1834 397 1852 can
465 1786 672 1834 condigno.
730 1785 806 1822 Pro
829 1785 937 1822 cuius
958 1784 1219 1821 declaracione
1240 1796 1420 1833 suppono
1434 1784 1540 1833 quod
1561 1784 1737 1821 meritum
1758 1789 1796 1820 et

186 1859 396 1925 ἕιθζξξνξῐὶιῑὲδέὲΐ
466 1857 657 1906 premium
683 1855 857 1892 dicantur
882 1854 931 1892 ad
959 1854 1115 1904 aliquid,
1144 1855 1197 1892 sic
1222 1854 1327 1904 quod
1355 1854 1535 1891 meritum
1565 1854 1666 1891 dicat
1695 1866 1795 1902 opus

185 1927 302 1957 reward,
466 1927 523 1964 vel
545 1926 885 1964 conversacionem
907 1925 1077 1962 debitam
1097 1925 1213 1963 libere
1234 1925 1439 1972 servientis,
1454 1932 1493 1962 ut
1513 1925 1754 1974 dignificetur
1773 1937 1795 1961 a

464 2010 535 2035 suo
564 1996 737 2034 Domino
763 1996 1059 2033 retribucionem
1085 1997 1253 2045 recipere
1274 1996 1333 2033 vel
1356 1996 1596 2034 mercedem:
1627 2002 1664 2034 et
1693 2001 1794 2045 patet
1810 2007 1849 2039 ²5

464 2067 571 2117 quod
609 2067 735 2105 solum
775 2074 948 2104 creature
987 2066 1202 2104 racionales
1240 2074 1434 2104 merentur
1480 2067 1641 2115 proprie.
1720 2066 1796 2103 Sed

464 2139 643 2175 meritum
673 2143 764 2186 aput
794 2137 999 2185 theologos
1026 2143 1136 2174 sonat
1159 2137 1315 2174 limitate
1343 2137 1598 2174 ministerium
1628 2143 1796 2174 creature

466 2208 680 2253 racionalis,
701 2207 843 2245 faciens
858 2208 982 2257 ipsam
1004 2207 1239 2244 beatitudine
1259 2207 1338 2245 fore
1360 2207 1516 2257 dignam
1533 2220 1542 2254 ;
1574 2214 1610 2245 et
1635 2207 1796 2244 demeri—

466 2285 548 2315 tum
576 2284 687 2316 sonat
715 2278 871 2315 limitate
892 2278 931 2314 in
958 2279 1121 2314 abusum
1147 2277 1238 2314 doni
1266 2277 1410 2326 prestiti
1434 2277 1722 2326 dignificantem
1748 2277 1796 2315 ad

466 2361 607 2398 penam
628 2355 865 2398 perpetuam.
897 2347 1005 2385 Patet
1025 2348 1164 2385 modus
1184 2348 1365 2397 loquendi
1386 2360 1431 2385 ex
1455 2347 1662 2396 Scriptura.
1692 2347 1792 2385 Nam
1809 2364 1852 2395 30

467 2419 560 2456 Luc.
591 2419 666 2455 xxi.
698 2420 747 2466 36
779 2418 867 2456 dicit
898 2418 1079 2464 Salvator,
1111 2418 1265 2467 Vzgz'lale
1294 2420 1414 2466 itaque
1447 2420 1550 2455 omni
1578 2423 1730 2467 tempore
1758 2424 1800 2455 ut

466 2491 577 2537 dtgnz'
592 2489 803 2526 habeamini
802 2490 948 2539 fugere
967 2490 1087 2526 omnia
1108 2491 1178 2525 isla
1205 2489 1421 2538 quesulura
1448 2492 1535 2525 sunl
1550 2493 1583 2525 el
1599 2493 1697 2525 stare
1715 2493 1798 2525 ante

465 2559 610 2596 Filium
634 2560 803 2596 hominis.
859 2559 974 2605 Ecce,
996 2559 1114 2596 homo
1138 2565 1265 2608 potest
1292 2559 1513 2608 dignificare
1541 2571 1580 2596 se
1607 2564 1647 2596 ut
1676 2559 1714 2595 in
1735 2559 1797 2596 die

501 2663 523 2686 8.
544 2661 749 2693 quomodolibet
762 2662 787 2686 A
797 2661 834 2687 C:
856 2661 1010 2693 quemlibet
1024 2661 1055 2686 B.
1160 2670 1184 2694 9.
1205 2670 1311 2686 munus
1324 2661 1348 2686 A
1358 2660 1399 2686 C:
1421 2662 1519 2687 minus
1535 2661 1566 2686 B.
1669 2670 1708 2694 29.
1729 2661 1800 2686 doni

467 2695 491 2720 A
503 2695 525 2721 C
537 2701 543 2720 2
561 2695 637 2720 don—u
649 2695 778 2726 (fortasse
790 2695 926 2726 dominii)
941 2695 971 2720 B.
1112 2704 1151 2726 32.
1172 2694 1295 2726 “sugere
1310 2694 1331 2720 B
1345 2695 1362 2720 f.
1380 2704 1427 2727 247
1439 2702 1464 2720 Β.

790 2787 801 2808 1
812 2787 837 2809 1.
864 2777 922 2808 See
938 2777 993 2809 the
1009 2777 1209 2816 distinction,
1227 2787 1333 2818 supra,
1350 2787 1381 2818 p.
1400 2785 1411 2806 1
1422 2777 1471 2808 16.
