2008 3305
329 460 380 491 33·

332 753 383 786 34-

331 1041 384 1073 35·

332 1207 383 1247 36.

336 1382 389 1416 37·

168 1700 254 1734 LIB.
278 1700 358 1734 VH.

891 234 1159 267 APPENDIX.

394 341 519 382 potest
542 337 624 383 quis
649 338 845 383 providere
872 339 948 374 suis
975 338 1154 374 ministris
1181 338 1365 374 servando
1391 345 1648 385 paupertatem
1676 351 1731 375 ar·
1751 345 1850 388 [57Β-

394 401 592 430 tlsS1mam.

445 452 692 488 Tricesimum
710 455 866 489 tercium
884 455 1087 500 capitulum
1113 455 1228 490 obicit
1252 455 1299 489 de
1325 455 1499 490 mercede
1523 457 1636 501 quam
1657 457 1733 490 Do-

401 509 525 545 minus
551 511 642 546 dixit
669 512 794 547 deberi
820 513 1027 557 apostolis;
1063 519 1100 548 et
1127 512 1298 547 dissolvit
1326 512 1446 557 primo
1475 514 1650 557 colorate,
1679 526 1735 548 se-

401 568 525 602 cundo
559 569 731 612 realiter3
773 581 817 604 ac
851 570 1015 605 ostendit
1046 571 1149 616 quod
1183 582 1251 605 nec
1294 570 1454 615 apostoli
1492 582 1562 605 nec
1603 572 1735 606 fratres

401 626 575 670 minores,
594 627 657 672 qui
676 627 776 662 iuxta
794 639 901 662 suam
919 629 1086 672 regulam
1112 629 1159 663 de
1185 628 1363 663 laboricio
1386 629 1525 664 habent
1550 629 1685 674 vivere,
1705 630 1735 664 si

401 691 559 729 oportet,
577 685 718 720 habent
736 685 844 721 civile
863 686 919 720 ius
937 686 1090 732 aliquod
1109 687 1145 721 in
1164 687 1347 721 mercede.

448 742 697 777 Tricesimum
722 750 895 789 quartum
921 743 1125 789 capitulum
1155 744 1418 788 investigando
1444 744 1607 779 ostendit
1637 746 1737 790 quod

401 811 470 834 nec
490 801 675 836 Dominus
693 808 820 836 noster
837 813 907 836 nec
924 802 1002 836 eius
1029 802 1190 846 apostoli
1218 802 1329 836 istam
1352 808 1609 847 paupertatem
1633 803 1737 837 artis-

400 858 535 892 simam
558 870 602 893 ex
625 865 712 893 voto
737 860 963 902 servabant;
990 866 1026 894 et
1045 860 1196 904 exponit
1226 860 1316 894 illud
1344 861 1439 894 Mat.
1461 859 1542 903 xix.,
1563 860 1620 893 Et
1647 864 1740 894 sunt

399 915 563 951 eunuchi
577 917 648 961 qui
660 921 927 951 castraverunt
941 928 978 951 se
995 918 1093 962 ipsos
1102 920 1264 963 propter
1278 929 1436 963 regnum
1454 918 1615 952 celorum
1623 930 1644 959 ,-
1668 919 1739 963 qui

393 976 518 1019 potest
533 977 660 1019 capere
677 975 815 1019 capiat.

448 1032 695 1067 Tricesimum
722 1032 892 1078 quintum
920 1032 1122 1077 capitulum
1154 1033 1281 1068 multis
1314 1033 1528 1068 racionibus
1562 1033 1601 1068 id
1636 1033 1736 1068 idem

401 1090 576 1134 ostendit,
595 1101 785 1135 exponens
807 1090 992 1125 canticum
1014 1100 1028 1125 1
1050 1092 1144 1135 Reg.
1171 1091 1206 1125 ii.
1232 1098 1268 1126 et
1293 1091 1434 1126 dictum
1459 1092 1559 1126 beati
1585 1093 1735 1136 Augus-

400 1148 468 1185 tini
486 1160 597 1193 super
614 1149 697 1192 hoc,
716 1149 875 1193 septimo
895 1148 1041 1183 decimo
1060 1149 1107 1183 de
1126 1149 1285 1184 Civitate
1304 1149 1388 1192 Dei,
1408 1149 1570 1194 capitulo
1588 1150 1635 1184 iv.

449 1206 698 1241 Tricesimum
738 1213 883 1241 sextum
922 1206 1127 1251 capitulum
1163 1207 1277 1241 aliam
1313 1207 1503 1242 racionem
1540 1208 1589 1242 ad
1631 1208 1733 1242 idem

399 1264 573 1308 adducit;
599 1272 635 1300 et
665 1265 789 1307 obicit,
813 1276 858 1299 ac
888 1264 1068 1308 dissolvit,
1097 1265 1300 1300 ostendens
1328 1266 1429 1311 quod
1457 1272 1658 1311 paupertas
1692 1278 1737 1301 ex

401 1328 490 1357 voto
508 1334 578 1357 nec
596 1323 774 1357 minuitur
790 1334 860 1357 nec
878 1330 1034 1367 augetur
1050 1323 1122 1358 nisi
1140 1323 1234 1358 forte
1252 1335 1318 1368 per
1336 1324 1523 1359 accidens.

450 1381 699 1416 Tricesimum
717 1381 916 1426 septimum
935 1381 1136 1426 capitulum
1158 1381 1336 1426 patefacit
1361 1383 1462 1427 quod
1488 1382 1612 1427 priora
1637 1381 1738 1417 dicta

401 1450 477 1473 non
496 1439 775 1484 condempnant
793 1445 969 1474 voventes
987 1445 1050 1473 aut
1068 1445 1165 1482 vota,
1185 1445 1221 1474 et
1245 1439 1309 1474 dat
1330 1439 1538 1474 doctrinam
1556 1440 1604 1474 ad
1622 1451 1736 1485 quam

401 1496 513 1531 debet
539 1497 654 1531 homo
677 1497 879 1542 prudenter
902 1497 1096 1532 attendere
1119 1502 1321 1544 antequam
1345 1503 1473 1532 votum
1501 1497 1646 1533 emittat
1665 1510 1672 1534 :
1699 1503 1735 1533 et
1754 1500 1784 1527 Εἰ
1799 1496 1868 1527 52'6·
1889 1521 1896 1528 ·
1914 1521 1922 1528 ·

402 1554 454 1590 sic
472 1561 577 1590 sexto
595 1555 688 1590 libro
708 1555 820 1590 finem
838 1554 1006 1600 imponit.
1754 1544 1897 1614 ἒῖξθζῑΐ

447 1697 639 1744 Septimus
657 1697 751 1731 liber
765 1697 1232 1742 contrarietatesfamosas
1255 1700 1292 1731 et
1312 1697 1413 1731 alias
1435 1697 1559 1742 magis
1576 1697 1737 1731 occultas
1754 1708 1831 1740 71D

399 1757 501 1790 inter
516 1757 799 1790 constituciones
815 1756 1052 1789 dominorum
1070 1767 1303 1789 summorum
1315 1755 1540 1800 pontificum
1557 1755 1742 1790 Nicholaz·

400 1815 473 1851 III
490 1818 526 1848 et
550 1815 733 1848 Iohannis
759 1814 893 1856 XXII,
912 1825 956 1848 ac
979 1814 1101 1858 ipsius
1124 1813 1291 1847 libellum
1321 1814 1508 1858 Quoniam
1527 1814 1594 1847 vir
1609 1815 1736 1857 repro-

400 1872 476 1915 bus,
506 1874 621 1917 super
644 1872 883 1917 paupertatis
910 1871 1056 1905 Christi
1078 1874 1114 1905 et
1136 1870 1390 1915 apostolorum
1413 1871 1534 1915 ipsius
1562 1871 1734 1913 materia,
1747 1878 1946 1915 paupertate

399 1941 470 1974 que
486 1933 697 1975 paupertas
722 1929 850 1974 regule
872 1930 1017 1963 ordinis
1034 1929 1212 1972 fratrum
1242 1930 1432 1962 minorum
1463 1928 1668 1963 ascribitur
1691 1929 1736 1963 ab
1755 1923 1941 1958 B⁵I³aup³⁷'·

398 1988 545 2029 eisdem,
572 1988 681 2022 certis
702 1987 856 2021 traditis
880 1987 1119 2030 documentis,
1147 1986 1334 2028 absolvit;
1359 1990 1395 2020 et
1417 1986 1525 2020 lzabet
1541 1986 1736 2021 octodecim
1755 1965 1853 1992 tatem
1871 1969 1910 1993 Μ’

398 2047 577 2091 capitula.

448 2104 614 2138 Primum
633 2103 836 2148 capitulum
855 2102 1020 2147 disputat
1040 2101 1263 2147 inquirendo
1278 2101 1376 2136 unde
1389 2101 1597 2136 decretales
1612 2101 1736 2147 alique

401 2162 540 2197 debent
567 2161 709 2196 censeri
737 2161 931 2203 contrarie,
958 2160 1161 2195 ostendens
1188 2160 1289 2206 quod
1314 2171 1400 2204 non,
1419 2160 1491 2195 nisi
1518 2171 1562 2195 ex
1588 2166 1736 2195 contra-

403 2219 535 2256 rietate
554 2230 729 2253 sensuum
748 2218 958 2253 diffinitoris
977 2218 1014 2252 in
1033 2218 1113 2252 illis.

456 2278 670 2312 Secundum
689 2277 891 2321 capitulum
908 2275 1085 2321 patefacit
1103 2287 1175 2321 que
1197 2282 1281 2310 sunt
1306 2275 1466 2310 diffinita
1490 2275 1527 2310 in
1554 2274 1735 2310 constitu-

405 2335 511 2370 cione
530 2334 671 2369 domini
692 2334 868 2369 Iohannis
887 2335 922 2368 Α
928 2334 957 2368 d
969 2334 1203 2368 conditorem.

452 2394 627 2428 Tercium
658 2393 860 2437 capitulum
887 2392 1100 2426 manifestat
1130 2403 1203 2436 que
1233 2398 1319 2426 sunt
1347 2390 1506 2426 diffinita
1534 2391 1571 2425 in
1600 2390 1735 2426 consti-

403 2451 552 2489 tucione
571 2451 712 2487 domini
734 2449 913 2487 Iohannis
935 2451 1028 2484 Cum
1045 2451 1155 2484 inter.

453 2510 634 2554 Quartum
653 2509 855 2554 capitulum
875 2507 985 2543 simili
1003 2508 1116 2542 modo
1143 2507 1305 2542 ostendit
1324 2519 1395 2553 que
1419 2513 1503 2542 sunt
1522 2507 1680 2541 diffinita
1698 2505 1736 2540 in

402 2567 675 2602 constitucione
706 2566 848 2601 domini
882 2565 1061 2601 Iohannis
1091 2566 1191 2610 Quia
1216 2565 1455 2609 quorundam
1484 2571 1520 2599 et
1545 2564 1582 2599 in
1612 2564 1736 2599 libello

403 2626 591 2670 ,Quoniam
610 2626 675 2659 vir
690 2624 877 2669 reprobus.

449 2683 628 2728 Quintum
662 2683 865 2727 capitulum
899 2682 1054 2717 assumit
1097 2681 1375 2716 contrarietates
1418 2680 1513 2715 inter
1545 2680 1736 2715 decretum

400 2741 542 2775 domini
564 2741 740 2776 Iohannis
767 2741 835 2774 Ad
858 2740 1082 2774 conditorem
1109 2746 1144 2773 et
1172 2739 1364 2773 decretum
1392 2738 1533 2773 domini
1559 2737 1735 2772 Nicholai

401 2800 516 2833 Exiit
532 2799 790 2833 discuciendas
807 2809 815 2841 ;
842 2804 878 2832 et
897 2797 1054 2842 primam
1072 2797 1385 2839 contrarietatem,
1405 2807 1478 2841 que
1496 2807 1540 2831 ex
1558 2797 1630 2830 hoc
1648 2795 1733 2830 oriri

401 2857 556 2899 videtur,
576 2857 676 2901 quod
700 2856 874 2890 dominus
904 2855 1111 2890 Nicholaus
1137 2856 1318 2889 bonorum
1338 2853 1503 2888 omnium
1522 2854 1731 2888 oblatorum

400 2914 574 2951 fratribus
589 2914 791 2948 minoribus
810 2913 1015 2948 dominium
1035 2913 1103 2947 sibi
1122 2919 1157 2948 et
1176 2913 1324 2947 racione
1344 2911 1499 2947 ecclesie
1519 2910 1731 2953 reservavit,
