<?xml version="1.0" encoding="UTF-8"?>
<!DOCTYPE html PUBLIC "-//W3C//DTD XHTML 1.0 Transitional//EN"
    "http://www.w3.org/TR/xhtml1/DTD/xhtml1-transitional.dtd">
<html xmlns="http://www.w3.org/1999/xhtml" xml:lang="en" lang="en">
 <head>
  <title>
</title>
<meta http-equiv="Content-Type" content="text/html;charset=utf-8" />
  <meta name='ocr-system' content='tesseract 3.04.00' />
  <meta name='ocr-capabilities' content='ocr_page ocr_carea ocr_par ocr_line ocrx_word'/>
</head>
<body>
  <div class='ocr_page' id='page_1' title='image "./dedominiodivinol00wycl_0198.png"; bbox 0 0 2008 3305; ppageno 0'>
   <div class='ocr_carea' id='block_1_1' title="bbox 178 198 1783 257">
    <p class='ocr_par' dir='ltr' id='par_1_1' title="bbox 178 198 1783 257">
     <span class='ocr_line' id='line_1_1' title="bbox 178 198 1783 257; baseline -0.004 -11"><span class='ocrx_word' id='word_1_1' title='bbox 178 217 258 256; x_wconf 81' lang='lat'>142</span> <span class='ocrx_word' id='word_1_2' title='bbox 853 213 918 243; x_wconf 87' lang='lat' dir='ltr'>DE</span> <span class='ocrx_word' id='word_1_3' title='bbox 951 211 1168 244; x_wconf 87' lang='lat' dir='ltr'>DOMINIO</span> <span class='ocrx_word' id='word_1_4' title='bbox 1200 211 1376 243; x_wconf 76' lang='lat' dir='ltr'>Drvmo</span> <span class='ocrx_word' id='word_1_5' title='bbox 1570 198 1674 257; x_wconf 84' lang='lat' dir='ltr'>[CAP.</span> <span class='ocrx_word' id='word_1_6' title='bbox 1697 212 1783 240; x_wconf 83' lang='lat' dir='ltr'>xvr.</span> 
     </span>
    </p>
   </div>
   <div class='ocr_carea' id='block_1_2' title="bbox 175 326 1899 1292">
    <p class='ocr_par' dir='ltr' id='par_1_2' title="bbox 452 326 1899 1223">
     <span class='ocr_line' id='line_1_2' title="bbox 455 326 1899 379; baseline -0.003 -14"><span class='ocrx_word' id='word_1_7' title='bbox 455 328 548 366; x_wconf 87' lang='lat' dir='ltr'>turis</span> <span class='ocrx_word' id='word_1_8' title='bbox 579 339 676 379; x_wconf 85' lang='lat' dir='ltr'>quas</span> <span class='ocrx_word' id='word_1_9' title='bbox 709 327 888 373; x_wconf 89' lang='lat' dir='ltr'>referunt,</span> <span class='ocrx_word' id='word_1_10' title='bbox 914 340 994 365; x_wconf 93' lang='lat' dir='ltr'>non</span> <span class='ocrx_word' id='word_1_11' title='bbox 1020 334 1077 365; x_wconf 90' lang='lat' dir='ltr'>est</span> <span class='ocrx_word' id='word_1_12' title='bbox 1104 327 1331 377; x_wconf 90' lang='lat' dir='ltr'>fingendum</span> <span class='ocrx_word' id='word_1_13' title='bbox 1365 326 1472 376; x_wconf 89' lang='lat' dir='ltr'>quod</span> <span class='ocrx_word' id='word_1_14' title='bbox 1502 338 1581 363; x_wconf 92' lang='lat' dir='ltr'>non</span> <span class='ocrx_word' id='word_1_15' title='bbox 1611 326 1788 363; x_wconf 87' lang='lat' dir='ltr'>dicuntur</span> <span class='ocrx_word' id='word_1_16' title='bbox 1802 328 1899 370; x_wconf 83' lang='lat'><strong>[4713</strong></span> 
     </span>
     <span class='ocr_line' id='line_1_3' title="bbox 454 397 1789 448; baseline -0.001 -12"><span class='ocrx_word' id='word_1_17' title='bbox 454 399 503 437; x_wconf 91' lang='lat' dir='ltr'>ad</span> <span class='ocrx_word' id='word_1_18' title='bbox 532 399 676 448; x_wconf 91' lang='lat' dir='ltr'>aliquid</span> <span class='ocrx_word' id='word_1_19' title='bbox 705 405 741 435; x_wconf 91' lang='lat' dir='ltr'>et</span> <span class='ocrx_word' id='word_1_20' title='bbox 771 398 1015 447; x_wconf 81' lang='lat' dir='ltr'>dependeant</span> <span class='ocrx_word' id='word_1_21' title='bbox 1042 399 1245 436; x_wconf 79' lang='lat' dir='ltr'>causaliter</span> <span class='ocrx_word' id='word_1_22' title='bbox 1272 410 1294 435; x_wconf 89' lang='lat' dir='ltr'>a</span> <span class='ocrx_word' id='word_1_23' title='bbox 1320 398 1483 435; x_wconf 87' lang='lat' dir='ltr'>creatis:</span> <span class='ocrx_word' id='word_1_24' title='bbox 1515 403 1552 434; x_wconf 90' lang='lat' dir='ltr'>et</span> <span class='ocrx_word' id='word_1_25' title='bbox 1572 397 1602 434; x_wconf 94' lang='lat' dir='ltr'>si</span> <span class='ocrx_word' id='word_1_26' title='bbox 1628 402 1789 446; x_wconf 87' lang='lat' dir='ltr'>possent</span> 
     </span>
     <span class='ocr_line' id='line_1_4' title="bbox 454 467 1788 518; baseline -0.002 -12"><span class='ocrx_word' id='word_1_27' title='bbox 454 482 535 507; x_wconf 91' lang='lat' dir='ltr'>non</span> <span class='ocrx_word' id='word_1_28' title='bbox 574 481 670 515; x_wconf 88' lang='lat' dir='ltr'>esse,</span> <span class='ocrx_word' id='word_1_29' title='bbox 706 475 748 505; x_wconf 92' lang='lat' dir='ltr'>ut</span> <span class='ocrx_word' id='word_1_30' title='bbox 786 469 922 507; x_wconf 87' lang='lat' dir='ltr'>doctor</span> <span class='ocrx_word' id='word_1_31' title='bbox 959 469 1069 518; x_wconf 90' lang='lat' dir='ltr'>ponit</span> <span class='ocrx_word' id='word_1_32' title='bbox 1101 469 1141 505; x_wconf 88' lang='lat' dir='ltr'>in</span> <span class='ocrx_word' id='word_1_33' title='bbox 1180 469 1235 506; x_wconf 91' lang='lat' dir='ltr'>eis</span> <span class='ocrx_word' id='word_1_34' title='bbox 1272 468 1586 517; x_wconf 88' lang='lat' dir='ltr'>contingenciam</span> <span class='ocrx_word' id='word_1_35' title='bbox 1624 467 1788 516; x_wconf 81' lang='lat' dir='ltr'>primam</span> 
     </span>
     <span class='ocr_line' id='line_1_5' title="bbox 453 537 1787 589; baseline -0.003 -12"><span class='ocrx_word' id='word_1_36' title='bbox 453 541 626 585; x_wconf 83' lang='lat' dir='ltr'>liberam,</span> <span class='ocrx_word' id='word_1_37' title='bbox 658 552 739 577; x_wconf 88' lang='lat' dir='ltr'>non</span> <span class='ocrx_word' id='word_1_38' title='bbox 769 540 918 577; x_wconf 88' lang='lat' dir='ltr'>videtur</span> <span class='ocrx_word' id='word_1_39' title='bbox 952 540 1045 589; x_wconf 89' lang='lat' dir='ltr'>quin</span> <span class='ocrx_word' id='word_1_40' title='bbox 1081 545 1240 589; x_wconf 80' lang='lat' dir='ltr'>possent</span> <span class='ocrx_word' id='word_1_41' title='bbox 1274 538 1449 576; x_wconf 84' lang='lat' dir='ltr'>desinere</span> <span class='ocrx_word' id='word_1_42' title='bbox 1487 544 1524 574; x_wconf 92' lang='lat' dir='ltr'>et</span> <span class='ocrx_word' id='word_1_43' title='bbox 1557 538 1691 574; x_wconf 89' lang='lat' dir='ltr'>iterato</span> <span class='ocrx_word' id='word_1_44' title='bbox 1729 537 1787 574; x_wconf 92' lang='lat' dir='ltr'>in-</span> 
     </span>
     <span class='ocr_line' id='line_1_6' title="bbox 454 607 1819 660; baseline -0.003 -13"><span class='ocrx_word' id='word_1_45' title='bbox 454 612 594 660; x_wconf 87' lang='lat' dir='ltr'>cipere,</span> <span class='ocrx_word' id='word_1_46' title='bbox 619 610 716 647; x_wconf 91' lang='lat' dir='ltr'>sicut</span> <span class='ocrx_word' id='word_1_47' title='bbox 745 610 817 647; x_wconf 90' lang='lat' dir='ltr'>alie</span> <span class='ocrx_word' id='word_1_48' title='bbox 847 616 1004 647; x_wconf 87' lang='lat' dir='ltr'>causate</span> <span class='ocrx_word' id='word_1_49' title='bbox 1034 610 1206 647; x_wconf 88' lang='lat' dir='ltr'>essencie</span> <span class='ocrx_word' id='word_1_50' title='bbox 1236 609 1434 654; x_wconf 87' lang='lat' dir='ltr'>absolute;</span> <span class='ocrx_word' id='word_1_51' title='bbox 1468 614 1505 645; x_wconf 90' lang='lat' dir='ltr'>et</span> <span class='ocrx_word' id='word_1_52' title='bbox 1526 608 1579 645; x_wconf 89' lang='lat' dir='ltr'>sic</span> <span class='ocrx_word' id='word_1_53' title='bbox 1608 607 1819 648; x_wconf 86' lang='lat' dir='ltr'>omnibus5</span> 
     </span>
     <span class='ocr_line' id='line_1_7' title="bbox 454 678 1789 729; baseline -0.004 -10"><span class='ocrx_word' id='word_1_54' title='bbox 454 681 664 719; x_wconf 83' lang='lat' dir='ltr'>mobilibus</span> <span class='ocrx_word' id='word_1_55' title='bbox 694 680 875 718; x_wconf 89' lang='lat' dir='ltr'>mobilior</span> <span class='ocrx_word' id='word_1_56' title='bbox 904 687 1003 718; x_wconf 90' lang='lat' dir='ltr'>esset</span> <span class='ocrx_word' id='word_1_57' title='bbox 1034 680 1230 729; x_wconf 83' lang='lat' dir='ltr'>sapiencia</span> <span class='ocrx_word' id='word_1_58' title='bbox 1263 679 1407 716; x_wconf 91' lang='lat' dir='ltr'>nedum</span> <span class='ocrx_word' id='word_1_59' title='bbox 1435 678 1691 716; x_wconf 89' lang='lat' dir='ltr'>communiter</span> <span class='ocrx_word' id='word_1_60' title='bbox 1719 690 1789 727; x_wconf 91' lang='lat' dir='ltr'>per</span> 
     </span>
     <span class='ocr_line' id='line_1_8' title="bbox 454 749 1829 801; baseline -0.001 -12"><span class='ocrx_word' id='word_1_61' title='bbox 454 752 733 801; x_wconf 85' lang='lat' dir='ltr'>acquisiciones</span> <span class='ocrx_word' id='word_1_62' title='bbox 752 749 769 769; x_wconf 59' lang='lat'>³³&lt;</span> <span class='ocrx_word' id='word_1_63' title='bbox 785 757 820 788; x_wconf 89' lang='lat' dir='ltr'>et</span> <span class='ocrx_word' id='word_1_64' title='bbox 850 751 1140 799; x_wconf 88' lang='lat' dir='ltr'>deperdiciones</span> <span class='ocrx_word' id='word_1_65' title='bbox 1168 756 1423 799; x_wconf 87' lang='lat' dir='ltr'>respectuum,</span> <span class='ocrx_word' id='word_1_66' title='bbox 1446 749 1514 786; x_wconf 91' lang='lat' dir='ltr'>sed</span> <span class='ocrx_word' id='word_1_67' title='bbox 1542 749 1695 798; x_wconf 88' lang='lat' dir='ltr'>proprie</span> <span class='ocrx_word' id='word_1_68' title='bbox 1720 757 1829 797; x_wconf 76' lang='lat' dir='ltr'>pero</span> 
     </span>
     <span class='ocr_line' id='line_1_9' title="bbox 455 820 1788 871; baseline -0.003 -12"><span class='ocrx_word' id='word_1_69' title='bbox 455 822 755 871; x_wconf 86' lang='lat' dir='ltr'>acquisicionem</span> <span class='ocrx_word' id='word_1_70' title='bbox 786 828 823 859; x_wconf 90' lang='lat' dir='ltr'>et</span> <span class='ocrx_word' id='word_1_71' title='bbox 852 821 1166 870; x_wconf 89' lang='lat' dir='ltr'>deperdicionem</span> <span class='ocrx_word' id='word_1_72' title='bbox 1201 820 1421 857; x_wconf 87' lang='lat' dir='ltr'>huiusmodi</span> <span class='ocrx_word' id='word_1_73' title='bbox 1453 820 1679 869; x_wconf 85' lang='lat' dir='ltr'>qualitatum</span> <span class='ocrx_word' id='word_1_74' title='bbox 1695 832 1707 866; x_wconf 85' lang='lat'>;</span> <span class='ocrx_word' id='word_1_75' title='bbox 1751 825 1788 856; x_wconf 91' lang='lat' dir='ltr'>et</span> 
     </span>
     <span class='ocr_line' id='line_1_10' title="bbox 453 889 1789 942; baseline -0.001 -13"><span class='ocrx_word' id='word_1_76' title='bbox 453 893 535 942; x_wconf 89' lang='lat' dir='ltr'>pari</span> <span class='ocrx_word' id='word_1_77' title='bbox 565 892 764 929; x_wconf 89' lang='lat' dir='ltr'>evidencia</span> <span class='ocrx_word' id='word_1_78' title='bbox 793 891 854 929; x_wconf 93' lang='lat' dir='ltr'>ille</span> <span class='ocrx_word' id='word_1_79' title='bbox 884 891 1010 929; x_wconf 89' lang='lat' dir='ltr'>forent</span> <span class='ocrx_word' id='word_1_80' title='bbox 1035 891 1287 929; x_wconf 88' lang='lat' dir='ltr'>volicionibus</span> <span class='ocrx_word' id='word_1_81' title='bbox 1318 890 1505 928; x_wconf 90' lang='lat' dir='ltr'>distinctis</span> <span class='ocrx_word' id='word_1_82' title='bbox 1526 890 1655 936; x_wconf 88' lang='lat' dir='ltr'>volite,</span> <span class='ocrx_word' id='word_1_83' title='bbox 1678 896 1714 927; x_wconf 93' lang='lat' dir='ltr'>et</span> <span class='ocrx_word' id='word_1_84' title='bbox 1735 889 1789 927; x_wconf 84' lang='lat' dir='ltr'>sic</span> 
     </span>
     <span class='ocr_line' id='line_1_11' title="bbox 453 960 1843 1012; baseline -0.004 -12"><span class='ocrx_word' id='word_1_85' title='bbox 453 963 649 1012; x_wconf 88' lang='lat' dir='ltr'>reciproce</span> <span class='ocrx_word' id='word_1_86' title='bbox 669 962 826 1000; x_wconf 89' lang='lat' dir='ltr'>infinite.</span> <span class='ocrx_word' id='word_1_87' title='bbox 884 961 986 999; x_wconf 92' lang='lat' dir='ltr'>Cum</span> <span class='ocrx_word' id='word_1_88' title='bbox 1007 974 1102 1011; x_wconf 91' lang='lat' dir='ltr'>ergo</span> <span class='ocrx_word' id='word_1_89' title='bbox 1118 961 1188 999; x_wconf 89' lang='lat' dir='ltr'>illis</span> <span class='ocrx_word' id='word_1_90' title='bbox 1210 961 1344 1010; x_wconf 88' lang='lat' dir='ltr'>positis</span> <span class='ocrx_word' id='word_1_91' title='bbox 1365 967 1517 1010; x_wconf 82' lang='lat' dir='ltr'>oportet</span> <span class='ocrx_word' id='word_1_92' title='bbox 1533 960 1787 1010; x_wconf 87' lang='lat' dir='ltr'>superaddere</span> <span class='ocrx_word' id='word_1_93' title='bbox 1804 973 1843 994; x_wconf 92' lang='lat'>10</span> 
     </span>
     <span class='ocr_line' id='line_1_12' title="bbox 453 1031 1788 1082; baseline -0.001 -13"><span class='ocrx_word' id='word_1_94' title='bbox 453 1034 494 1069; x_wconf 91' lang='lat' dir='ltr'>in</span> <span class='ocrx_word' id='word_1_95' title='bbox 523 1032 610 1070; x_wconf 90' lang='lat' dir='ltr'>Deo</span> <span class='ocrx_word' id='word_1_96' title='bbox 629 1033 845 1070; x_wconf 89' lang='lat' dir='ltr'>volenciam</span> <span class='ocrx_word' id='word_1_97' title='bbox 874 1033 1140 1082; x_wconf 81' lang='lat' dir='ltr'>respectivam,</span> <span class='ocrx_word' id='word_1_98' title='bbox 1162 1044 1236 1081; x_wconf 89' lang='lat' dir='ltr'>que</span> <span class='ocrx_word' id='word_1_99' title='bbox 1267 1032 1458 1069; x_wconf 88' lang='lat' dir='ltr'>sufficeret</span> <span class='ocrx_word' id='word_1_100' title='bbox 1486 1043 1575 1069; x_wconf 92' lang='lat' dir='ltr'>curn</span> <span class='ocrx_word' id='word_1_101' title='bbox 1596 1031 1720 1068; x_wconf 88' lang='lat' dir='ltr'>volitis</span> <span class='ocrx_word' id='word_1_102' title='bbox 1750 1036 1788 1067; x_wconf 91' lang='lat' dir='ltr'>et</span> 
     </span>
     <span class='ocr_line' id='line_1_13' title="bbox 453 1102 1789 1153; baseline -0.002 -12"><span class='ocrx_word' id='word_1_103' title='bbox 453 1104 581 1141; x_wconf 88' lang='lat' dir='ltr'>divina</span> <span class='ocrx_word' id='word_1_104' title='bbox 597 1104 781 1148; x_wconf 89' lang='lat' dir='ltr'>essencia,</span> <span class='ocrx_word' id='word_1_105' title='bbox 795 1103 867 1141; x_wconf 89' lang='lat' dir='ltr'>illis</span> <span class='ocrx_word' id='word_1_106' title='bbox 884 1116 964 1141; x_wconf 92' lang='lat' dir='ltr'>non</span> <span class='ocrx_word' id='word_1_107' title='bbox 980 1103 1126 1153; x_wconf 89' lang='lat' dir='ltr'>positis,</span> <span class='ocrx_word' id='word_1_108' title='bbox 1141 1103 1288 1140; x_wconf 89' lang='lat' dir='ltr'>videtur</span> <span class='ocrx_word' id='word_1_109' title='bbox 1307 1103 1426 1140; x_wconf 91' lang='lat' dir='ltr'>michi</span> <span class='ocrx_word' id='word_1_110' title='bbox 1447 1102 1562 1139; x_wconf 89' lang='lat' dir='ltr'>nimis</span> <span class='ocrx_word' id='word_1_111' title='bbox 1582 1113 1789 1139; x_wconf 91' lang='lat' dir='ltr'>erroneum</span> 
     </span>
     <span class='ocr_line' id='line_1_14' title="bbox 452 1173 1692 1223; baseline -0.001 -12"><span class='ocrx_word' id='word_1_112' title='bbox 452 1174 546 1211; x_wconf 91' lang='lat' dir='ltr'>tales</span> <span class='ocrx_word' id='word_1_113' title='bbox 568 1185 705 1211; x_wconf 90' lang='lat' dir='ltr'>omnes</span> <span class='ocrx_word' id='word_1_114' title='bbox 726 1174 870 1223; x_wconf 91' lang='lat' dir='ltr'>fingere</span> <span class='ocrx_word' id='word_1_115' title='bbox 891 1181 1050 1223; x_wconf 87' lang='lat' dir='ltr'>propter</span> <span class='ocrx_word' id='word_1_116' title='bbox 1070 1173 1388 1211; x_wconf 88' lang='lat' dir='ltr'>inconveniencia</span> <span class='ocrx_word' id='word_1_117' title='bbox 1410 1185 1483 1222; x_wconf 89' lang='lat' dir='ltr'>que</span> <span class='ocrx_word' id='word_1_118' title='bbox 1504 1179 1692 1210; x_wconf 92' lang='lat' dir='ltr'>secuntur.</span> 
     </span>
    </p>

    <p class='ocr_par' dir='ltr' id='par_1_3' title="bbox 175 1242 1787 1292">
     <span class='ocr_line' id='line_1_15' title="bbox 175 1242 1787 1292; baseline -0.001 -10"><span class='ocrx_word' id='word_1_119' title='bbox 175 1258 198 1282; x_wconf 83' lang='lat'>3·</span> <span class='ocrx_word' id='word_1_120' title='bbox 221 1249 255 1275; x_wconf 81' lang='lat' dir='ltr'>In</span> <span class='ocrx_word' id='word_1_121' title='bbox 269 1248 332 1275; x_wconf 78' lang='lat' dir='ltr'>God</span> <span class='ocrx_word' id='word_1_122' title='bbox 346 1248 423 1274; x_wconf 80' lang='lat' dir='ltr'>there</span> <span class='ocrx_word' id='word_1_123' title='bbox 508 1244 602 1282; x_wconf 91' lang='lat' dir='ltr'>Ideo</span> <span class='ocrx_word' id='word_1_124' title='bbox 631 1244 738 1281; x_wconf 86' lang='lat' dir='ltr'>iuxta</span> <span class='ocrx_word' id='word_1_125' title='bbox 758 1244 851 1282; x_wconf 90' lang='lat' dir='ltr'>alias</span> <span class='ocrx_word' id='word_1_126' title='bbox 881 1244 1075 1281; x_wconf 87' lang='lat' dir='ltr'>declarata</span> <span class='ocrx_word' id='word_1_127' title='bbox 1104 1250 1161 1281; x_wconf 89' lang='lat' dir='ltr'>est</span> <span class='ocrx_word' id='word_1_128' title='bbox 1192 1243 1283 1281; x_wconf 86' lang='lat' dir='ltr'>dare</span> <span class='ocrx_word' id='word_1_129' title='bbox 1313 1244 1352 1280; x_wconf 92' lang='lat' dir='ltr'>in</span> <span class='ocrx_word' id='word_1_130' title='bbox 1382 1242 1469 1280; x_wconf 91' lang='lat' dir='ltr'>Deo</span> <span class='ocrx_word' id='word_1_131' title='bbox 1499 1242 1787 1292; x_wconf 89' lang='lat' dir='ltr'>intelligencias‚</span> 
     </span>
    </p>
   </div>
   <div class='ocr_carea' id='block_1_3' title="bbox 175 1282 437 1314">
    <p class='ocr_par' dir='ltr' id='par_1_4' title="bbox 175 1282 437 1314">
     <span class='ocr_line' id='line_1_16' title="bbox 175 1282 437 1314; baseline -0.004 -6"><span class='ocrx_word' id='word_1_132' title='bbox 175 1292 222 1308; x_wconf 87' lang='lat' dir='ltr'>are</span> <span class='ocrx_word' id='word_1_133' title='bbox 236 1282 437 1314; x_wconf 84' lang='lat' dir='ltr'>intelligences‚</span> 
     </span>
    </p>
   </div>
   <div class='ocr_carea' id='block_1_4' title="bbox 173 1313 1840 1379">
    <p class='ocr_par' dir='ltr' id='par_1_5' title="bbox 173 1313 1840 1379">
     <span class='ocr_line' id='line_1_17' title="bbox 173 1313 1840 1379; baseline -0.002 -27"><span class='ocrx_word' id='word_1_134' title='bbox 173 1316 425 1379; x_wconf 49' lang='grc' dir='ltr'>ξξῇῗίῑὲξξὸψίξέὴ</span> <span class='ocrx_word' id='word_1_135' title='bbox 454 1314 652 1360; x_wconf 84' lang='lat' dir='ltr'>sciencias,</span> <span class='ocrx_word' id='word_1_136' title='bbox 675 1321 711 1352; x_wconf 93' lang='lat' dir='ltr'>et</span> <span class='ocrx_word' id='word_1_137' title='bbox 724 1314 929 1361; x_wconf 89' lang='lat' dir='ltr'>volencias,</span> <span class='ocrx_word' id='word_1_138' title='bbox 951 1327 1025 1364; x_wconf 91' lang='lat' dir='ltr'>que</span> <span class='ocrx_word' id='word_1_139' title='bbox 1047 1321 1135 1351; x_wconf 90' lang='lat' dir='ltr'>sunt</span> <span class='ocrx_word' id='word_1_140' title='bbox 1156 1314 1369 1351; x_wconf 86' lang='lat' dir='ltr'>relaciones</span> <span class='ocrx_word' id='word_1_141' title='bbox 1390 1313 1556 1351; x_wconf 90' lang='lat' dir='ltr'>racionis</span> <span class='ocrx_word' id='word_1_142' title='bbox 1577 1313 1787 1350; x_wconf 89' lang='lat' dir='ltr'>subiectate</span> <span class='ocrx_word' id='word_1_143' title='bbox 1804 1327 1840 1359; x_wconf 88' lang='lat'>15</span> 
     </span>
    </p>
   </div>
   <div class='ocr_carea' id='block_1_5' title="bbox 175 1383 1788 1434">
    <p class='ocr_par' dir='ltr' id='par_1_6' title="bbox 175 1383 1788 1434">
     <span class='ocr_line' id='line_1_18' title="bbox 175 1383 1788 1434; baseline -0.001 -12"><span class='ocrx_word' id='word_1_144' title='bbox 175 1392 223 1408; x_wconf 58' lang='lat' dir='ltr'>are</span> <span class='ocrx_word' id='word_1_145' title='bbox 237 1383 393 1408; x_wconf 51' lang='lat' dir='ltr'>mamm</span> <span class='ocrx_word' id='word_1_146' title='bbox 454 1386 492 1422; x_wconf 90' lang='lat' dir='ltr'>in</span> <span class='ocrx_word' id='word_1_147' title='bbox 513 1385 599 1423; x_wconf 89' lang='lat' dir='ltr'>Deo</span> <span class='ocrx_word' id='word_1_148' title='bbox 621 1386 702 1423; x_wconf 90' lang='lat' dir='ltr'>sine</span> <span class='ocrx_word' id='word_1_149' title='bbox 723 1385 867 1434; x_wconf 89' lang='lat' dir='ltr'>dispari</span> <span class='ocrx_word' id='word_1_150' title='bbox 896 1385 1152 1422; x_wconf 88' lang='lat' dir='ltr'>fundamento</span> <span class='ocrx_word' id='word_1_151' title='bbox 1174 1391 1210 1421; x_wconf 93' lang='lat' dir='ltr'>et</span> <span class='ocrx_word' id='word_1_152' title='bbox 1231 1385 1432 1422; x_wconf 88' lang='lat' dir='ltr'>terminate</span> <span class='ocrx_word' id='word_1_153' title='bbox 1454 1384 1502 1421; x_wconf 88' lang='lat' dir='ltr'>ad</span> <span class='ocrx_word' id='word_1_154' title='bbox 1521 1383 1637 1421; x_wconf 87' lang='lat' dir='ltr'>volita</span> <span class='ocrx_word' id='word_1_155' title='bbox 1656 1384 1695 1420; x_wconf 92' lang='lat' dir='ltr'>in</span> <span class='ocrx_word' id='word_1_156' title='bbox 1716 1395 1788 1421; x_wconf 92' lang='lat' dir='ltr'>suo</span> 
     </span>
    </p>
   </div>
   <div class='ocr_carea' id='block_1_6' title="bbox 174 1417 308 1442">
    <p class='ocr_par' dir='ltr' id='par_1_7' title="bbox 174 1417 308 1442">
     <span class='ocr_line' id='line_1_19' title="bbox 174 1417 308 1442; baseline 0 -1"><span class='ocrx_word' id='word_1_157' title='bbox 174 1417 308 1442; x_wconf 80' lang='lat' dir='ltr'>rationis.</span> 
     </span>
    </p>
   </div>
   <div class='ocr_carea' id='block_1_7' title="bbox 172 1454 1842 2419">
    <p class='ocr_par' dir='ltr' id='par_1_8' title="bbox 177 1454 1787 1505">
     <span class='ocr_line' id='line_1_20' title="bbox 177 1454 1787 1505; baseline 0.001 -15"><span class='ocrx_word' id='word_1_158' title='bbox 177 1465 288 1504; x_wconf 66' lang='lat' dir='ltr'>sshings</span> <span class='ocrx_word' id='word_1_159' title='bbox 302 1464 424 1503; x_wconf 25' lang='lat' dir='ltr'>afetsub-</span> <span class='ocrx_word' id='word_1_160' title='bbox 453 1468 593 1504; x_wconf 85' lang='lat' dir='ltr'>genere</span> <span class='ocrx_word' id='word_1_161' title='bbox 609 1469 619 1503; x_wconf 91' lang='lat'>,·</span> <span class='ocrx_word' id='word_1_162' title='bbox 662 1456 1030 1505; x_wconf 89' lang='lat' dir='ltr'>distinguunturque</span> <span class='ocrx_word' id='word_1_163' title='bbox 1065 1456 1220 1493; x_wconf 89' lang='lat' dir='ltr'>racione</span> <span class='ocrx_word' id='word_1_164' title='bbox 1260 1455 1490 1501; x_wconf 85' lang='lat' dir='ltr'>abinvicem,</span> <span class='ocrx_word' id='word_1_165' title='bbox 1527 1467 1617 1492; x_wconf 92' lang='lat' dir='ltr'>cum</span> <span class='ocrx_word' id='word_1_166' title='bbox 1650 1454 1787 1492; x_wconf 89' lang='lat' dir='ltr'>intelli-</span> 
     </span>
    </p>

    <p class='ocr_par' dir='ltr' id='par_1_9' title="bbox 172 1498 1786 1575">
     <span class='ocr_line' id='line_1_21' title="bbox 172 1498 1786 1575; baseline -0.001 -11"><span class='ocrx_word' id='word_1_167' title='bbox 172 1498 439 1564; x_wconf 46' lang='grc' dir='ltr'>ἷίθὲἑῗιὲἔὲειῖὲῗτξὲἒ,</span> <span class='ocrx_word' id='word_1_168' title='bbox 454 1527 592 1575; x_wconf 86' lang='lat' dir='ltr'>gencia</span> <span class='ocrx_word' id='word_1_169' title='bbox 616 1527 661 1564; x_wconf 90' lang='lat' dir='ltr'>sit</span> <span class='ocrx_word' id='word_1_170' title='bbox 680 1527 778 1564; x_wconf 88' lang='lat' dir='ltr'>entis</span> <span class='ocrx_word' id='word_1_171' title='bbox 798 1527 856 1564; x_wconf 91' lang='lat' dir='ltr'>vel</span> <span class='ocrx_word' id='word_1_172' title='bbox 880 1527 993 1564; x_wconf 91' lang='lat' dir='ltr'>unius</span> <span class='ocrx_word' id='word_1_173' title='bbox 1013 1526 1294 1564; x_wconf 88' lang='lat' dir='ltr'>absolutissime</span> <span class='ocrx_word' id='word_1_174' title='bbox 1325 1526 1396 1563; x_wconf 90' lang='lat' dir='ltr'>sub</span> <span class='ocrx_word' id='word_1_175' title='bbox 1416 1538 1598 1562; x_wconf 89' lang='lat' dir='ltr'>mensura</span> <span class='ocrx_word' id='word_1_176' title='bbox 1621 1525 1786 1571; x_wconf 89' lang='lat' dir='ltr'>essendi,</span> 
     </span>
    </p>

    <p class='ocr_par' dir='ltr' id='par_1_10' title="bbox 175 1596 1788 1643">
     <span class='ocr_line' id='line_1_22' title="bbox 175 1596 1788 1643; baseline -0.002 -7"><span class='ocrx_word' id='word_1_177' title='bbox 175 1610 207 1636; x_wconf 81' lang='lat' dir='ltr'>of</span> <span class='ocrx_word' id='word_1_178' title='bbox 219 1609 263 1636; x_wconf 79' lang='lat' dir='ltr'>his</span> <span class='ocrx_word' id='word_1_179' title='bbox 274 1610 441 1643; x_wconf 81' lang='lat' dir='ltr'>knowledge</span> <span class='ocrx_word' id='word_1_180' title='bbox 454 1598 620 1635; x_wconf 91' lang='lat' dir='ltr'>sciencia</span> <span class='ocrx_word' id='word_1_181' title='bbox 640 1598 711 1634; x_wconf 89' lang='lat' dir='ltr'>sub</span> <span class='ocrx_word' id='word_1_182' title='bbox 731 1598 887 1635; x_wconf 89' lang='lat' dir='ltr'>racione</span> <span class='ocrx_word' id='word_1_183' title='bbox 908 1597 995 1642; x_wconf 86' lang='lat' dir='ltr'>veri,</span> <span class='ocrx_word' id='word_1_184' title='bbox 1017 1603 1054 1634; x_wconf 90' lang='lat' dir='ltr'>et</span> <span class='ocrx_word' id='word_1_185' title='bbox 1075 1597 1247 1634; x_wconf 86' lang='lat' dir='ltr'>volencia</span> <span class='ocrx_word' id='word_1_186' title='bbox 1268 1597 1340 1633; x_wconf 86' lang='lat' dir='ltr'>sub</span> <span class='ocrx_word' id='word_1_187' title='bbox 1355 1596 1510 1634; x_wconf 90' lang='lat' dir='ltr'>racione</span> <span class='ocrx_word' id='word_1_188' title='bbox 1531 1596 1624 1634; x_wconf 92' lang='lat' dir='ltr'>boni</span> <span class='ocrx_word' id='word_1_189' title='bbox 1641 1608 1648 1633; x_wconf 93' lang='lat'><strong>:</strong></span> <span class='ocrx_word' id='word_1_190' title='bbox 1679 1602 1715 1634; x_wconf 90' lang='lat' dir='ltr'>et</span> <span class='ocrx_word' id='word_1_191' title='bbox 1735 1596 1788 1633; x_wconf 87' lang='lat' dir='ltr'>sic</span> 
     </span>
    </p>

    <p class='ocr_par' dir='ltr' id='par_1_11' title="bbox 175 1644 1842 2350">
     <span class='ocr_line' id='line_1_23' title="bbox 175 1644 1842 1717; baseline 0.001 -14"><span class='ocrx_word' id='word_1_192' title='bbox 175 1644 425 1710; x_wconf 52' lang='lat' dir='ltr'>fiistffiijsngogfi.</span> <span class='ocrx_word' id='word_1_193' title='bbox 453 1668 711 1716; x_wconf 89' lang='lat' dir='ltr'>intelligencia</span> <span class='ocrx_word' id='word_1_194' title='bbox 731 1680 808 1717; x_wconf 88' lang='lat' dir='ltr'>qua</span> <span class='ocrx_word' id='word_1_195' title='bbox 828 1667 936 1705; x_wconf 88' lang='lat' dir='ltr'>Deus</span> <span class='ocrx_word' id='word_1_196' title='bbox 956 1667 1129 1716; x_wconf 86' lang='lat' dir='ltr'>intelligit</span> <span class='ocrx_word' id='word_1_197' title='bbox 1145 1667 1344 1704; x_wconf 90' lang='lat' dir='ltr'>hominem</span> <span class='ocrx_word' id='word_1_198' title='bbox 1360 1666 1417 1704; x_wconf 89' lang='lat' dir='ltr'>vel</span> <span class='ocrx_word' id='word_1_199' title='bbox 1437 1666 1551 1703; x_wconf 87' lang='lat' dir='ltr'>aliam</span> <span class='ocrx_word' id='word_1_200' title='bbox 1571 1673 1787 1704; x_wconf 90' lang='lat' dir='ltr'>creaturam</span> <span class='ocrx_word' id='word_1_201' title='bbox 1802 1684 1842 1705; x_wconf 90' lang='lat'>20</span> 
     </span>
     <span class='ocr_line' id='line_1_24' title="bbox 455 1737 1788 1786; baseline -0.002 -11"><span class='ocrx_word' id='word_1_202' title='bbox 455 1739 526 1775; x_wconf 89' lang='lat' dir='ltr'>sub</span> <span class='ocrx_word' id='word_1_203' title='bbox 557 1738 712 1775; x_wconf 92' lang='lat' dir='ltr'>racione</span> <span class='ocrx_word' id='word_1_204' title='bbox 742 1738 901 1775; x_wconf 86' lang='lat' dir='ltr'>effectus</span> <span class='ocrx_word' id='word_1_205' title='bbox 925 1744 982 1775; x_wconf 86' lang='lat' dir='ltr'>est</span> <span class='ocrx_word' id='word_1_206' title='bbox 1009 1738 1252 1786; x_wconf 85' lang='lat' dir='ltr'>contingens,</span> <span class='ocrx_word' id='word_1_207' title='bbox 1274 1743 1315 1774; x_wconf 91' lang='lat' dir='ltr'>ut</span> <span class='ocrx_word' id='word_1_208' title='bbox 1347 1737 1512 1774; x_wconf 85' lang='lat' dir='ltr'>sciencia</span> <span class='ocrx_word' id='word_1_209' title='bbox 1532 1737 1591 1773; x_wconf 90' lang='lat' dir='ltr'>vel</span> <span class='ocrx_word' id='word_1_210' title='bbox 1612 1737 1788 1774; x_wconf 84' lang='lat' dir='ltr'>volencia</span> 
     </span>
     <span class='ocr_line' id='line_1_25' title="bbox 454 1807 1789 1857; baseline -0.001 -12"><span class='ocrx_word' id='word_1_211' title='bbox 454 1808 774 1857; x_wconf 84' lang='lat' dir='ltr'>correspondens,</span> <span class='ocrx_word' id='word_1_212' title='bbox 796 1820 887 1846; x_wconf 89' lang='lat' dir='ltr'>cum</span> <span class='ocrx_word' id='word_1_213' title='bbox 917 1808 1139 1857; x_wconf 87' lang='lat' dir='ltr'>superaddit</span> <span class='ocrx_word' id='word_1_214' title='bbox 1164 1808 1461 1857; x_wconf 89' lang='lat' dir='ltr'>intelligenciam</span> <span class='ocrx_word' id='word_1_215' title='bbox 1488 1807 1708 1845; x_wconf 90' lang='lat' dir='ltr'>huiusmodi</span> <span class='ocrx_word' id='word_1_216' title='bbox 1730 1807 1789 1844; x_wconf 92' lang='lat' dir='ltr'>vel</span> 
     </span>
     <span class='ocr_line' id='line_1_26' title="bbox 453 1877 1787 1927; baseline 0 -13"><span class='ocrx_word' id='word_1_217' title='bbox 453 1878 675 1915; x_wconf 90' lang='lat' dir='ltr'>huiusmodi</span> <span class='ocrx_word' id='word_1_218' title='bbox 696 1879 760 1923; x_wconf 84' lang='lat' dir='ltr'>rei,</span> <span class='ocrx_word' id='word_1_219' title='bbox 776 1885 841 1915; x_wconf 90' lang='lat' dir='ltr'>aut</span> <span class='ocrx_word' id='word_1_220' title='bbox 857 1890 941 1915; x_wconf 87' lang='lat' dir='ltr'>esse</span> <span class='ocrx_word' id='word_1_221' title='bbox 963 1878 1209 1927; x_wconf 87' lang='lat' dir='ltr'>intelligibilis</span> <span class='ocrx_word' id='word_1_222' title='bbox 1224 1878 1409 1915; x_wconf 85' lang='lat' dir='ltr'>noticiam</span> <span class='ocrx_word' id='word_1_223' title='bbox 1423 1877 1546 1914; x_wconf 86' lang='lat' dir='ltr'>intuiti</span> <span class='ocrx_word' id='word_1_224' title='bbox 1568 1878 1606 1914; x_wconf 92' lang='lat' dir='ltr'>in</span> <span class='ocrx_word' id='word_1_225' title='bbox 1623 1877 1763 1915; x_wconf 88' lang='lat' dir='ltr'>effectu</span> <span class='ocrx_word' id='word_1_226' title='bbox 1777 1890 1787 1923; x_wconf 88' lang='lat'>;</span> 
     </span>
     <span class='ocr_line' id='line_1_27' title="bbox 454 1947 1787 1997; baseline 0 -12"><span class='ocrx_word' id='word_1_227' title='bbox 454 1955 495 1985; x_wconf 93' lang='lat' dir='ltr'>ut</span> <span class='ocrx_word' id='word_1_228' title='bbox 523 1947 631 1985; x_wconf 86' lang='lat' dir='ltr'>Deus</span> <span class='ocrx_word' id='word_1_229' title='bbox 657 1948 834 1986; x_wconf 90' lang='lat' dir='ltr'>absolute</span> <span class='ocrx_word' id='word_1_230' title='bbox 865 1949 1083 1985; x_wconf 91' lang='lat' dir='ltr'>necessario</span> <span class='ocrx_word' id='word_1_231' title='bbox 1104 1948 1276 1996; x_wconf 88' lang='lat' dir='ltr'>intelligit</span> <span class='ocrx_word' id='word_1_232' title='bbox 1301 1948 1387 1995; x_wconf 86' lang='lat' dir='ltr'>hoc,</span> <span class='ocrx_word' id='word_1_233' title='bbox 1420 1960 1653 1997; x_wconf 91' lang='lat' dir='ltr'>quacunque</span> <span class='ocrx_word' id='word_1_234' title='bbox 1682 1960 1787 1985; x_wconf 90' lang='lat' dir='ltr'>crea-</span> 
     </span>
     <span class='ocr_line' id='line_1_28' title="bbox 454 2018 1839 2067; baseline -0.001 -12"><span class='ocrx_word' id='word_1_235' title='bbox 454 2024 539 2055; x_wconf 89' lang='lat' dir='ltr'>tura</span> <span class='ocrx_word' id='word_1_236' title='bbox 568 2018 669 2055; x_wconf 91' lang='lat' dir='ltr'>nude</span> <span class='ocrx_word' id='word_1_237' title='bbox 700 2018 852 2067; x_wconf 90' lang='lat' dir='ltr'>signata</span> <span class='ocrx_word' id='word_1_238' title='bbox 882 2018 1095 2055; x_wconf 89' lang='lat' dir='ltr'>secundum</span> <span class='ocrx_word' id='word_1_239' title='bbox 1124 2030 1208 2056; x_wconf 87' lang='lat' dir='ltr'>esse</span> <span class='ocrx_word' id='word_1_240' title='bbox 1239 2031 1350 2055; x_wconf 88' lang='lat' dir='ltr'>suum</span> <span class='ocrx_word' id='word_1_241' title='bbox 1380 2018 1558 2067; x_wconf 88' lang='lat' dir='ltr'>primum,</span> <span class='ocrx_word' id='word_1_242' title='bbox 1589 2018 1696 2067; x_wconf 90' lang='lat' dir='ltr'>quod</span> <span class='ocrx_word' id='word_1_243' title='bbox 1730 2024 1786 2056; x_wconf 91' lang='lat' dir='ltr'>est</span> <span class='ocrx_word' id='word_1_244' title='bbox 1802 2033 1839 2064; x_wconf 87' lang='lat'>25</span> 
     </span>
     <span class='ocr_line' id='line_1_29' title="bbox 453 2088 1787 2138; baseline -0.001 -12"><span class='ocrx_word' id='word_1_245' title='bbox 453 2101 537 2126; x_wconf 90' lang='lat' dir='ltr'>esse</span> <span class='ocrx_word' id='word_1_246' title='bbox 557 2089 794 2138; x_wconf 86' lang='lat' dir='ltr'>intelligibile</span> <span class='ocrx_word' id='word_1_247' title='bbox 814 2088 871 2126; x_wconf 91' lang='lat' dir='ltr'>vel</span> <span class='ocrx_word' id='word_1_248' title='bbox 891 2101 974 2126; x_wconf 91' lang='lat' dir='ltr'>esse</span> <span class='ocrx_word' id='word_1_249' title='bbox 995 2089 1244 2126; x_wconf 89' lang='lat' dir='ltr'>intrinsecum</span> <span class='ocrx_word' id='word_1_250' title='bbox 1264 2089 1410 2138; x_wconf 90' lang='lat' dir='ltr'>ydeale,</span> <span class='ocrx_word' id='word_1_251' title='bbox 1431 2094 1467 2125; x_wconf 88' lang='lat' dir='ltr'>et</span> <span class='ocrx_word' id='word_1_252' title='bbox 1486 2095 1616 2125; x_wconf 89' lang='lat' dir='ltr'>tamen</span> <span class='ocrx_word' id='word_1_253' title='bbox 1637 2088 1787 2126; x_wconf 91' lang='lat' dir='ltr'>contin—</span> 
     </span>
     <span class='ocr_line' id='line_1_30' title="bbox 453 2158 1787 2208; baseline -0.001 -12"><span class='ocrx_word' id='word_1_254' title='bbox 453 2160 677 2208; x_wconf 87' lang='lat' dir='ltr'>gentissime</span> <span class='ocrx_word' id='word_1_255' title='bbox 706 2159 880 2207; x_wconf 89' lang='lat' dir='ltr'>intelligit</span> <span class='ocrx_word' id='word_1_256' title='bbox 908 2159 1011 2196; x_wconf 88' lang='lat' dir='ltr'>hunc</span> <span class='ocrx_word' id='word_1_257' title='bbox 1042 2159 1242 2197; x_wconf 89' lang='lat' dir='ltr'>hominem</span> <span class='ocrx_word' id='word_1_258' title='bbox 1272 2159 1328 2196; x_wconf 91' lang='lat' dir='ltr'>vel</span> <span class='ocrx_word' id='word_1_259' title='bbox 1358 2171 1642 2207; x_wconf 87' lang='lat' dir='ltr'>quamcumque</span> <span class='ocrx_word' id='word_1_260' title='bbox 1672 2158 1787 2195; x_wconf 89' lang='lat' dir='ltr'>aliam</span> 
     </span>
     <span class='ocr_line' id='line_1_31' title="bbox 454 2228 1830 2278; baseline -0.001 -12"><span class='ocrx_word' id='word_1_261' title='bbox 454 2237 678 2266; x_wconf 84' lang='lat' dir='ltr'>creaturam.</span> <span class='ocrx_word' id='word_1_262' title='bbox 708 2228 792 2266; x_wconf 91' lang='lat' dir='ltr'>Nec</span> <span class='ocrx_word' id='word_1_263' title='bbox 813 2228 957 2266; x_wconf 82' lang='lat' dir='ltr'>refert*</span> <span class='ocrx_word' id='word_1_264' title='bbox 976 2229 1191 2267; x_wconf 92' lang='lat' dir='ltr'>volentibus</span> <span class='ocrx_word' id='word_1_265' title='bbox 1212 2229 1431 2278; x_wconf 88' lang='lat' dir='ltr'>simpliciter</span> <span class='ocrx_word' id='word_1_266' title='bbox 1451 2229 1660 2278; x_wconf 90' lang='lat' dir='ltr'>intelligere</span> <span class='ocrx_word' id='word_1_267' title='bbox 1679 2235 1783 2265; x_wconf 94' lang='lat' dir='ltr'>utro·</span> <span class='ocrx_word' id='word_1_268' title='bbox 1798 2242 1830 2271; x_wconf 90' lang='lat' dir='ltr'>D</span> 
     </span>
     <span class='ocr_line' id='line_1_32' title="bbox 455 2299 1787 2350; baseline -0.001 -13"><span class='ocrx_word' id='word_1_269' title='bbox 455 2301 584 2350; x_wconf 91' lang='lat' dir='ltr'>bique,</span> <span class='ocrx_word' id='word_1_270' title='bbox 610 2301 689 2338; x_wconf 92' lang='lat' dir='ltr'>sive</span> <span class='ocrx_word' id='word_1_271' title='bbox 715 2300 865 2337; x_wconf 88' lang='lat' dir='ltr'>dicatur</span> <span class='ocrx_word' id='word_1_272' title='bbox 887 2300 993 2349; x_wconf 90' lang='lat' dir='ltr'>quod</span> <span class='ocrx_word' id='word_1_273' title='bbox 1020 2300 1119 2337; x_wconf 89' lang='lat' dir='ltr'>hanc</span> <span class='ocrx_word' id='word_1_274' title='bbox 1147 2307 1363 2337; x_wconf 90' lang='lat' dir='ltr'>creaturam</span> <span class='ocrx_word' id='word_1_275' title='bbox 1390 2299 1497 2336; x_wconf 86' lang='lat' dir='ltr'>Deus</span> <span class='ocrx_word' id='word_1_276' title='bbox 1522 2300 1787 2348; x_wconf 89' lang='lat' dir='ltr'>contingenter</span> 
     </span>
    </p>

    <p class='ocr_par' dir='ltr' id='par_1_12' title="bbox 177 2369 1840 2419">
     <span class='ocr_line' id='line_1_33' title="bbox 177 2369 1840 2419; baseline -0.002 -12"><span class='ocrx_word' id='word_1_277' title='bbox 177 2377 240 2403; x_wconf 88' lang='lat' dir='ltr'>God</span> <span class='ocrx_word' id='word_1_278' title='bbox 254 2377 304 2403; x_wconf 80' lang='lat' dir='ltr'>has</span> <span class='ocrx_word' id='word_1_279' title='bbox 315 2381 364 2403; x_wconf 84' lang='lat' dir='ltr'>not</span> <span class='ocrx_word' id='word_1_280' title='bbox 453 2371 636 2419; x_wconf 88' lang='lat' dir='ltr'>intelligit,</span> <span class='ocrx_word' id='word_1_281' title='bbox 656 2370 715 2408; x_wconf 88' lang='lat' dir='ltr'>vel</span> <span class='ocrx_word' id='word_1_282' title='bbox 744 2370 852 2407; x_wconf 89' lang='lat' dir='ltr'>Deus</span> <span class='ocrx_word' id='word_1_283' title='bbox 881 2371 1151 2418; x_wconf 82' lang='lat' dir='ltr'>contingenter</span> <span class='ocrx_word' id='word_1_284' title='bbox 1174 2370 1348 2419; x_wconf 87' lang='lat' dir='ltr'>intelligit</span> <span class='ocrx_word' id='word_1_285' title='bbox 1376 2376 1600 2408; x_wconf 88' lang='lat' dir='ltr'>creaturam.</span> <span class='ocrx_word' id='word_1_286' title='bbox 1658 2369 1784 2415; x_wconf 91' lang='lat' dir='ltr'>Unde,</span> <span class='ocrx_word' id='word_1_287' title='bbox 1798 2382 1840 2412; x_wconf 81' lang='lat'>30</span> 
     </span>
    </p>
   </div>
   <div class='ocr_carea' id='block_1_8' title="bbox 176 2411 1785 2490">
    <p class='ocr_par' dir='ltr' id='par_1_13' title="bbox 176 2411 1785 2490">
     <span class='ocr_line' id='line_1_34' title="bbox 176 2411 1785 2490; baseline 0.004 -21"><span class='ocrx_word' id='word_1_288' title='bbox 176 2411 425 2471; x_wconf 51' lang='lat' dir='ltr'>ssffiiltlffi-{nucrilgsssa</span> <span class='ocrx_word' id='word_1_289' title='bbox 454 2441 583 2490; x_wconf 84' lang='lat' dir='ltr'>posito</span> <span class='ocrx_word' id='word_1_290' title='bbox 605 2440 711 2490; x_wconf 89' lang='lat' dir='ltr'>quod</span> <span class='ocrx_word' id='word_1_291' title='bbox 735 2453 816 2478; x_wconf 91' lang='lat' dir='ltr'>non</span> <span class='ocrx_word' id='word_1_292' title='bbox 843 2441 890 2477; x_wconf 91' lang='lat' dir='ltr'>sit</span> <span class='ocrx_word' id='word_1_293' title='bbox 910 2447 1094 2487; x_wconf 88' lang='lat' dir='ltr'>creatura,</span> <span class='ocrx_word' id='word_1_294' title='bbox 1115 2447 1206 2478; x_wconf 86' lang='lat' dir='ltr'>tunc</span> <span class='ocrx_word' id='word_1_295' title='bbox 1236 2441 1344 2477; x_wconf 91' lang='lat' dir='ltr'>Deus</span> <span class='ocrx_word' id='word_1_296' title='bbox 1371 2453 1450 2478; x_wconf 90' lang='lat' dir='ltr'>non</span> <span class='ocrx_word' id='word_1_297' title='bbox 1478 2440 1653 2489; x_wconf 90' lang='lat' dir='ltr'>intelligit</span> <span class='ocrx_word' id='word_1_298' title='bbox 1681 2452 1785 2477; x_wconf 87' lang='lat' dir='ltr'>erea-</span> 
     </span>
    </p>
   </div>
   <div class='ocr_carea' id='block_1_9' title="bbox 176 2483 1786 2630">
    <p class='ocr_par' dir='ltr' id='par_1_14' title="bbox 176 2483 1786 2630">
     <span class='ocr_line' id='line_1_35' title="bbox 176 2483 1784 2560; baseline -0.002 -11"><span class='ocrx_word' id='word_1_299' title='bbox 176 2484 198 2504; x_wconf 53' lang='grc' dir='ltr'><strong>η</strong></span> <span class='ocrx_word' id='word_1_300' title='bbox 211 2483 307 2504; x_wconf 38' lang='lat' dir='ltr'>emt&amp;</span> <span class='ocrx_word' id='word_1_301' title='bbox 454 2518 591 2557; x_wconf 88' lang='lat' dir='ltr'>turam,</span> <span class='ocrx_word' id='word_1_302' title='bbox 615 2511 705 2560; x_wconf 92' lang='lat' dir='ltr'>quia</span> <span class='ocrx_word' id='word_1_303' title='bbox 724 2524 803 2549; x_wconf 91' lang='lat' dir='ltr'>non</span> <span class='ocrx_word' id='word_1_304' title='bbox 825 2512 914 2559; x_wconf 65' lang='lat' dir='ltr'>legit</span> <span class='ocrx_word' id='word_1_305' title='bbox 932 2511 1033 2547; x_wconf 78' lang='lat' dir='ltr'>inlus</span> <span class='ocrx_word' id='word_1_306' title='bbox 1053 2511 1092 2547; x_wconf 89' lang='lat' dir='ltr'>in</span> <span class='ocrx_word' id='word_1_307' title='bbox 1114 2511 1211 2548; x_wconf 89' lang='lat' dir='ltr'>libro</span> <span class='ocrx_word' id='word_1_308' title='bbox 1232 2511 1304 2548; x_wconf 90' lang='lat' dir='ltr'>vite</span> <span class='ocrx_word' id='word_1_309' title='bbox 1325 2510 1431 2559; x_wconf 92' lang='lat' dir='ltr'>quod</span> <span class='ocrx_word' id='word_1_310' title='bbox 1452 2522 1531 2547; x_wconf 88' lang='lat' dir='ltr'>non</span> <span class='ocrx_word' id='word_1_311' title='bbox 1551 2516 1609 2547; x_wconf 92' lang='lat' dir='ltr'>est</span> <span class='ocrx_word' id='word_1_312' title='bbox 1628 2510 1679 2546; x_wconf 90' lang='lat' dir='ltr'>ibi</span> <span class='ocrx_word' id='word_1_313' title='bbox 1696 2509 1784 2547; x_wconf 90' lang='lat' dir='ltr'>sim-</span> 
     </span>
     <span class='ocr_line' id='line_1_36' title="bbox 453 2580 1786 2630; baseline -0.001 -13"><span class='ocrx_word' id='word_1_314' title='bbox 453 2581 611 2630; x_wconf 91' lang='lat' dir='ltr'>pliciter.</span> <span class='ocrx_word' id='word_1_315' title='bbox 682 2581 733 2617; x_wconf 88' lang='lat' dir='ltr'>Et</span> <span class='ocrx_word' id='word_1_316' title='bbox 764 2593 853 2618; x_wconf 90' lang='lat' dir='ltr'>cum</span> <span class='ocrx_word' id='word_1_317' title='bbox 884 2581 1001 2619; x_wconf 89' lang='lat' dir='ltr'>nichil</span> <span class='ocrx_word' id='word_1_318' title='bbox 1034 2587 1160 2630; x_wconf 86' lang='lat' dir='ltr'>potest</span> <span class='ocrx_word' id='word_1_319' title='bbox 1194 2580 1302 2618; x_wconf 89' lang='lat' dir='ltr'>Deus</span> <span class='ocrx_word' id='word_1_320' title='bbox 1335 2580 1543 2629; x_wconf 89' lang='lat' dir='ltr'>intelligere</span> <span class='ocrx_word' id='word_1_321' title='bbox 1577 2580 1648 2617; x_wconf 87' lang='lat' dir='ltr'>nisi</span> <span class='ocrx_word' id='word_1_322' title='bbox 1681 2580 1786 2628; x_wconf 91' lang='lat' dir='ltr'>quod</span> 
     </span>
    </p>
   </div>
   <div class='ocr_carea' id='block_1_10' title="bbox 455 2651 1786 2701">
    <p class='ocr_par' dir='ltr' id='par_1_15' title="bbox 455 2651 1786 2701">
     <span class='ocr_line' id='line_1_37' title="bbox 455 2651 1786 2701; baseline -0.002 -13"><span class='ocrx_word' id='word_1_323' title='bbox 455 2651 711 2689; x_wconf 87' lang='lat' dir='ltr'>actualissime</span> <span class='ocrx_word' id='word_1_324' title='bbox 741 2651 926 2700; x_wconf 85' lang='lat' dir='ltr'>intelligit,</span> <span class='ocrx_word' id='word_1_325' title='bbox 948 2658 1052 2700; x_wconf 87' lang='lat' dir='ltr'>patet</span> <span class='ocrx_word' id='word_1_326' title='bbox 1082 2651 1188 2701; x_wconf 90' lang='lat' dir='ltr'>quod</span> <span class='ocrx_word' id='word_1_327' title='bbox 1213 2651 1389 2688; x_wconf 89' lang='lat' dir='ltr'>raciones</span> <span class='ocrx_word' id='word_1_328' title='bbox 1418 2651 1667 2699; x_wconf 84' lang='lat' dir='ltr'>exemplares,</span> <span class='ocrx_word' id='word_1_329' title='bbox 1689 2661 1786 2699; x_wconf 90' lang='lat' dir='ltr'>quas</span> 
     </span>
    </p>
   </div>
   <div class='ocr_carea' id='block_1_11' title="bbox 465 2770 1783 2839">
    <p class='ocr_par' dir='ltr' id='par_1_16' title="bbox 465 2770 1783 2839">
     <span class='ocr_line' id='line_1_38' title="bbox 489 2770 1783 2805; baseline -0.002 -7"><span class='ocrx_word' id='word_1_330' title='bbox 489 2775 512 2798; x_wconf 91' lang='lat'>6.</span> <span class='ocrx_word' id='word_1_331' title='bbox 531 2776 601 2798; x_wconf 78' lang='lat' dir='ltr'>esset</span> <span class='ocrx_word' id='word_1_332' title='bbox 616 2773 655 2798; x_wconf 89' lang='lat' dir='ltr'>B:</span> <span class='ocrx_word' id='word_1_333' title='bbox 677 2775 718 2799; x_wconf 75' lang='lat' dir='ltr'>est</span> <span class='ocrx_word' id='word_1_334' title='bbox 732 2774 756 2798; x_wconf 92' lang='lat' dir='ltr'>A</span> <span class='ocrx_word' id='word_1_335' title='bbox 769 2772 799 2799; x_wconf 93' lang='lat' dir='ltr'>C.</span> <span class='ocrx_word' id='word_1_336' title='bbox 917 2783 954 2805; x_wconf 86' lang='lat'>13.</span> <span class='ocrx_word' id='word_1_337' title='bbox 977 2781 1072 2799; x_wconf 83' lang='lat' dir='ltr'>omnes</span> <span class='ocrx_word' id='word_1_338' title='bbox 1085 2773 1109 2798; x_wconf 93' lang='lat' dir='ltr'><strong>A</strong></span> <span class='ocrx_word' id='word_1_339' title='bbox 1121 2773 1144 2799; x_wconf 95' lang='lat' dir='ltr'>C</span> <span class='ocrx_word' id='word_1_340' title='bbox 1157 2780 1161 2799; x_wconf 88' lang='lat'>:</span> <span class='ocrx_word' id='word_1_341' title='bbox 1183 2773 1321 2799; x_wconf 78' lang='lat' dir='ltr'>essencias</span> <span class='ocrx_word' id='word_1_342' title='bbox 1336 2773 1365 2798; x_wconf 91' lang='lat' dir='ltr'>B.</span> <span class='ocrx_word' id='word_1_343' title='bbox 1486 2773 1524 2798; x_wconf 84' lang='lat'>18.</span> <span class='ocrx_word' id='word_1_344' title='bbox 1545 2772 1585 2798; x_wconf 79' lang='lat' dir='ltr'>sit</span> <span class='ocrx_word' id='word_1_345' title='bbox 1598 2772 1623 2797; x_wconf 93' lang='lat' dir='ltr'><strong>A</strong></span> <span class='ocrx_word' id='word_1_346' title='bbox 1634 2771 1657 2797; x_wconf 95' lang='lat' dir='ltr'>C</span> <span class='ocrx_word' id='word_1_347' title='bbox 1670 2779 1674 2796; x_wconf 89' lang='lat'>:</span> <span class='ocrx_word' id='word_1_348' title='bbox 1696 2772 1736 2797; x_wconf 84' lang='lat' dir='ltr'>sic</span> <span class='ocrx_word' id='word_1_349' title='bbox 1752 2770 1783 2797; x_wconf 93' lang='lat' dir='ltr'>B.</span> 
     </span>
     <span class='ocr_line' id='line_1_39' title="bbox 465 2807 888 2839; baseline 0.005 -8"><span class='ocrx_word' id='word_1_350' title='bbox 465 2816 504 2831; x_wconf 84' lang='lat'>21.</span> <span class='ocrx_word' id='word_1_351' title='bbox 529 2809 537 2835; x_wconf 91' lang='grc' dir='ltr'>ΙΙ</span> <span class='ocrx_word' id='word_1_352' title='bbox 550 2808 717 2839; x_wconf 75' lang='lat' dir='ltr'>contingens</span> <span class='ocrx_word' id='word_1_353' title='bbox 732 2807 752 2831; x_wconf 85' lang='lat' dir='ltr'>B</span> <span class='ocrx_word' id='word_1_354' title='bbox 767 2808 784 2833; x_wconf 80' lang='lat' dir='ltr'>s.</span> <span class='ocrx_word' id='word_1_355' title='bbox 800 2816 847 2839; x_wconf 85' lang='lat'>233</span> <span class='ocrx_word' id='word_1_356' title='bbox 861 2815 888 2833; x_wconf 85' lang='lat' dir='ltr'>D.</span> 
     </span>
    </p>
   </div>
  </div>
 </body>
</html>
