2008 3305
201 264 287 292 CAP.
305 251 393 308 xv.]
680 261 825 293 LIBER
858 261 1054 294 PRIMUS.
1728 261 1808 307 125

92 379 182 421 410]
197 376 251 414 sic
278 376 384 426 quod
408 388 488 413 non
513 381 724 425 potuerunt
752 376 939 414 resistere.
998 376 1108 422 Item,
1137 376 1245 413 Deus
1275 375 1425 413 nullum
1457 388 1565 419 ensg-
1584 381 1629 407 All
1643 381 1728 414 being
1741 382 1792 408 has

1540 420 1575 440 its
1589 415 1695 440 eternal

195 446 285 484 facit
305 447 377 484 nisi
399 448 508 484 cuius
530 447 726 496 exemplar
745 454 920 484 eternum
941 447 1056 484 habet
1076 447 1304 484 intrinsecus
1320 460 1329 493 ;
1360 447 1428 484 sed
1448 460 1527 485 non
1541 454 1652 486 pattefn
1667 449 1694 474 11²
1708 449 1790 481 G0d³

1542 482 1591 506 but
1604 491 1655 512 sm,
1671 491 1701 508 as
1713 492 1731 507 a

195 517 312 555 habet
341 517 538 566 exemplar
567 517 652 554 talis
685 517 857 555 defectus
890 517 929 554 in
961 517 1157 564 moribus;
1193 530 1287 567 ergo
1319 530 1400 556 non
1438 518 1527 556 facit
1541 515 1769 547 deficiency’h25

1540 557 1612 574 none
1625 549 1704 576 such.

195 587 388 625 defectum
408 587 637 625 huiusmodi.

164 774 182 805 5
642 758 971 796 CAPITULUM
1003 759 1089 796 XV.

250 863 328 901 SED
348 862 497 900 videtur
526 863 632 912 quod
664 866 672 882 ‘
688 863 790 901 dicta
819 863 1028 901 necessitas
1055 863 1150 901 tollit
1174 863 1390 902 libertatem
1412 864 1803 930 creati‘ffiffgffigffffhl-

197 934 375 978 ‘arbitrii,
408 946 498 971 cum
530 934 749 983 sapiencius
785 940 885 971 esset
920 934 1050 971 Deum
1079 946 1162 972 non
1202 936 1400 984 cooperari
1440 948 1528 973 cum
1542 931 1793 992 ffisslffiiffllewiffi

195 1004 376 1043 ‘homine
415 1005 455 1041 in
494 1005 666 1054 quolibet
703 1011 791 1043 actu
830 1005 956 1043 malo:
1002 1012 1093 1042 tunc
1132 1007 1235 1043 enim
1273 1006 1393 1045 homo
1431 1014 1531 1046 esset

196 1075 382 1121 ‘liberior‚
403 1081 440 1112 et
466 1074 573 1112 Deus
601 1075 878 1125 inculpabilior,
899 1088 979 1113 non
1007 1076 1187 1113 faciendo
1216 1089 1287 1114 nec
1316 1084 1530 1116 creaturam

145 1159 185 1181 10
198 1149 206 1165 ‘
223 1158 330 1183 suam
352 1146 620 1184 necessitando
637 1146 686 1183 ad
706 1152 834 1184 actum
855 1159 971 1196 quem
991 1147 1096 1196 prius
1110 1147 1316 1196 prohibuit.
1357 1148 1531 1198 Angelus

197 1216 323 1253 ‘enim
353 1216 563 1265 improvide
593 1217 776 1254 movisset
805 1217 854 1255 ad
885 1223 991 1255 actus
1022 1230 1121 1267 quos
1152 1218 1264 1256 sciret
1293 1231 1377 1257 esse
1406 1219 1530 1257 malos

196 1290 205 1307 ‘
221 1294 336 1336 atque
357 1287 583 1336 prohibitos,
600 1295 637 1325 et
656 1300 726 1337 per
746 1300 992 1337 consequens
1013 1295 1113 1326 esset
1133 1289 1345 1338 culpabilis.
1404 1291 1529 1328 Num-

156 1403 158 1405 ,
195 1358 307 1407 ‘quid
327 1369 420 1406 ergo
441 1357 657 1395 dominium
676 1357 751 1396 Dei
781 1365 817 1396 et
838 1359 919 1396 eius
947 1359 1181 1397 excellencia
1207 1360 1334 1409 ipsum
1355 1361 1531 1400 eximunt

196 1431 205 1446 ‘
219 1440 267 1465 ne
289 1428 335 1465 sit
351 1427 549 1476 culpabilis
571 1429 696 1477 legem
717 1429 912 1478 propriam
933 1429 1180 1479 infringendo
1194 1437 1230 1468 et
1244 1431 1374 1468 dando
1390 1444 1531 1481 pecca-

145 1501 205 1548 15‘
223 1500 368 1537 toribus
407 1500 683 1538 excusaciones
733 1499 1031 1538 coloratissimas
1078 1501 1118 1537 in
1160 1502 1390 1550 peccando?
1440 1515 1530 1540 cum

198 1571 206 1586 ‘
224 1570 380 1619 quilibet
406 1571 613 1616 homicida,
643 1570 824 1617 mendax,
851 1570 959 1615 latro,
980 1571 1167 1620 ydolatra,
1188 1571 1248 1609 vel
1273 1572 1421 1610 adulter
1442 1585 1530 1611 vere

196 1640 361 1679 ‘diceret
391 1641 513 1693 (iuxta
548 1642 762 1691 predictam
794 1640 1058 1692 sentenciam),
1095 1642 1202 1679 Deus
1233 1655 1294 1680 me
1327 1645 1531 1682 necessitat

148 1711 270 1750 D‘ad
301 1724 437 1751 omnes
475 1713 569 1750 istos
607 1719 713 1750 actus
746 1709 979 1761 ne*phari0s
1011 1724 1082 1762 pro
1115 1712 1358 1762 perfeccione
1389 1714 1529 1764 pulcri-

195 1782 359 1820 ‘tudinis
380 1783 570 1822 universi.'

143 1866 184 1889 20
255 1853 332 1892 Hic
362 1855 499 1893 dicitur
528 1854 635 1904 quod
664 1861 837 1893 creatura
864 1855 1067 1893 racionalis
1095 1862 1153 1893 est
1182 1861 1260 1893 tam
1290 1856 1409 1893 libera
1432 1856 1529 1894 sicut
1606 1860 1748 1886 Answert

1544 1902 1564 1918 1.
1582 1893 1644 1919 The
1664 1893 1717 1919 will
1737 1894 1759 1920 is
1778 1902 1810 1920 so

195 1933 367 1964 creatura
396 1926 524 1976 aliqua
553 1932 680 1975 potest
710 1938 806 1971 esse,
827 1926 914 1963 licet
944 1938 1023 1964 non
1053 1927 1175 1975 possit
1204 1927 1336 1976 equari
1366 1927 1529 1965 libertati
1542 1927 1599 1952 free
1617 1927 1679 1952 that
1698 1927 1719 1953 it
1738 1936 1802 1953 ⁰2¹¹·

195 1998 335 2036 summi
365 1996 547 2046 Opificis;
580 2009 669 2034 cum
699 1996 746 2034 sit
764 2003 844 2033 tam
873 1996 990 2034 libera
1012 1997 1118 2046 quod
1149 1997 1236 2047 cogi
1266 2009 1346 2035 non
1375 1960 1808 2047 pooerittnotbecompened.

193 2069 279 2106 licet
316 2074 395 2106 tam
433 2068 540 2105 Deus
579 2080 696 2117 quam
735 2068 883 2104 bonum
923 2068 1100 2104 infimum
1138 2068 1261 2117 ipsam
1300 2070 1529 2107 necessitare

193 2139 333 2189 poterit
373 2138 422 2176 ad
455 2138 674 2176 volendum.
732 2137 996 2175 Necessitacio
1027 2138 1184 2188 quidem
1220 2151 1301 2176 non
1336 2139 1425 2177 dicit
1459 2140 1530 2177 nisi
1543 2145 1766 2211 ἓὲξὲξεὲῑῐῇγοῗέε

144 2224 181 2256 25
195 2209 413 2247 naturaliter
433 2208 602 2258 primum
616 2208 851 2246 antecedens
868 2208 917 2245 ad
930 2220 1177 2259 consequens
1191 2209 1297 2259 quod
1310 2211 1531 2248 necessitari
1544 2212 1663 2246 impulse
1677 2218 1706 2239 to
1718 2212 1784 2244 will,

195 2280 342 2325 dicitur,
364 2291 454 2317 cum
482 2291 562 2329 quo
591 2291 671 2316 non
700 2284 829 2328 potest
859 2278 1005 2316 dictum
1035 2291 1280 2329 consequens
1308 2281 1463 2329 evitari3
1494 2287 1532 2319 et

194 2351 247 2388 sic
303 2349 554 2388 necessitatur
602 2349 771 2399 quelibet
829 2355 1004 2387 creatura
1051 2350 1163 2388 beata
1216 2350 1433 2389 felicissime
1482 2351 1532 2389 ad

192 2420 410 2467 volendum,
432 2426 468 2458 et
497 2420 725 2469 generaliter
754 2420 923 2470 quelibet
952 2420 1128 2459 voluntas
1157 2428 1285 2459 creata
1315 2422 1365 2458 ad
1394 2434 1531 2472 quem-

193 2491 285 2529 libet
312 2498 441 2528 aetum
472 2503 594 2536 suum,
617 2491 714 2528 sicut
743 2496 849 2540 patet
879 2491 927 2528 de
958 2503 1074 2528 causa
1104 2492 1300 2541 completa
1329 2493 1531 2531 cuiuslibet

143 2577 184 2607 30
195 2561 279 2599 talis
304 2568 425 2599 actus.
482 2561 764 2599 Verumtamen
793 2568 851 2598 est
871 2561 910 2598 in
936 2567 1126 2611 potestate
1147 2562 1266 2601 libera
1293 2563 1347 2600 sic
1367 2562 1530 2601 volentis

195 2632 320 2670 facere
342 2632 449 2681 quod
470 2643 550 2669 non
579 2632 625 2669 sit
646 2632 774 2681 aliqua
794 2632 878 2669 talis
898 2644 1025 2669 causa.
1084 2633 1274 2680 Quamvis
1293 2635 1400 2671 enim
1420 2633 1530 2672 Deus

196 2715 276 2741 non
315 2703 362 2739 sit
401 2703 473 2740 sub
511 2708 699 2751 potestate
737 2703 849 2748 beati,
889 2703 1049 2751 quilibet
1085 2710 1217 2741 tamen
1255 2705 1393 2742 beatus
1436 2705 1531 2742 citra

197 2773 393 2810 Christum
426 2773 542 2810 habet
569 2773 788 2822 potenciam
820 2786 896 2822 qua
925 2780 1052 2822 potest
1083 2774 1260 2812 facillime
1290 2781 1379 2812 ante
1406 2775 1528 2812 beati-

332 2884 369 2907 14.
392 2883 426 2901 ne
441 2850 519 2906 13,ἶῖ
533 2875 564 2905 C,
582 2878 614 2901 ut
628 2875 660 2900 Α.
918 2884 959 2900 22.
979 2875 1090 2908 opzflcis
1103 2875 1143 2901 B:
1159 2876 1310 2908 pontificis
1324 2876 1392 2903 AC.
