2008 3305
644 217 986 250 PRELIMINARY
1017 217 1210 251 NOTICE.

127 326 224 368 560]
291 321 462 357 Tercium
479 320 680 366 capitulum
698 320 915 367 inquirendo
932 322 1094 357 ostendit
1110 322 1208 367 quod
1221 321 1266 357 sit
1284 321 1415 366 aliquis
1433 321 1568 366 gradus
1588 327 1615 359 3-

244 380 445 415 altissimus
463 379 687 424 paupertatis
706 379 827 424 quoad
852 379 994 414 ditandi
1020 380 1224 422 materiam,
1242 386 1277 414 et
1297 378 1414 425 qualis
1433 385 1489 414 est
1507 379 1569 424 qui

243 449 266 473 a
282 438 471 472 voluntate
489 444 616 472 sancte
633 443 754 482 potest
771 437 903 472 affirmi
921 444 1098 482 perpetuo
1115 438 1380 472 observandus.

293 497 475 541 Quartum
494 495 695 541 capitulum
713 495 825 530 obicit
843 496 1092 541 multipliciter
1110 508 1153 531 ex
1172 495 1370 541 Scripturis
1385 496 1485 541 quod
1502 507 1569 530 nec
1588 502 1618 532 4-

247 555 414 589 Christus
441 565 510 588 nec
539 554 617 588 eius
646 553 805 598 apostoli
834 553 945 588 istum
971 555 1128 598 gradum
1156 555 1353 588 servabant
1388 553 1569 588 altissime

244 612 483 657 paupertatis,
502 611 661 647 inferens
691 619 957 657 consequenter
985 612 1084 657 quod
1110 611 1170 657 qui
1195 613 1293 646 hunc
1319 609 1477 655 gradum
1502 610 1569 646 ob-

245 676 392 705 servant
410 682 484 704 non
502 670 538 704 in
556 670 627 704 hoc
647 669 834 704 Christum
851 676 915 705 aut
932 669 1010 705 eius
1027 670 1217 714 apostolos
1235 669 1435 704 imitantur.

292 727 469 773 Quintum
488 727 689 772 capitulum
712 739 900 772 exponens
925 728 997 762 hoc
1022 728 1162 762 dictum
1187 726 1308 762 iuveni
1332 727 1467 761 multas
1484 738 1566 771 pos·
1588 734 1616 765 5-

244 785 428 820 sessiones
460 784 623 828 habenti,
657 785 706 818 Si
735 785 796 819 vis
820 785 1010 830 perfectus
1038 796 1122 829 esse,
1151 791 1231 828 etc.‚
1258 784 1387 820 nititur
1413 783 1568 819 suadere

243 844 344 889 quod
360 855 405 878 ex
421 842 480 877 illo
499 842 598 877 dicto
616 841 764 887 probari
783 854 856 877 non
873 849 1007 887 potest,
1026 854 1096 878 nec
1113 855 1157 878 ex
1174 842 1274 878 dicto
1293 841 1403 885 Petri,
1417 841 1568 883 ibidem,

242 902 347 944 Ecce,
381 912 448 935 nos
479 901 702 944 reliquimus
734 901 871 943 omnia,
905 907 986 945 etc.‚
1020 912 1091 935 nec
1123 912 1168 935 ex
1203 899 1339 935 Christi
1373 910 1566 945 responso,

241 959 377 1001 Amen,
406 970 524 1002 amen,
554 958 634 992 dico
660 958 774 1002 vobis,
802 964 882 1001 etc.‚
913 959 1013 1003 quod
1041 958 1227 993 Dominus
1256 964 1382 993 noster
1409 957 1567 1003 gradum

243 1016 344 1051 illum
362 1015 588 1061 paupertatis
608 1016 729 1051 iuveni
748 1016 903 1051 suadere
920 1016 1079 1051 volebat.

290 1076 443 1109 Sextum
466 1074 668 1118 capitulum
690 1074 740 1108 ad
766 1074 837 1109 hoc
865 1085 979 1108 unam
1006 1074 1192 1109 racionem
1219 1073 1385 1109 adiciens
1413 1079 1568 1108 conatur
1586 1076 1617 1109 6.

243 1133 438 1167 ostendere
457 1132 555 1177 quod
573 1143 642 1167 nec
660 1131 748 1166 illud
766 1133 854 1167 Luc.
871 1133 954 1175 xiv„
973 1133 1040 1167 Sic
1062 1144 1148 1179 ergo
1171 1133 1293 1167 omnis
1309 1143 1357 1167 ex
1376 1132 1480 1166 vobis
1501 1132 1570 1175 qui

242 1202 317 1225 non
342 1192 539 1224 renunciat
562 1190 730 1224 omnibus
754 1202 824 1235 que
839 1191 1016 1235 possidet,
1042 1197 1123 1234 etc.‚
1154 1202 1223 1225 nec
1252 1190 1351 1233 illud,
1376 1190 1466 1224 Ideo
1490 1188 1569 1224 dico

242 1249 356 1291 vobis,
373 1259 418 1283 ne
434 1248 574 1282 soliciti
589 1249 684 1291 sitis,
702 1255 784 1292 etc.‚
802 1248 915 1283 istum
940 1249 1097 1293 gradum
1116 1248 1344 1294 paupertatis
1367 1260 1390 1283 a
1417 1247 1568 1284 Christo

243 1318 394 1341 suasum
411 1318 494 1341 esse
512 1306 709 1341 convincit.

290 1365 499 1410 Septimum
533 1364 733 1409 capitulum
767 1364 942 1410 patefacit
972 1365 1071 1410 quod
1106 1364 1194 1399 illud
1223 1364 1362 1399 dictum
1391 1364 1567 1409 apostolis
1588 1371 1616 1406 7.

241 1429 410 1467 tempore
427 1422 613 1457 missionis
632 1433 771 1465 eorum,
789 1423 916 1457 Nolite
924 1423 1115 1467 possidere
1139 1433 1276 1457 aurum
1298 1433 1413 1466 neque
1434 1432 1569 1467 argen-

240 1483 333 1524 tum,
352 1487 432 1525 etc.‚
451 1480 499 1515 ad
517 1480 629 1516 istum
646 1481 803 1525 gradum
820 1480 1049 1528 paupertatis
1061 1481 1285 1516 servandum
1300 1479 1413 1515 nichil
1424 1479 1570 1525 penitus

240 1547 423 1584 operatur.

292 1598 475 1632 Octavum
505 1597 705 1642 capitulum
739 1596 867 1631 nititur
899 1598 1097 1642 explanare
1126 1597 1237 1642 quod,
1266 1596 1350 1631 licet
1382 1595 1566 1630 Dominus
1587 1596 1617 1627 8.

242 1661 368 1690 noster
384 1661 419 1690 et
438 1655 516 1690 eius
533 1655 690 1700 apostoli
704 1656 801 1690 hunc
812 1656 969 1700 gradum
981 1654 1218 1700 paupertatis,
1231 1654 1316 1699 quia
1329 1665 1567 1689 communem

242 1713 357 1748 vitam
376 1713 566 1757 duxerunt,
585 1725 660 1747 non
687 1720 925 1748 servaverunt
952 1713 989 1747 in
1016 1725 1056 1748 se
1081 1713 1182 1757 ipsis,
1200 1724 1274 1747 non
1296 1712 1417 1746 minus
1440 1718 1566 1747 tamen

242 1771 312 1805 ista
337 1777 537 1816 paupertas
562 1772 780 1816 evangelica
809 1771 882 1806 dici
910 1772 1032 1815 debet,
1055 1770 1125 1806 nisi
1146 1770 1295 1816 probari
1324 1769 1442 1815 possit
1466 1769 1567 1815 quod

241 1839 317 1862 non
335 1835 456 1873 potest
474 1836 600 1864 sancte
619 1841 641 1864 a
658 1830 846 1864 voluntate
863 1829 1015 1864 assumi.

289 1888 441 1921 Nonum
459 1887 660 1932 capitulum
684 1887 836 1922 adducit
863 1888 1052 1922 decretum
1078 1886 1218 1921 domini
1245 1885 1418 1921 Nicholai
1443 1886 1566 1930 Exiit,
1586 1897 1619 1928 9.

242 1945 289 1980 de
307 1946 501 1980 verborum
520 1945 805 1990 significacione,
824 1946 917 1980 libro
936 1952 1050 1989 sexto,
1068 1952 1107 1980 ut
1133 1945 1264 1990 probet
1290 1945 1387 1979 hanc
1412 1955 1567 1989 pauper—

240 2009 354 2038 tatem
372 2015 454 2039 esse
471 2004 724 2048 evangelicam
747 2011 783 2039 et
808 2016 890 2039 esse
915 2005 1069 2039 fratrum
1095 2004 1292 2046 minorum,
1317 2009 1353 2037 et
1379 2002 1432 2036 sic
1457 2013 1568 2046 posse

242 2061 291 2095 ad
317 2062 590 2096 observandum
623 2068 751 2097 sancte
780 2062 945 2104 assumi;
978 2068 1014 2097 et
1041 2061 1145 2107 ponit
1174 2061 1297 2106 aliqua
1325 2060 1568 2095 fundamenta

240 2119 412 2164 patencia
428 2120 477 2154 ad
495 2120 792 2165 investigandum
809 2121 907 2155 istud
924 2120 1152 2165 profundius.

290 2177 490 2212 Decimum
524 2177 726 2222 capitulum
760 2178 976 2223 inquirendo
1010 2178 1174 2212 declarat
1207 2177 1307 2222 quod
1340 2178 1567 2221 paupertatis
1589 2186 1640 2209 10.

242 2235 378 2279 gradus
396 2235 582 2280 predictus
599 2247 673 2270 non
691 2242 812 2281 potest
839 2242 966 2271 sancte
988 2236 1036 2270 ad
1060 2235 1275 2280 simpliciter
1291 2234 1567 2269 observandum

192 2301 224 2329 D
243 2293 394 2337 assumi,
412 2293 482 2328 nisi
501 2294 757 2329 condicionem
777 2294 794 2314 ²¹⁴
813 2294 966 2329 tacitam
984 2299 1048 2328 aut
1072 2304 1286 2338 expressam
1312 2291 1512 2335 contineat,
1530 2297 1567 2326 et

243 2351 343 2395 quod
360 2362 430 2386 nec
451 2351 618 2387 Christus
638 2352 739 2386 illurn
757 2351 917 2387 servavit
934 2363 1003 2387 nec
1031 2350 1210 2396 apostolis
1229 2350 1305 2386 suis
1323 2349 1486 2395 precepit
1504 2356 1568 2384 aut

242 2409 395 2443 tradidit
413 2410 696 2444 observandum.

291 2467 544 2502 Undecimum
578 2467 779 2512 capitulum
813 2467 1010 2502 obiciendo
1038 2473 1074 2502 et
1108 2466 1371 2512 respondendo
1405 2466 1568 2501 declarat
1590 2475 1639 2497 11.

243 2525 342 2570 quod
361 2525 549 2570 predictus
567 2526 703 2569 gradus
722 2525 949 2570 paupertatis
968 2537 1053 2560 cum
1067 2524 1347 2560 modificacione
1361 2524 1410 2559 ad
1421 2530 1568 2568 tempus

241 2583 403 2617 futurum
432 2590 554 2628 potest
583 2595 605 2618 a
631 2584 822 2619 voluntate
852 2590 977 2619 sancte
1004 2583 1052 2618 ad
1082 2589 1261 2628 perpetuo
1292 2582 1568 2618 observandum

241 2641 390 2675 assumi.

290 2699 564 2734 Duodecimum
604 2699 817 2744 capitulum,
852 2699 1008 2744 gradum
1045 2699 1157 2734 istum
1196 2698 1376 2734 altissime
1411 2709 1568 2742 pauper·
1589 2706 1638 2729 12.

242 2757 329 2791 tatis
364 2756 586 2801 describens,
621 2758 783 2793 ostendit
821 2758 920 2803 quod
963 2757 1062 2792 iuxta
1103 2757 1225 2792 varias
1264 2755 1567 2791 circumstancias

242 2814 311 2849 loci
342 2826 385 2849 ac
414 2815 590 2860 temporis
619 2815 821 2851 vicinorum
849 2822 884 2851 et
913 2825 1153 2860 personarum
1187 2814 1223 2849 in
1258 2813 1423 2860 personis
1454 2813 1566 2848 variis

243 2878 414 2907 variatur.

1770 205 1850 258 267
