2008 3305
217 229 302 260 CAP.
320 216 385 275 IL]
674 228 817 260 LIBER
851 228 1075 261 TERTIUS.
1735 226 1816 269 207

108 344 196 386 710]
214 349 390 391 pretense
414 356 605 392 possesso,
627 344 748 382 multo
775 344 992 382 evidencius
1022 351 1077 382 est
1107 344 1249 381 iustum
1280 351 1539 393 occupantem

160 405 162 407 ¹
212 413 355 462 aliquid
376 414 456 451 sine
487 413 613 452 divina
633 415 791 452 licencia
821 415 895 452 hoc
916 414 1064 464 privari.
1123 414 1206 451 Nec
1237 420 1294 451 est
1315 414 1540 463 fingendum

211 484 316 532 quin,
337 484 367 521 si
388 490 560 521 terrenus
581 484 761 522 dominus
782 485 951 534 capitalis
971 485 1109 521 habeat
1129 484 1168 521 in
1189 484 1346 522 subiecti
1367 484 1541 522 dominio

211 555 405 600 interesse,
427 555 579 592 racione
600 556 706 595 cuius
728 567 807 592 non
824 555 908 592 licet
930 555 1083 592 subdito
1105 555 1269 592 alienare
1291 555 1372 592 sine
1394 554 1542 592 domini

180 631 196 662 5
212 625 383 674 capitalis
404 626 562 663 licencia
583 626 630 662 ad
652 626 725 663 hoc
747 626 846 671 data,
867 626 960 675 quin
981 625 1103 662 multo
1134 631 1190 662 est
1210 625 1302 662 illud
1322 625 1541 662 evidencius

164 701 196 729 D
212 696 259 733 de
289 708 433 744 magno
454 696 637 733 interesse
667 696 836 745 supremi
860 695 877 714 *
901 695 1072 733 Domini.
1134 695 1184 732 Et
1213 702 1317 744 patet
1337 702 1431 745 quot
1452 702 1540 732 sunt

211 767 429 816 usurpative
467 767 526 805 vel
565 767 823 815 nuncupative
872 766 999 803 solum
1049 766 1232 813 dominia,
1271 766 1360 815 quia
1406 766 1541 803 omnia

211 849 285 886 que
315 837 485 886 capitalis
516 837 696 875 dominus
727 849 807 875 non
837 837 1004 875 donavit.

669 1103 996 1142 CAPITULUM
1036 1104 1088 1142 II.

160 1224 199 1246 10
264 1219 324 1257 Ex
358 1219 439 1257 istis
472 1226 577 1269 patet
612 1219 811 1257 distinccio
851 1220 1078 1258 donacionis
1113 1220 1239 1257 divine
1271 1232 1293 1257 a
1323 1219 1540 1258 donacione
1554 1232 1598 1259 OF
1611 1231 1777 1260 Gon’scm

209 1291 419 1340 impropria
452 1301 635 1328 creature.
689 1290 792 1328 Nam
822 1290 986 1328 donacio
1021 1291 1147 1328 divina
1178 1297 1233 1328 est
1263 1275 1588 1341 propriissima,OF
1601 1275 1734 1299 fflMSELF,

208 1362 432 1410 largissima,
472 1368 509 1399 et
550 1362 750 1399 utilissima
790 1368 972 1399 creature.
1048 1361 1176 1398 Prima
1214 1375 1303 1411 pars
1352 1368 1455 1411 patet
1493 1375 1540 1400 ex

207 1433 386 1481 proximo
417 1432 536 1478 dictis,
570 1439 607 1469 et
640 1433 810 1470 secunda
845 1444 933 1481 pars
964 1438 1069 1481 patet
1103 1445 1150 1470 ex
1185 1432 1261 1470 hoc
1294 1433 1400 1482 quod
1432 1432 1540 1470 Deus

209 1515 289 1540 non
318 1503 382 1540 dat
414 1503 492 1541 suis
524 1502 675 1539 famulis
705 1503 867 1552 quodvis
897 1503 1045 1540 donum
1077 1503 1149 1540 nisi
1181 1503 1442 1552 principaliter
1476 1503 1542 1540 det

158 1585 194 1617 15
210 1586 249 1611 se
276 1574 411 1622 ipsum.
471 1573 574 1610 Nam
598 1574 724 1623 primo
753 1574 929 1611 omnium
960 1573 1024 1611 dat
1052 1586 1147 1620 esse,
1172 1574 1211 1611 in
1239 1580 1428 1624 quantum
1455 1586 1541 1612 esse

208 1644 442 1693 intelligibile
472 1651 657 1689 creature,
678 1644 783 1694 quod
811 1652 868 1682 est
898 1645 1048 1682 realiter
1076 1645 1203 1682 divina
1232 1646 1418 1691 essencia,
1450 1658 1540 1694 pro-

208 1715 313 1753 ducit
349 1715 398 1753 ad
427 1716 676 1753 existenciam
711 1723 893 1763 creature,
925 1728 969 1753 ac
1000 1716 1030 1753 si
1065 1716 1279 1753 subiectum
1313 1716 1541 1766 produceret

208 1786 388 1824 accidens
413 1787 451 1823 in
482 1799 522 1823 se
549 1786 656 1835 ipso;
687 1786 746 1824 vel
773 1786 831 1837 (ut
858 1799 966 1824 sacer
993 1787 1169 1824 Psalmus
1197 1787 1269 1824 ciii.
1295 1800 1313 1824 2
1343 1787 1539 1837 loquitur),

207 1858 363 1894 amictus
393 1863 449 1894 est
479 1864 607 1894 creato
627 1858 772 1904 lumine,
796 1870 843 1894 ex
870 1857 1008 1906 illapsu
1032 1857 1180 1903 intimo,
1203 1870 1248 1895 ac
1270 1858 1299 1895 si
1319 1859 1405 1907 quis
1430 1857 1541 1895 fuerit

156 1936 196 1958 20
209 1927 363 1964 vestitus
390 1927 638 1965 vestimento:
669 1934 707 1965 et
733 1928 787 1965 sic
812 1928 1032 1977 intelligitur
1060 1928 1107 1966 de
1137 1928 1306 1974 veritate,
1328 1929 1484 1974 unitate,
1504 1935 1541 1966 et

211 1997 378 2034 bonitate
402 1997 579 2046 analoga,
605 2010 700 2047 quas
725 1998 850 2047 primo
879 1998 997 2035 donat
1021 1999 1177 2036 cuilibet
1203 2005 1386 2044 creature,
1408 2006 1450 2036 ut
1475 1999 1540 2036 de-

209 2068 325 2105 clarat
362 2069 497 2106 beatus
526 2068 736 2118 Dyonisius
770 2069 810 2105 in
839 2069 936 2106 libro
961 2081 1032 2107 suo
1062 2069 1109 2106 de
1139 2070 1275 2107 divinis
1306 2069 1541 2107 Nominibus

208 2139 338 2176 multis
367 2139 472 2177 locis.
531 2139 631 2177 Cum
666 2151 760 2188 ergo
792 2151 928 2177 omnes
965 2146 1137 2177 creature
1172 2141 1247 2177 sint
1280 2141 1540 2190 participative

208 2210 424 2255 existentes,
460 2216 565 2258 patet
596 2210 701 2259 quod
733 2209 839 2247 Deus
876 2211 1003 2262 primo
1039 2211 1297 2248 communicat
1335 2211 1390 2248 eis
1429 2222 1540 2248 suam

157 2299 195 2331 25
211 2281 436 2318 essenciam.
479 2280 529 2316 Et
544 2281 647 2317 idem
667 2280 888 2329 intelligitur
901 2281 948 2317 de
966 2281 1148 2318 omnibus
1166 2281 1277 2319 donis
1295 2281 1539 2319 accidentali-

210 2351 281 2388 bus
301 2351 340 2387 in
361 2351 498 2400 quibus
519 2350 626 2388 Deus
650 2351 770 2388 donat
789 2351 1056 2400 predestinatis
1075 2352 1333 2400 principaliter
1354 2351 1537 2400 Spiritum
1550 2360 1770 2420 &clay-afim

210 2427 397 2466 sanctum,
418 2421 467 2458 ad
488 2433 606 2470 quem
626 2427 882 2458 consecuntur
913 2421 1134 2459 huiusmodi
1159 2423 1412 2460 accidentalia
1437 2423 1539 2461 dona
1571 2403 1616 2427 oy
1644 2397 1732 2427 ῥῖψ’

210 2491 295 2528 Dei.
351 2491 401 2528 Et
430 2492 484 2529 sic
514 2491 733 2540 intelligitur
761 2492 852 2529 illud
872 2492 958 2530 Act.
978 2493 1066 2529 xvii.
1100 2495 1161 2539 28,
1183 2492 1233 2530 In
1263 2494 1340 2542 {pso
1368 2495 1539 2540 vivimus,

246 2639 267 2654 1.
287 2631 470 2661 occupantem
484 2629 506 2654 B
519 2635 525 2654 :
543 2631 696 2661 occupante
708 2629 734 2654 A
743 2628 774 2655 C.
879 2637 901 2661 5.
920 2630 928 2659 ΙΙ
941 2629 1017 2654 data
1027 2628 1050 2654 B
1063 2628 1080 2654 f.
1097 2638 1145 2662 244
1159 2637 1185 2655 Β.
1256 2629 1418 2656 evz'dencz'us
1431 2636 1438 2657 2
1456 2630 1539 2657 codd.

210 2663 332 2689 evidens.
435 2664 475 2688 26.
496 2662 599 2694 quibus
614 2662 653 2688 B:
680 2671 734 2695 quo
747 2663 773 2688 A
784 2662 818 2689 C.

384 2757 414 2789 6.
439 2759 489 2789 Cf.
507 2758 546 2789 de
563 2758 623 2789 civ.
641 2759 741 2790 Dom.
760 2758 780 2789 i.
801 2767 818 2797 3
836 2769 867 2799 p.
888 2767 938 2788 20.

367 2819 415 2849 13.
440 2810 490 2841 Cf.
508 2810 600 2849 ibid.‚
618 2810 638 2840 i.
658 2817 674 2850 7
692 2821 724 2851 p.
744 2818 784 2850 50
801 2809 923 2850 (where
939 2809 1004 2840 this
1020 2820 1158 2850 passage
1173 2809 1201 2840 is
1216 2808 1328 2850 cited).
