2095 3278
887 681 1085 721 LIBER
1134 680 1457 732 QUARTUS.
1854 676 1953 721 [38A

549 819 677 859 Incipit
704 822 844 860 quartus
872 818 954 848 liber
976 821 1123 848 tractans
1147 816 1183 847 de
1204 816 1406 857 proprietate
1432 826 1487 846 seu
1513 816 1609 847 civili
1634 816 1780 848 dominio
1807 822 1837 849 et
2088 824 2091 863 Ι

497 875 691 916 possessione
707 878 736 905 et
752 874 826 904 iure
843 873 960 903 utendi
974 872 1127 903 civilibus
1143 876 1173 903 et
1187 872 1224 902 de
1239 871 1384 911 simplici
1400 882 1462 901 usu
1474 871 1576 912 sacti.
2074 861 2075 864 ¹
2089 865 2091 907 l

458 971 486 993 1.
549 961 705 991 PRIMUM
729 959 910 1000 capitulum
934 959 973 989 de
998 958 1198 999 proprietate
1223 957 1388 998 inquirens
1413 957 1555 988 ostendit
1583 957 1672 999 quod
1699 968 1764 988 non
1788 963 1837 989 est

2090 970 2091 986 l

505 1016 665 1057 originale
688 1015 872 1046 dominium
895 1024 999 1055 neque
1020 1013 1192 1054 possessio,
1212 1012 1357 1043 obiciens
1380 1012 1419 1043 de
1440 1017 1552 1043 nostro
1574 1013 1683 1054 primo
1704 1018 1836 1053 parente
1856 1022 1873 1053 5
2090 990 2092 1028 l

509 1076 605 1112 atque
621 1071 811 1101 dissolvens.
2090 1030 2093 1084 l

461 1141 489 1162 2,
553 1125 738 1157 Secundum
755 1123 935 1165 capitulum
956 1122 1110 1164 patefacit
1126 1122 1214 1163 quod
1234 1132 1338 1153 rerum
1360 1122 1542 1163 proprietas
1562 1133 1627 1153 non
1647 1126 1693 1153 est
1712 1122 1839 1164 aliquid
2091 1130 2093 1166 ἰ

510 1181 729 1221 compositum
753 1190 792 1210 ex
816 1178 966 1219 originali
989 1178 1137 1208 dominio
1161 1182 1192 1208 et
1215 1177 1429 1218 possessione,
1453 1187 1511 1208 nec
1533 1181 1641 1217 potest
1664 1176 1776 1208 haberi
1801 1188 1839 1208 ex
2091 1190 2093 1212 ι

509 1236 587 1267 solis
611 1234 715 1265 titulis
738 1234 950 1267 naturalibus,
971 1233 1048 1264 licet
1070 1233 1116 1264 sic
1138 1233 1241 1273 possit
1263 1232 1375 1263 haberi
1397 1231 1612 1273 possessionis
1636 1232 1839 1274 proprietas;

510 1295 541 1321 et
559 1289 659 1320 adicit
675 1289 920 1320 distinccionem
936 1288 976 1319 de
993 1289 1193 1328 proprietate
1208 1287 1400 1318 notabilem.
1859 1298 1898 1321 10

462 1361 480 1390 3
556 1344 707 1375 Tercium
729 1343 909 1384 capitulum
933 1342 1085 1373 describit
1106 1341 1296 1378 humanum,
1319 1341 1506 1382 positivum⁷
1526 1341 1592 1372 sive
1615 1341 1711 1372 civile
1732 1341 1838 1372 domi-

510 1399 610 1437 nium,
638 1398 893 1439 descripcionem
923 1398 1092 1428 declarans
1121 1397 1153 1426 in
1182 1407 1309 1437 genere,
1336 1396 1421 1426 circa
1446 1396 1580 1426 verbum
1609 1396 1840 1437 acquz'sicz'onis

512 1455 668 1493 obiciens,
686 1458 718 1485 et
735 1453 892 1484 solvendo
910 1452 1082 1483 ostendens
1099 1451 1188 1492 quod
1204 1451 1315 1482 nullus
1334 1450 1431 1482 habet
1447 1461 1520 1481 vere
1542 1450 1638 1481 civile
1660 1451 1841 1481 dominium

512 1509 623 1549 gracia
640 1508 830 1539 denudatus.

462 1578 492 1608 4,
559 1564 718 1604 Quartum
750 1561 930 1603 capitulum
960 1560 1074 1592 nititur
1103 1560 1216 1592 fulcire
1251 1560 1437 1591 racionibus
1467 1560 1671 1602 questionem
1703 1560 1840 1602 capituli
1862 1573 1897 1605 15
2074 1601 2093 1611 Η

513 1618 725 1659 precedentis
2074 1621 2076 1664 J
2092 1638 2093 1643 ,

557 1672 716 1712 Quintum
743 1670 923 1711 capitulum
949 1669 1050 1700 obicit
1081 1674 1195 1700 contra
1225 1668 1409 1710 precedens,
1439 1673 1470 1700 et
1501 1668 1662 1699 solvendo
1695 1669 1841 1700 declarat
2074 1672 2075 1686 ³

511 1727 603 1758 aliud
619 1737 687 1757 esse
699 1726 850 1756 heredem
864 1730 895 1756 et
912 1724 1001 1754 aliud
1018 1734 1086 1755 esse
1099 1725 1268 1754 dominum
1282 1723 1471 1755 hereditatis
1484 1728 1626 1764 paterne,
1641 1722 1840 1765 Scripturam
1858 1725 1901 1755 al.
1918 1734 1980 1756 esse
1994 1734 2054 1755 esse
2074 1687 2094 1765 i‘,

512 1782 692 1813 dissolvens
715 1780 911 1811 contrariam
935 1783 1128 1820 apparenter
1147 1789 1209 1819 que
1233 1779 1325 1817 dicit,
1342 1779 1445 1808 Alius
1467 1782 1568 1808 natus
1592 1779 1629 1809 in
1646 1789 1744 1819 regno
1766 1784 1840 1817 etc.‚
1858 1768 1926 1799 7²87·
1946 1776 1977 1799 B.

513 1843 543 1868 et
560 1837 681 1867 Nz'clzz'l
693 1835 806 1877 differt
821 1845 840 1864 a
856 1844 958 1872 servo,
976 1844 1048 1863 cum
1065 1834 1109 1863 sit
1123 1834 1277 1863 dominus
1292 1833 1452 1863 amnium.
1860 1842 1900 1863 20

464 1895 494 1927 6,
557 1891 691 1922 Sextum
712 1889 894 1931 capitulum
914 1888 1077 1919 obiectum
1095 1888 1135 1918 de
1155 1888 1363 1918 subversione
1382 1887 1491 1928 legum
1509 1887 1680 1919 absolvens
1697 1888 1839 1919 ostendit
1857 1888 1912 1916 ost.
1933 1895 1997 1915 om.
2017 1892 2045 1915 Β.

2074 1899 2075 1915 l

1943 1929 1948 1934 -
1982 1928 1987 1934 ·
2073 1917 2076 1932 l

513 1957 570 1988 per
587 1946 706 1976 iudicia
724 1945 868 1975 dominia
883 1954 947 1974 non
970 1943 1117 1980 conferri,
1135 1947 1181 1973 set
1204 1942 1249 1973 ita
1272 1953 1368 1983 posse
1390 1942 1524 1983 proferri
1543 1943 1741 1973 sentenciam
1758 1943 1840 1974 iuste
1858 1929 2043 1959 d⁰m²⁷²²um
2073 1935 2090 1986 ᾗ·

2073 1991 2075 2016 l

2073 2019 2075 2033 l

2073 2035 2075 2068 l

2073 2069 2075 2083 l

2074 1554 2077 1568 ,
2088 1547 2089 1554 1

2091 1665 2093 1677 1

464 1688 492 1717 ψ

512 2012 572 2042 pro
597 2000 699 2041 impio
724 2004 758 2030 ut
783 2010 843 2040 pro
866 1999 971 2035 iust03
1004 1998 1089 2028 unde
1115 1998 1340 2028 necessitatem
1368 1997 1450 2038 legis
1478 1997 1652 2037 superioris
1676 1997 1840 2028 concludit
1860 1980 1899 2003 M.

512 2055 688 2087 iudicantis
715 2054 853 2092 occulta,
879 2064 1012 2085 causam
1037 2053 1181 2084 adiciens
1208 2063 1264 2083 cur
1289 2052 1369 2082 mali
1396 2056 1453 2082 aut
1482 2051 1559 2083 boni
1587 2052 1629 2082 ab
1654 2051 1841 2083 horninibus
1858 2056 1938 2082 aut:
1961 2055 1999 2083 ut
2016 2058 2044 2081 B.

513 2111 637 2141 domini
655 2109 872 2150 appellantur.
1862 2120 1899 2152 25

467 2171 494 2205 7.
558 2165 739 2206 Septimum
764 2162 944 2204 capitulum
968 2167 1080 2193 contra
1106 2161 1283 2203 precedens
1307 2161 1452 2192 obiciens
1475 2171 1540 2191 non
1568 2160 1673 2191 solum
1701 2160 1842 2191 iudicem

513 2220 614 2251 talem
639 2224 686 2250 set
710 2219 816 2259 legem
844 2228 911 2248 esse
937 2218 1100 2254 iniustam,
1127 2217 1289 2255 dissolvit,
1314 2222 1410 2256 atque
1438 2215 1577 2247 ostendit
1603 2215 1788 2246 racionibus
1813 2220 1845 2246 et

513 2274 678 2315 scripturis
694 2273 836 2303 iudicem
853 2272 989 2303 scienter
1005 2282 1065 2312 pro
1083 2272 1185 2312 impio
1203 2271 1357 2302 ferentem
1377 2270 1574 2301 sentenciam
1590 2280 1659 2301 esse
1677 2270 1844 2301 inexcusa-

515 2329 614 2359 bilem
632 2340 651 2359 a
668 2333 804 2369 peccato
821 2331 852 2358 et
869 2326 1085 2357 excusabilem
1104 2336 1177 2356 cum
1194 2326 1334 2366 ignorat.

467 2390 495 2420 8,
559 2385 720 2415 Octavum
744 2381 924 2423 capitulum
949 2381 1055 2422 legem
1079 2381 1186 2421 quoad
1211 2381 1447 2411 conscienciam
1474 2379 1590 2411 iudicis
1620 2380 1651 2410 in
1679 2379 1737 2411 tali
1765 2390 1841 2411 casu
1862 2387 1903 2418 30

515 2442 655 2476 excusat,
675 2448 736 2479 que
752 2437 878 2467 nullum
896 2436 914 2457 *
930 2437 971 2467 ad
988 2436 1196 2466 iudicandum
1215 2440 1325 2467 eontra
1342 2434 1578 2466 conscienciam
1596 2439 1700 2474 potest
1717 2439 1840 2471 artare;
1858 2441 1888 2468 B

516 2498 548 2524 et
564 2493 619 2524 dat
637 2496 868 2533 consequenter
884 2492 1069 2522 doctrinam
1086 2501 1184 2532 quam
1206 2490 1239 2521 in
1261 2501 1337 2521 casu
1359 2490 1557 2521 consciencie
1580 2490 1676 2520 iudex
1697 2490 1839 2529 inferior,
2070 2526 2071 2529 Ἰ

515 2548 626 2585 medii,
644 2559 681 2578 ac
699 2557 890 2587 suppremus
906 2546 1025 2576 habent
1042 2556 1176 2576 servare.
1858 2552 1988 2589 suppr,:
2008 2556 2059 2577 su·
2086 2558 2089 2568 v

465 2611 495 2641 9.
559 2601 692 2631 Nonum
718 2599 898 2639 capitulum
923 2598 1029 2638 legem
1052 2607 1091 2628 co
1115 2608 1189 2628 casu
1213 2597 1360 2627 absolute
1384 2601 1517 2627 excusat
1541 2600 1615 2637 post
1640 2596 1786 2627 obiectus
1809 2600 1840 2627 et
1853 2592 1997 2632 perieris
2014 2598 2043 2622 B·
2069 2597 2072 2611 ¹

515 2655 739 2695 responsiones
771 2653 969 2693 multiplices
1000 2657 1097 2693 atque
1128 2652 1286 2688 difficiles,
1315 2652 1408 2682 illum
1433 2651 1489 2691 qui
1514 2651 1750 2681 conscienciam
1779 2651 1840 2681 sibi
1860 2654 1898 2687 35
2070 2638 2072 2649 Ι

515 2709 650 2740 fabricat
674 2714 806 2749 propter
828 2707 909 2748 legis
932 2712 988 2738 aut
1011 2707 1127 2738 iudicis
1150 2711 1205 2737 aut
1229 2706 1341 2737 iudicii
1365 2705 1485 2747 prolati
1510 2705 1672 2736 iusticiam
1694 2705 1841 2745 apercius

515 2763 798 2804 condempnando.

449 2829 498 2851 10.
560 2819 733 2850 Decimum
758 2817 936 2858 capitulum
961 2815 1093 2858 inquirit
1117 2816 1156 2847 de
1181 2815 1269 2847 civili
1290 2815 1447 2854 dominio,
1468 2818 1499 2846 et
1523 2813 1663 2846 ostendit
1688 2813 1719 2844 in
1745 2823 1840 2854 quem

2073 3110 2085 3185 «αῖ-..Γ
