2008 3305
234 248 319 277 CAP.
344 233 465 293 xvn.]
711 245 855 277 LIBER
887 245 1083 278 PRIMUS.
1757 241 1836 285 155

118 366 214 407 5213]
230 361 311 398 liter
331 361 520 411 antecedit
535 373 545 408 ;
575 373 663 398 cum
684 368 967 411 consequenter
988 361 1177 398 diceretur
1196 361 1302 410 quod
1324 360 1452 397 Deum
1472 373 1555 399 esse

229 430 358 469 Deum
392 432 439 469 sit
470 444 587 469 causa
619 433 724 482 prior
762 432 981 469 naturaliter
1019 443 1088 469 sua
1126 431 1424 480 omnipotencia,
1459 431 1556 469 sicut

229 503 357 551 passio
387 503 634 552 consequitur
663 504 881 541 naturaliter
909 503 958 540 ad
982 515 1092 540 suum
1115 503 1339 541 subiectum.
1396 501 1555 539 Etcum

230 572 357 610 Deum
387 585 470 611 esse
499 585 579 610 non
610 574 656 611 sit
682 574 785 622 prius
816 585 933 623 quam
962 573 1081 619 Deus,
1113 573 1283 622 sequitur
1312 572 1418 622 quod
1447 571 1556 609 Deus

197 643 448 688 5naturaliter
476 644 645 693 precedit
675 644 882 681 scienciam
917 656 994 692 qua
1032 644 1101 681 scit
1135 655 1231 680 esse.
1287 643 1338 681 Et
1366 655 1456 681 cum
1482 656 1556 692 pro

228 714 293 751 illo
322 714 438 763 priori
467 721 602 751 natura
633 727 705 752 nec
735 721 793 752 est
827 714 938 751 Pater
968 726 1040 752 nec
1071 714 1189 751 altera
1218 726 1486 764 personarum,
1507 726 1555 752 eo

228 784 335 833 quod
373 785 574 822 noscendo
606 785 740 834 gignit,
776 786 946 834 sequitur
977 785 1081 834 quod
1114 784 1222 822 Deus
1254 785 1300 822 sit
1334 785 1556 823 naturaliter

228 854 315 892 Deo
340 854 451 893 Patre
477 856 592 904 prior.
649 855 699 893 Et
725 868 815 893 cum
846 855 951 893 nulla
976 856 1197 893 communis
1220 862 1359 892 natura
1384 855 1555 905 precedit

228 925 447 964 naturaliter
476 938 543 963 sua
570 926 779 976 supposita,
811 927 884 964 nisi
915 926 1080 963 habeant
1109 933 1266 963 naturas
1295 932 1333 963 et
1362 926 1554 964 essencias

175 1011 215 1034 10
228 996 513 1043 condistinctas,
548 998 717 1046 sequitur
749 997 853 1046 quod
888 1004 1025 1034 natura
1057 997 1185 1034 divina
1217 1009 1297 1034 non
1331 997 1376 1034 sit
1408 997 1553 1046 simpli-

226 1066 378 1104 cissima
397 1067 464 1104 sed
485 1074 542 1105 est
561 1068 680 1105 tribus
700 1068 877 1117 personis
901 1067 1136 1104 naturalibus
1168 1074 1387 1116 aggregata.
1446 1067 1555 1105 Patet

225 1150 320 1187 ergo
349 1150 398 1175 ex
428 1137 616 1187 quotlibet
645 1138 850 1175 evidenciis
879 1138 1177 1186 multiplicandis
1215 1138 1255 1175 in
1289 1138 1361 1175 ista
1394 1139 1556 1175 materia

225 1207 331 1258 quod
350 1220 507 1246 necesse
528 1208 658 1246 fuisset
686 1209 907 1258 premisisse
936 1208 1257 1258 methaphisicam
1278 1209 1554 1246 rectificantem

225 1279 338 1316 istam
359 1281 607 1317 sentenciam.

175 1359 212 1391 15
280 1348 461 1396 Ulterius,
501 1350 629 1399 quoad
665 1351 905 1399 posicionem
943 1351 982 1387 in
1021 1362 1073 1396 se,
1113 1362 1270 1388 assumo
1309 1350 1362 1387 sic
1399 1350 1594 1399 primoni.
1616 1362 1811 1390 God‘sknow-

226 1420 366 1458 Omnis
405 1420 532 1458 divina
571 1421 735 1459 sciencia
772 1421 830 1459 vel
868 1428 924 1459 est
962 1420 1069 1459 Deus
1105 1421 1162 1458 vel
1193 1421 1334 1458 relacio
1373 1421 1550 1467 racionis,
1565 1397 1746 1462 lcz‘inggissffm

224 1490 372 1528 nullum
414 1491 488 1529 tale
535 1498 594 1529 est
642 1492 903 1541 complexum,
944 1504 1036 1541 ergo
1078 1504 1150 1529 nec
1195 1492 1322 1529 divina
1370 1492 1549 1530 sciencia.
1564 1480 1827 1540 ἓζὲᾞηξζθῖῗξξᾎ

226 1560 353 1599 Maior
373 1568 476 1610 patet
495 1574 542 1599 ex
564 1562 760 1611 principiis
782 1562 960 1609 doctoris,
986 1575 1075 1600 cum
1105 1562 1215 1611 ponit
1235 1574 1393 1600 omnem
1413 1563 1553 1612 ydeam
1566 1548 1670 1574 mam
1682 1548 1819 1579 ratim&

225 1631 282 1669 vel
303 1644 387 1670 esse
407 1633 642 1681 intelligibile
670 1633 762 1671 foris
787 1632 937 1671 Deum:
970 1645 1042 1671 nec
1067 1632 1261 1670 discordat
1291 1633 1428 1683 aliquis
1458 1634 1553 1683 quin

185 1708 213 1737 c
227 1714 343 1740 omne
365 1701 383 1722 *
405 1704 507 1753 quod
530 1710 586 1741 est
606 1704 645 1740 in
664 1703 750 1742 Deo
776 1716 871 1753 pure
900 1703 1049 1741 adintra
1072 1710 1129 1741 est
1157 1703 1277 1751 Deus,
1303 1711 1464 1753 excepto
1495 1717 1553 1742 re-

224 1773 349 1811 lativo.
405 1774 455 1811 Et
488 1775 617 1812 minor
647 1781 752 1824 patet
785 1787 833 1812 ex
867 1775 986 1813 modo
1017 1775 1201 1825 loquendi
1235 1775 1429 1813 doctoris:
1461 1787 1550 1811 nam
1566 1779 1674 1806 neither
1686 1780 1719 1806 of

1566 1814 1657 1839 which
1688 1823 1723 1839 an

223 1844 328 1882 nulla
347 1844 446 1882 foret
474 1846 578 1884 racio
607 1858 725 1895 quare
755 1845 862 1883 Deus
887 1846 1192 1895 simplicissimus
1223 1846 1271 1883 sit
1300 1845 1551 1895 complexum
1564 1847 1652 1885 admi?
1667 1823 1699 1873 εἴ
1707 1857 1782 1873 00111·

223 1915 317 1964 quin
347 1928 416 1964 per
449 1916 551 1954 idem
582 1917 765 1966 quidlibet
780 1929 792 1963 3
822 1923 859 1954 et
892 1923 984 1953 tunc
1015 1928 1096 1954 non
1128 1922 1228 1954 esset
1262 1916 1444 1966 fingenda
1475 1917 1551 1955 dis·
1564 1887 1705 1913 pomon—

224 1986 366 2024 tinccio
385 1986 482 2024 inter
501 1987 735 2036 conplexum
756 1994 792 2025 et
808 1987 1092 2036 inconplexum,
1110 1993 1295 2036 tanquam
1312 1987 1553 2025 differencias

173 2073 211 2105 25
226 2056 435 2095 dividentes
456 2070 503 2095 ex
524 2058 702 2107 opposito
722 2069 843 2106 genus
864 2059 972 2095 entis.
1028 2057 1078 2095 Et
1107 2057 1155 2095 de
1174 2057 1365 2096 relacione
1385 2058 1554 2107 qualibet

224 2133 328 2175 patet
356 2127 480 2165 idem:
512 2140 602 2165 nam
631 2128 770 2166 relacio
799 2127 874 2165 Dei
901 2128 950 2165 ad
980 2135 1181 2174 creaturas,
1212 2140 1300 2165 cum
1330 2128 1376 2166 sit
1407 2128 1552 2177 simpli-

223 2197 386 2243 cissima,
407 2198 504 2235 sicut
525 2197 646 2235 fuerat
670 2205 758 2235 ante
779 2198 980 2245 mundum,
1003 2211 1085 2236 non
1113 2199 1210 2248 sapit
1230 2199 1551 2248 conposicionem

222 2278 270 2304 ex
292 2267 369 2305 suis
389 2268 582 2315 terminis;
612 2280 717 2317 ymo,
738 2269 768 2306 si
786 2269 833 2306 sit
848 2268 1052 2318 complexa
1068 2275 1224 2318 propter
1239 2269 1551 2318 complexionem

223 2338 363 2375 obiecti
383 2338 488 2387 quod
514 2339 702 2385 terminat,
729 2351 796 2388 per
820 2338 923 2377 idem
946 2339 1044 2377 foret
1068 2339 1278 2377 discursiva
1303 2345 1340 2377 et
1375 2340 1552 2377 denomi-

171 2421 212 2452 30
224 2415 312 2445 nata
331 2409 622 2457 quomodolibet
642 2411 692 2447 ab
711 2410 873 2448 obiect0.

277 2479 388 2522 Item,
408 2492 496 2517 cum
517 2480 713 2517 sentencia
733 2480 806 2517 Dei
827 2492 908 2518 non
929 2486 1056 2530 potest
1075 2480 1149 2518 dici
1178 2480 1383 2529 complexa
1410 2480 1481 2518 nisi
1502 2493 1547 2518 ex
1562 2484 1614 2545 ¹021]
1623 2485 1785 2546 Sdoriiisstlffiil

222 2552 341 2589 modo
361 2552 504 2589 sciendi
524 2551 582 2590 vel
609 2552 869 2601 componendi
897 2553 938 2589 in
966 2552 1054 2590 Deo
1083 2552 1232 2590 adintra
1261 2552 1328 2590 sed
1357 2564 1446 2590 cum
1475 2565 1547 2590 nec
1787 2538 1794 2545 ⁸

221 2621 336 2659 habet
356 2628 484 2659 actum
504 2622 724 2660 distinctum
744 2635 816 2660 nec
837 2623 986 2660 adintra
1002 2622 1215 2660 subiectum
1232 2628 1296 2660 aut
1311 2622 1548 2672 predicatum

221 2704 292 2741 pro
316 2692 453 2741 quibus
482 2699 692 2742 componat
713 2692 771 2730 vel
801 2692 952 2738 dividat,
984 2705 1055 2731 nec
1087 2693 1178 2742 fingi
1210 2699 1336 2742 potest
1370 2693 1443 2730 alia
1474 2693 1548 2731 dis-

254 2792 277 2815 3.
294 2791 380 2808 suum
393 2792 446 2809 orn¹
462 2783 494 2808 B.
551 2785 573 2809 6.
586 2786 678 2815 pater
687 2784 724 2809 A‘2
738 2783 765 2809 in
778 2793 832 2816 mg.
847 2784 901 2810 BC
913 2791 919 2809 :
937 2784 1023 2816 prior
1030 2784 1065 2809 Al
1076 2789 1255 2816 expunctum.
1313 2786 1336 2809 8.
1350 2785 1439 2816 prior
1447 2793 1500 2810 om.
1516 2784 1548 2809 B.

223 2826 259 2841 11.
278 2817 410 2848 personis
422 2817 610 2842 naturalibus
622 2817 648 2842 A
659 2817 681 2843 C
693 2824 701 2842 .·
713 2817 913 2849 personalibus
927 2818 959 2843 B.
1020 2819 1060 2843 28⁴
1081 2818 1109 2843 si
1118 2818 1158 2843 sit
1171 2818 1193 2842 B
1204 2818 1227 2843 C
1238 2825 1244 2843 ε
1264 2818 1343 2843 sistit
1356 2818 1389 2843 A.
1450 2827 1488 2850 30.
1512 2817 1548 2843 ab

223 2849 244 2874 B
254 2849 276 2876 C
290 2857 362 2882 mg.:
383 2858 435 2876 om.
449 2850 482 2875 A.
554 2859 592 2882 32.
617 2852 625 2880 ΙΙ
638 2851 690 2876 sed
701 2850 723 2876 B
737 2851 754 2876 f.
771 2852 819 2883 236
828 2859 857 2876 A.
930 2860 969 2883 34.
987 2852 1035 2877 vel
1045 2851 1118 2877 AC:
1139 2853 1193 2876 aut
1208 2851 1238 2876 B.
