2008 3305
158 187 210 215 20
820 185 885 216 DE
918 186 1133 218 Domino
1166 186 1339 218 Drero
1577 175 1681 234 [mr.
1705 191 1767 219 111.

435 300 612 348 proprius
640 301 911 338 accomodaria
936 314 1051 350 quam
1080 302 1285 339 dominans
1316 302 1429 339 debet
1458 302 1542 348 dici,
1567 304 1639 340 nisi
1668 302 1765 340 forte
1783 307 1852 347 [60

434 371 482 406 ad
522 382 676 407 sensum
716 372 945 420 equivocum
988 374 1176 422 posterius
1219 373 1505 422 exponendum.
1573 374 1623 411 Et
1662 380 1766 423 patet

436 440 453 458 *
474 442 578 489 quod
613 443 842 491 magnitudo
877 443 1037 480 dominii
1072 456 1151 480 non
1187 444 1361 481 absolute
1401 445 1607 481 attenditur
1644 453 1811 494 penesD

433 513 647 549 valenciam
678 514 884 559 servientis,
905 515 997 563 quia
1029 522 1118 551 tunc
1150 515 1363 551 dominium
1386 514 1457 552 Dei
1488 523 1524 552 et
1552 516 1767 552 dominium

434 585 696 633 cuiuscunque
730 584 896 621 hominis
927 591 1107 633 poterunt
1138 586 1341 635 coequari3
1381 585 1448 622 sed
1478 586 1613 635 pocius
1648 599 1799 636 penesf,

435 666 526 690 usus
547 655 604 690 vel
625 655 769 691 servicii
790 656 1055 704 quantitatem.

152 742 175 790 ί31.
197 731 365 792 ogi-&3252
493 724 637 762 Contra
666 726 766 762 istud
793 726 953 763 instatur
974 727 1187 775 tripliciter:
1218 728 1343 776 primo
1373 741 1440 777 per
1469 727 1541 765 hoc
1572 728 1689 777 quod,
1714 728 1767 765 ‘si

153 799 359 859 ὲοζῇῗὲἑξοῐξηευ
440 796 675 833 ‘dominium
703 796 774 833 Dei
800 798 847 834 sit
873 797 1089 835 dominium
1113 799 1374 846 propriissime
1401 799 1556 845 dictum,
1580 806 1616 836 et
1640 799 1766 848 ipsum

436 870 514 904 ‘est
539 880 604 916 per
626 880 665 904 se
691 868 843 914 relacio,
867 880 959 917 ergo
981 875 1037 905 est
1058 869 1199 905 relacio
1226 869 1486 918 propriissime
1507 869 1633 916 dicta3
1670 881 1764 907 con-

435 941 624 987 ‘sequens
658 937 805 984 falsum,
837 951 926 976 cum
955 939 1062 976 valde
1098 939 1291 988 inproprie
1325 948 1361 976 et
1395 952 1462 988 per
1493 940 1765 978 reduccionem
1783 954 1822 976 10

155 1015 399 1074 N0:t{tisaszlb-
434 1008 583 1045 ‘solum
623 1010 669 1045 sit
707 1009 746 1046 in
784 1021 926 1058 genere
966 1010 1189 1046 relacionis.’
1246 1009 1308 1046 Ad
1352 1010 1452 1047 istud
1495 1018 1766 1059 argumentum

150 1053 365 1143 ΞΞΞΞΞΞΕΪἙ
433 1079 604 1128 logicum
623 1080 770 1126 dicitur,
784 1081 1040 1118 concedendo
1055 1081 1164 1129 quod
1181 1079 1255 1118 Dei
1272 1081 1487 1118 dominium
1504 1082 1766 1130 propriissime

191 1126 215 1149 g
282 1129 303 1143 ι’
433 1158 490 1187 est
511 1151 740 1197 substancia,
764 1151 832 1189 sed
862 1151 966 1189 nullo
996 1152 1116 1189 modo
1137 1158 1193 1188 est
1214 1151 1354 1188 relacio
1381 1164 1449 1200 per
1477 1164 1515 1189 se
1546 1153 1585 1189 in
1612 1165 1764 1201 genere,

432 1222 529 1258 sicut
549 1234 620 1259 nec
642 1221 750 1259 Deus
771 1231 826 1259 est
848 1224 1068 1259 substancia
1093 1235 1160 1271 per
1181 1234 1221 1259 se
1242 1222 1281 1258 in
1302 1234 1455 1271 genere,
1478 1223 1545 1260 sed
1574 1223 1765 1273 utrimque

431 1293 662 1342 principium
693 1300 864 1331 creature
899 1306 966 1342 per
1001 1305 1039 1330 se
1072 1294 1111 1330 in
1145 1305 1309 1341 genere:
1355 1293 1458 1330 unde
1488 1292 1644 1342 quando
1672 1305 1765 1331 con·
1782 1310 1819 1343 15

432 1364 604 1401 cedimus
645 1365 742 1409 talia,
783 1365 1012 1413 ampliamus
1051 1365 1236 1401 terminos
1277 1375 1464 1412 generum
1512 1363 1561 1400 ad
1609 1375 1767 1401 sensum

431 1435 643 1483 analogum
671 1435 767 1472 ultra
795 1436 1027 1485 adequatam
1058 1435 1386 1484 significacionem
1416 1435 1579 1483 generis.
1635 1434 1685 1471 Et
1714 1435 1767 1472 sic

430 1506 677 1553 intelligende
729 1513 817 1543 sunt
856 1506 1139 1544 concordancie
1188 1506 1405 1550 doctorum,
1444 1517 1609 1554 quorum
1651 1505 1767 1554 aliqui

434 1583 583 1625 ponunt
604 1577 731 1614 Deum
752 1590 835 1615 esse
857 1578 1117 1615 substanciam
1140 1584 1176 1615 et
1193 1576 1265 1614 Dei
1286 1577 1500 1614 dominium
1519 1577 1764 1622 relacionem,

434 1656 471 1685 et
499 1648 561 1684 alii
589 1649 659 1685 ista
689 1655 833 1697 negant
860 1650 1133 1698 equivocantes
1163 1648 1319 1685 indubie
1349 1648 1387 1684 in
1418 1647 1537 1696 signis
1567 1660 1762 1696 generum.
1779 1669 1818 1690 20

439 1717 501 1755 Sic
518 1731 612 1768 ergo
633 1720 806 1757 raciones
823 1720 987 1757 duorum
1003 1732 1190 1769 generum
1212 1731 1282 1756 nec
1303 1719 1454 1768 proprie
1470 1731 1542 1755 nec
1562 1719 1766 1768 improprie

436 1790 670 1826 conveniunt
692 1791 802 1827 dictis
829 1792 954 1837 rebus,
976 1791 1044 1828 sed
1074 1791 1179 1828 racio
1209 1790 1282 1827 alia
1312 1790 1485 1839 analoga,
1505 1791 1637 1827 virtute
1659 1792 1765 1828 cuius

434 1868 524 1898 sunt
543 1861 643 1898 dicta
665 1874 820 1911 genera,
842 1868 883 1899 ut
903 1862 1169 1911 methaphisici
1192 1862 1282 1899 satis
1303 1868 1481 1898 noscunt.

144 1935 166 1961 b·
190 1935 372 1969 ‘Iflordship
494 1931 675 1969 Secundo
698 1933 860 1970 obicitur
889 1946 957 1983 per
986 1933 1060 1970 hoc
1088 1933 1192 1982 quod
1215 1932 1461 1978 ‘dominium
1484 1933 1514 1969 si
1540 1933 1586 1969 sit
1612 1933 1761 1979 relacio,

145 1970 179 1995 be
192 1979 209 1995 a
222 1971 338 1996 relation
352 1971 373 1996 it

144 2003 408 2066 2⁵t¹1¹ssssssffivssgfim
434 2006 443 2021 ‘
460 2014 549 2040 tunc
577 2015 654 2040 non
674 2010 735 2041 est
755 2004 920 2041 activum
941 2016 1010 2041 nec
1032 2016 1120 2041 cum
1141 2010 1245 2041 tanta
1265 2003 1468 2053 diligencia
1487 2005 1760 2053 appetendum,
1776 2020 1814 2052 25

143 2071 380 2137 ἓῗῖξὲςζὲξὲὲῗὸ
433 2078 543 2111 ‘cum
579 2075 624 2111 sit
658 2087 718 2112 res
753 2076 910 2113 minime
947 2076 1113 2113 entitatis
1147 2083 1184 2113 et
1223 2088 1291 2125 per
1322 2087 1566 2125 consequens
1604 2077 1762 2115 minime

143 2139 226 2164 ”8⁵⁵³
432 2149 439 2164 ‘
460 2145 664 2183 bonitatis.’
722 2146 784 2183 Ad
806 2147 896 2184 illud
921 2147 1055 2184 dicitur
1083 2147 1335 2185 concedendo
1362 2147 1505 2184 nullam
1530 2148 1762 2186 relacionem

145 2183 201 2208 But
214 2191 231 2208 a
243 2182 359 2208 relation

142 2217 404 2277 ffii'ssethffffigssgf
430 2223 466 2254 et
487 2229 555 2266 per
575 2229 816 2267 consequens
837 2218 984 2255 nullum
1004 2218 1021 2237 *
1037 2219 1252 2256 dominium
1273 2231 1355 2256 esse
1377 2219 1552 2265 activum,
1575 2225 1612 2256 et
1631 2225 1760 2257 tamen
1773 2239 1794 2269 7
1797 2237 1831 2266 A

142 2283 198 2309 ‘ive
212 2284 326 2316 0f300d
431 2301 515 2326 esse
550 2288 759 2326 multorum
792 2290 986 2327 bonorum
1019 2290 1258 2327 causativum
1292 2289 1349 2340 (ut
1382 2296 1486 2339 patet
1520 2290 1567 2327 de
1597 2302 1759 2340 propor-

140 2363 378 2429 {Saffod’sgrace
431 2359 622 2410 cionibus)
644 2367 680 2397 et
702 2361 754 2398 sic
776 2367 831 2398 est
852 2361 959 2398 valde
982 2361 1186 2411 appetibile
1199 2374 1208 2408 ;
1238 2361 1336 2398 sicut
1358 2361 1488 2410 gracia
1508 2360 1581 2398 Dei
1601 2363 1659 2399 vel
1678 2363 1758 2400 eius
1772 2374 1813 2405 30

429 2432 615 2477 amicicia,
646 2443 764 2481 quam
795 2439 929 2469 notum
957 2438 1014 2469 est
1048 2445 1127 2470 non
1158 2444 1241 2470 esse
1273 2432 1320 2470 de
1354 2444 1495 2481 genere
1525 2445 1652 2470 rerum
1682 2445 1757 2482 que

425 2509 630 2551 potuerunt
668 2515 733 2552 per
773 2515 812 2540 se
852 2516 947 2549 esse,
983 2511 1019 2541 et
1058 2510 1188 2541 tamen
1231 2504 1404 2541 amicicia
1442 2504 1662 2542 huiusmodi
1700 2512 1756 2543 est

424 2582 595 2611 creature
636 2575 816 2612 racionali
855 2574 991 2612 melior
1030 2582 1067 2612 et
1105 2575 1193 2613 ideo
1232 2575 1433 2625 eligibilior
1476 2587 1591 2624 quam
1631 2582 1755 2613 totum

423 2657 557 2681 aurum
598 2645 731 2682 mundi
765 2646 822 2682 vel
855 2646 986 2695 quevis
1026 2646 1098 2683 alia
1138 2654 1266 2684 creata
1305 2647 1536 2684 substancia.
1596 2647 1754 2685 Relacio

457 2749 478 2764 2.
503 2740 563 2768 ΗΕΖ
579 2742 662 2771 patet
685 2739 707 2765 B
728 2740 744 2765 f.
768 2750 815 2772 214
826 2749 851 2766 D.
947 2750 969 2772 4.
990 2742 1154 2767 valencz'am
1177 2741 1298 2767 conieci:
1320 2742 1450 2767 volenter
1469 2741 1544 2768 AC:
1569 2742 1703 2767 valenter
1722 2742 1751 2767 B.

423 2775 445 2831 bjx.
458 2774 719 2832 dspsszZtlilgjllpssa‘
732 2775 825 2806 ipsum
837 2775 869 2800 A.
957 2784 995 2806 14,
1017 2776 1163 2807 utrimque
1179 2775 1216 2800 B:
1239 2778 1395 2808 utrumqne
1417 2776 1441 2800 A
1452 2775 1484 2801 C.
1567 2786 1605 2801 21.
1628 2776 1754 2801 duorum
