<?xml version="1.0" encoding="UTF-8"?>
<!DOCTYPE html PUBLIC "-//W3C//DTD XHTML 1.0 Transitional//EN"
    "http://www.w3.org/TR/xhtml1/DTD/xhtml1-transitional.dtd">
<html xmlns="http://www.w3.org/1999/xhtml" xml:lang="en" lang="en">
 <head>
  <title>
</title>
<meta http-equiv="Content-Type" content="text/html;charset=utf-8" />
  <meta name='ocr-system' content='tesseract 3.04.00' />
  <meta name='ocr-capabilities' content='ocr_page ocr_carea ocr_par ocr_line ocrx_word'/>
</head>
<body>
  <div class='ocr_page' id='page_1' title='image "./dedominiodivinol00wycl_0129.png"; bbox 0 0 2008 3305; ppageno 0'>
   <div class='ocr_carea' id='block_1_1' title="bbox 244 213 1096 272">
    <p class='ocr_par' dir='ltr' id='par_1_1' title="bbox 244 213 1096 272">
     <span class='ocr_line' id='line_1_1' title="bbox 244 213 1096 272; baseline 0 -18"><span class='ocrx_word' id='word_1_1' title='bbox 244 227 330 256; x_wconf 81' lang='lat' dir='ltr'>CAP.</span> <span class='ocrx_word' id='word_1_2' title='bbox 353 213 411 272; x_wconf 78' lang='lat' dir='ltr'>x.]</span> <span class='ocrx_word' id='word_1_3' title='bbox 724 225 868 256; x_wconf 81' lang='lat' dir='ltr'>LIBER</span> <span class='ocrx_word' id='word_1_4' title='bbox 900 225 1096 257; x_wconf 80' lang='lat' dir='ltr'>PRIMUS.</span> 
     </span>
    </p>
   </div>
   <div class='ocr_carea' id='block_1_2' title="bbox 125 336 1574 2792">
    <p class='ocr_par' dir='ltr' id='par_1_2' title="bbox 125 336 1574 601">
     <span class='ocr_line' id='line_1_2' title="bbox 125 336 1573 389; baseline -0.001 -14"><span class='ocrx_word' id='word_1_5' title='bbox 125 343 222 385; x_wconf 86' lang='lat' dir='ltr'>24B]</span> <span class='ocrx_word' id='word_1_6' title='bbox 241 339 390 377; x_wconf 87' lang='lat' dir='ltr'>ducitur</span> <span class='ocrx_word' id='word_1_7' title='bbox 408 339 468 376; x_wconf 92' lang='lat' dir='ltr'>ille</span> <span class='ocrx_word' id='word_1_8' title='bbox 489 345 616 377; x_wconf 91' lang='lat' dir='ltr'>motus</span> <span class='ocrx_word' id='word_1_9' title='bbox 629 351 638 385; x_wconf 86' lang='lat'>;</span> <span class='ocrx_word' id='word_1_10' title='bbox 674 352 754 378; x_wconf 90' lang='lat' dir='ltr'>non</span> <span class='ocrx_word' id='word_1_11' title='bbox 776 340 830 378; x_wconf 90' lang='lat' dir='ltr'>sic</span> <span class='ocrx_word' id='word_1_12' title='bbox 855 339 1104 389; x_wconf 88' lang='lat' dir='ltr'>intelligendo</span> <span class='ocrx_word' id='word_1_13' title='bbox 1130 338 1237 389; x_wconf 90' lang='lat' dir='ltr'>quod</span> <span class='ocrx_word' id='word_1_14' title='bbox 1260 339 1330 376; x_wconf 87' lang='lat' dir='ltr'>iste</span> <span class='ocrx_word' id='word_1_15' title='bbox 1363 343 1491 377; x_wconf 86' lang='lat' dir='ltr'>motus</span> <span class='ocrx_word' id='word_1_16' title='bbox 1514 336 1573 374; x_wconf 90' lang='lat' dir='ltr'>vel</span> 
     </span>
     <span class='ocr_line' id='line_1_3' title="bbox 240 409 1574 459; baseline -0.001 -13"><span class='ocrx_word' id='word_1_17' title='bbox 240 409 340 447; x_wconf 88' lang='lat' dir='ltr'>aliud</span> <span class='ocrx_word' id='word_1_18' title='bbox 356 410 537 448; x_wconf 88' lang='lat' dir='ltr'>accidens</span> <span class='ocrx_word' id='word_1_19' title='bbox 558 410 719 459; x_wconf 88' lang='lat' dir='ltr'>produci</span> <span class='ocrx_word' id='word_1_20' title='bbox 738 410 860 459; x_wconf 83' lang='lat' dir='ltr'>possit</span> <span class='ocrx_word' id='word_1_21' title='bbox 879 411 918 447; x_wconf 93' lang='lat' dir='ltr'>in</span> <span class='ocrx_word' id='word_1_22' title='bbox 939 422 1009 448; x_wconf 89' lang='lat' dir='ltr'>suo</span> <span class='ocrx_word' id='word_1_23' title='bbox 1029 410 1226 447; x_wconf 88' lang='lat' dir='ltr'>individuo</span> <span class='ocrx_word' id='word_1_24' title='bbox 1247 409 1329 448; x_wconf 86' lang='lat' dir='ltr'>sine</span> <span class='ocrx_word' id='word_1_25' title='bbox 1346 409 1516 446; x_wconf 87' lang='lat' dir='ltr'>subiecto</span> <span class='ocrx_word' id='word_1_26' title='bbox 1536 414 1574 445; x_wconf 90' lang='lat' dir='ltr'>et</span> 
     </span>
     <span class='ocr_line' id='line_1_4' title="bbox 239 478 1573 529; baseline -0.002 -11"><span class='ocrx_word' id='word_1_27' title='bbox 239 480 427 518; x_wconf 88' lang='lat' dir='ltr'>efficiente</span> <span class='ocrx_word' id='word_1_28' title='bbox 466 486 621 518; x_wconf 88' lang='lat' dir='ltr'>causato</span> <span class='ocrx_word' id='word_1_29' title='bbox 660 481 900 518; x_wconf 84' lang='lat' dir='ltr'><strong>materialiter</strong></span> <span class='ocrx_word' id='word_1_30' title='bbox 930 487 1202 527; x_wconf 88' lang='lat' dir='ltr'>concausante,</span> <span class='ocrx_word' id='word_1_31' title='bbox 1234 479 1301 517; x_wconf 87' lang='lat' dir='ltr'>sed</span> <span class='ocrx_word' id='word_1_32' title='bbox 1335 479 1440 529; x_wconf 90' lang='lat' dir='ltr'>quod</span> <span class='ocrx_word' id='word_1_33' title='bbox 1469 478 1573 528; x_wconf 91' lang='lat' dir='ltr'>prin-</span> 
     </span>
     <span class='ocr_line' id='line_1_5' title="bbox 240 551 1573 601; baseline -0.001 -13"><span class='ocrx_word' id='word_1_34' title='bbox 240 551 347 600; x_wconf 90' lang='lat' dir='ltr'>cipia,</span> <span class='ocrx_word' id='word_1_35' title='bbox 378 562 452 599; x_wconf 91' lang='lat' dir='ltr'>que</span> <span class='ocrx_word' id='word_1_36' title='bbox 491 557 579 588; x_wconf 91' lang='lat' dir='ltr'>sunt</span> <span class='ocrx_word' id='word_1_37' title='bbox 619 551 876 589; x_wconf 90' lang='lat' dir='ltr'>essencialiter</span> <span class='ocrx_word' id='word_1_38' title='bbox 919 552 979 589; x_wconf 91' lang='lat' dir='ltr'>ille</span> <span class='ocrx_word' id='word_1_39' title='bbox 1022 557 1162 598; x_wconf 86' lang='lat' dir='ltr'>motus,</span> <span class='ocrx_word' id='word_1_40' title='bbox 1197 551 1462 601; x_wconf 89' lang='lat' dir='ltr'>producuntur</span> <span class='ocrx_word' id='word_1_41' title='bbox 1502 561 1573 599; x_wconf 92' lang='lat' dir='ltr'>pro</span> 
     </span>
    </p>

    <p class='ocr_par' dir='ltr' id='par_1_3' title="bbox 208 621 1574 812">
     <span class='ocr_line' id='line_1_6' title="bbox 208 621 1573 668; baseline -0.001 -10"><span class='ocrx_word' id='word_1_42' title='bbox 208 633 226 665; x_wconf 88' lang='lat'>5</span> <span class='ocrx_word' id='word_1_43' title='bbox 242 634 310 659; x_wconf 91' lang='lat' dir='ltr'>sua</span> <span class='ocrx_word' id='word_1_44' title='bbox 338 634 519 660; x_wconf 87' lang='lat' dir='ltr'>mensura</span> <span class='ocrx_word' id='word_1_45' title='bbox 553 622 634 659; x_wconf 90' lang='lat' dir='ltr'>sine</span> <span class='ocrx_word' id='word_1_46' title='bbox 674 623 956 660; x_wconf 90' lang='lat' dir='ltr'>concausancia</span> <span class='ocrx_word' id='word_1_47' title='bbox 996 629 1176 660; x_wconf 83' lang='lat' dir='ltr'>creature.</span> <span class='ocrx_word' id='word_1_48' title='bbox 1234 621 1405 668; x_wconf 84' lang='lat' dir='ltr'>Quando</span> <span class='ocrx_word' id='word_1_49' title='bbox 1444 626 1573 658; x_wconf 92' lang='lat' dir='ltr'>autem</span> 
     </span>
     <span class='ocr_line' id='line_1_7' title="bbox 241 691 1573 742; baseline -0.002 -12"><span class='ocrx_word' id='word_1_50' title='bbox 241 704 357 730; x_wconf 89' lang='lat' dir='ltr'>causa</span> <span class='ocrx_word' id='word_1_51' title='bbox 387 692 558 730; x_wconf 85' lang='lat' dir='ltr'>secunda</span> <span class='ocrx_word' id='word_1_52' title='bbox 594 693 931 731; x_wconf 85' lang='lat' dir='ltr'>instrumentaliter</span> <span class='ocrx_word' id='word_1_53' title='bbox 969 693 1046 741; x_wconf 87' lang='lat' dir='ltr'>agit</span> <span class='ocrx_word' id='word_1_54' title='bbox 1085 693 1282 742; x_wconf 86' lang='lat' dir='ltr'>quidquid,</span> <span class='ocrx_word' id='word_1_55' title='bbox 1313 698 1404 730; x_wconf 90' lang='lat' dir='ltr'>tunc</span> <span class='ocrx_word' id='word_1_56' title='bbox 1435 691 1573 729; x_wconf 90' lang='lat' dir='ltr'>eadem</span> 
     </span>
     <span class='ocr_line' id='line_1_8' title="bbox 240 762 1574 812; baseline 0 -13"><span class='ocrx_word' id='word_1_57' title='bbox 240 763 398 800; x_wconf 88' lang='lat' dir='ltr'>accione</span> <span class='ocrx_word' id='word_1_58' title='bbox 419 764 458 799; x_wconf 92' lang='lat' dir='ltr'>in</span> <span class='ocrx_word' id='word_1_59' title='bbox 478 775 639 801; x_wconf 90' lang='lat' dir='ltr'>numero</span> <span class='ocrx_word' id='word_1_60' title='bbox 658 763 995 801; x_wconf 86' lang='lat' dir='ltr'>instrumentaliter</span> <span class='ocrx_word' id='word_1_61' title='bbox 1012 763 1089 812; x_wconf 88' lang='lat' dir='ltr'>agit</span> <span class='ocrx_word' id='word_1_62' title='bbox 1110 763 1217 801; x_wconf 89' lang='lat' dir='ltr'>Deus</span> <span class='ocrx_word' id='word_1_63' title='bbox 1233 763 1330 800; x_wconf 86' lang='lat' dir='ltr'>sicut</span> <span class='ocrx_word' id='word_1_64' title='bbox 1349 769 1386 801; x_wconf 92' lang='lat' dir='ltr'>et</span> <span class='ocrx_word' id='word_1_65' title='bbox 1405 762 1574 812; x_wconf 89' lang='lat' dir='ltr'>quelibet</span> 
     </span>
    </p>

    <p class='ocr_par' dir='ltr' id='par_1_4' title="bbox 183 832 1574 2792">
     <span class='ocr_line' id='line_1_9' title="bbox 198 832 1572 883; baseline -0.001 -12"><span class='ocrx_word' id='word_1_66' title='bbox 198 842 226 871; x_wconf 82' lang='lat' dir='ltr'>G</span> <span class='ocrx_word' id='word_1_67' title='bbox 242 832 260 853; x_wconf 76' lang='lat'>&#39;¹‘</span> <span class='ocrx_word' id='word_1_68' title='bbox 285 845 401 871; x_wconf 90' lang='lat' dir='ltr'>causa</span> <span class='ocrx_word' id='word_1_69' title='bbox 425 833 595 871; x_wconf 87' lang='lat' dir='ltr'>secunda</span> <span class='ocrx_word' id='word_1_70' title='bbox 619 834 814 883; x_wconf 75' lang='lat' dir='ltr'>superior5</span> <span class='ocrx_word' id='word_1_71' title='bbox 839 847 910 872; x_wconf 90' lang='lat' dir='ltr'>nec</span> <span class='ocrx_word' id='word_1_72' title='bbox 942 834 1004 871; x_wconf 90' lang='lat' dir='ltr'>illa</span> <span class='ocrx_word' id='word_1_73' title='bbox 1030 834 1190 872; x_wconf 90' lang='lat' dir='ltr'>accione</span> <span class='ocrx_word' id='word_1_74' title='bbox 1225 840 1376 871; x_wconf 90' lang='lat' dir='ltr'>creatur</span> <span class='ocrx_word' id='word_1_75' title='bbox 1401 833 1572 879; x_wconf 87' lang='lat' dir='ltr'>effectus,</span> 
     </span>
     <span class='ocr_line' id='line_1_10' title="bbox 240 903 1572 953; baseline -0.001 -12"><span class='ocrx_word' id='word_1_76' title='bbox 240 904 306 941; x_wconf 89' lang='lat' dir='ltr'>sed</span> <span class='ocrx_word' id='word_1_77' title='bbox 327 903 486 952; x_wconf 87' lang='lat' dir='ltr'>agencia</span> <span class='ocrx_word' id='word_1_78' title='bbox 511 904 705 953; x_wconf 83' lang='lat' dir='ltr'>superiori,</span> <span class='ocrx_word' id='word_1_79' title='bbox 727 904 831 953; x_wconf 87' lang='lat' dir='ltr'>prius</span> <span class='ocrx_word' id='word_1_80' title='bbox 851 910 1025 953; x_wconf 89' lang='lat' dir='ltr'>tempore</span> <span class='ocrx_word' id='word_1_81' title='bbox 1046 905 1105 941; x_wconf 90' lang='lat' dir='ltr'>vel</span> <span class='ocrx_word' id='word_1_82' title='bbox 1125 910 1272 942; x_wconf 90' lang='lat' dir='ltr'>natura.</span> <span class='ocrx_word' id='word_1_83' title='bbox 1332 904 1437 942; x_wconf 87' lang='lat' dir='ltr'>Sicut</span> <span class='ocrx_word' id='word_1_84' title='bbox 1457 904 1572 950; x_wconf 86' lang='lat' dir='ltr'>enim,</span> 
     </span>
     <span class='ocr_line' id='line_1_11' title="bbox 187 974 1573 1024; baseline 0.001 -14"><span class='ocrx_word' id='word_1_85' title='bbox 187 988 226 1009; x_wconf 94' lang='lat'>10</span> <span class='ocrx_word' id='word_1_86' title='bbox 239 974 440 1023; x_wconf 87' lang='lat' dir='ltr'>agentibus</span> <span class='ocrx_word' id='word_1_87' title='bbox 466 987 514 1011; x_wconf 85' lang='lat' dir='ltr'>ex</span> <span class='ocrx_word' id='word_1_88' title='bbox 538 987 640 1024; x_wconf 91' lang='lat' dir='ltr'>equo</span> <span class='ocrx_word' id='word_1_89' title='bbox 668 975 996 1021; x_wconf 86' lang='lat' dir='ltr'>concurrentibus,</span> <span class='ocrx_word' id='word_1_90' title='bbox 1018 975 1214 1024; x_wconf 90' lang='lat' dir='ltr'>quodlibet</span> <span class='ocrx_word' id='word_1_91' title='bbox 1240 975 1355 1013; x_wconf 87' lang='lat' dir='ltr'>habet</span> <span class='ocrx_word' id='word_1_92' title='bbox 1377 975 1573 1024; x_wconf 90' lang='lat' dir='ltr'>propriam</span> 
     </span>
     <span class='ocr_line' id='line_1_12' title="bbox 239 1045 1572 1095; baseline 0.001 -13"><span class='ocrx_word' id='word_1_93' title='bbox 239 1045 442 1094; x_wconf 86' lang='lat' dir='ltr'>agenciam</span> <span class='ocrx_word' id='word_1_94' title='bbox 463 1052 500 1082; x_wconf 93' lang='lat' dir='ltr'>et</span> <span class='ocrx_word' id='word_1_95' title='bbox 521 1058 569 1083; x_wconf 87' lang='lat' dir='ltr'>ex</span> <span class='ocrx_word' id='word_1_96' title='bbox 592 1046 772 1082; x_wconf 90' lang='lat' dir='ltr'>omnibus</span> <span class='ocrx_word' id='word_1_97' title='bbox 794 1045 865 1082; x_wconf 91' lang='lat' dir='ltr'>illis</span> <span class='ocrx_word' id='word_1_98' title='bbox 888 1051 945 1083; x_wconf 89' lang='lat' dir='ltr'>est</span> <span class='ocrx_word' id='word_1_99' title='bbox 969 1057 1046 1082; x_wconf 89' lang='lat' dir='ltr'>una</span> <span class='ocrx_word' id='word_1_100' title='bbox 1066 1052 1277 1095; x_wconf 89' lang='lat' dir='ltr'>aggregata</span> <span class='ocrx_word' id='word_1_101' title='bbox 1297 1046 1458 1095; x_wconf 90' lang='lat' dir='ltr'>agencia</span> <span class='ocrx_word' id='word_1_102' title='bbox 1484 1058 1572 1095; x_wconf 88' lang='lat' dir='ltr'>pas-</span> 
     </span>
     <span class='ocr_line' id='line_1_13' title="bbox 239 1115 1572 1166; baseline 0 -14"><span class='ocrx_word' id='word_1_103' title='bbox 239 1115 335 1153; x_wconf 92' lang='lat' dir='ltr'>sioni</span> <span class='ocrx_word' id='word_1_104' title='bbox 350 1115 409 1152; x_wconf 92' lang='lat' dir='ltr'>vel</span> <span class='ocrx_word' id='word_1_105' title='bbox 428 1116 551 1153; x_wconf 90' lang='lat' dir='ltr'>motui</span> <span class='ocrx_word' id='word_1_106' title='bbox 572 1116 884 1166; x_wconf 90' lang='lat' dir='ltr'>correspondens</span> <span class='ocrx_word' id='word_1_107' title='bbox 899 1129 910 1163; x_wconf 79' lang='lat'><em>3</em></span> <span class='ocrx_word' id='word_1_108' title='bbox 941 1116 995 1153; x_wconf 91' lang='lat' dir='ltr'>sic</span> <span class='ocrx_word' id='word_1_109' title='bbox 1011 1116 1140 1153; x_wconf 84' lang='lat' dir='ltr'>multis</span> <span class='ocrx_word' id='word_1_110' title='bbox 1160 1117 1362 1165; x_wconf 83' lang='lat' dir='ltr'>agentibus</span> <span class='ocrx_word' id='word_1_111' title='bbox 1383 1117 1572 1166; x_wconf 84' lang='lat' dir='ltr'>gradatim</span> 
     </span>
     <span class='ocr_line' id='line_1_14' title="bbox 238 1186 1574 1236; baseline 0.001 -13"><span class='ocrx_word' id='word_1_112' title='bbox 238 1186 278 1223; x_wconf 91' lang='lat' dir='ltr'>in</span> <span class='ocrx_word' id='word_1_113' title='bbox 316 1192 461 1232; x_wconf 90' lang='lat' dir='ltr'>natura,</span> <span class='ocrx_word' id='word_1_114' title='bbox 501 1186 569 1224; x_wconf 92' lang='lat' dir='ltr'>sed</span> <span class='ocrx_word' id='word_1_115' title='bbox 612 1187 874 1236; x_wconf 87' lang='lat' dir='ltr'>temporaliter</span> <span class='ocrx_word' id='word_1_116' title='bbox 922 1187 1185 1236; x_wconf 83' lang='lat' dir='ltr'>coagentibus‚</span> <span class='ocrx_word' id='word_1_117' title='bbox 1225 1187 1352 1224; x_wconf 89' lang='lat' dir='ltr'>omnis</span> <span class='ocrx_word' id='word_1_118' title='bbox 1389 1186 1574 1224; x_wconf 86' lang='lat' dir='ltr'>inferioris</span> 
     </span>
     <span class='ocr_line' id='line_1_15' title="bbox 239 1257 1573 1307; baseline 0 -13"><span class='ocrx_word' id='word_1_119' title='bbox 239 1257 399 1306; x_wconf 83' lang='lat' dir='ltr'>agencia</span> <span class='ocrx_word' id='word_1_120' title='bbox 438 1257 744 1295; x_wconf 88' lang='lat' dir='ltr'>communicatur</span> <span class='ocrx_word' id='word_1_121' title='bbox 792 1258 987 1307; x_wconf 85' lang='lat' dir='ltr'>superiori.</span> <span class='ocrx_word' id='word_1_122' title='bbox 1061 1257 1112 1294; x_wconf 92' lang='lat' dir='ltr'>Et</span> <span class='ocrx_word' id='word_1_123' title='bbox 1159 1264 1286 1307; x_wconf 91' lang='lat' dir='ltr'>preter</span> <span class='ocrx_word' id='word_1_124' title='bbox 1332 1258 1407 1295; x_wconf 94' lang='lat' dir='ltr'>hoc</span> <span class='ocrx_word' id='word_1_125' title='bbox 1455 1270 1573 1295; x_wconf 92' lang='lat' dir='ltr'>omne</span> 
     </span>
     <span class='ocr_line' id='line_1_16' title="bbox 187 1327 1572 1377; baseline -0.001 -10"><span class='ocrx_word' id='word_1_126' title='bbox 187 1335 224 1367; x_wconf 88' lang='lat'>15</span> <span class='ocrx_word' id='word_1_127' title='bbox 240 1327 410 1376; x_wconf 86' lang='lat' dir='ltr'>superius</span> <span class='ocrx_word' id='word_1_128' title='bbox 449 1327 564 1365; x_wconf 88' lang='lat' dir='ltr'>habet</span> <span class='ocrx_word' id='word_1_129' title='bbox 601 1328 796 1376; x_wconf 89' lang='lat' dir='ltr'>propriam</span> <span class='ocrx_word' id='word_1_130' title='bbox 835 1328 1037 1376; x_wconf 87' lang='lat' dir='ltr'>agenciam</span> <span class='ocrx_word' id='word_1_131' title='bbox 1076 1340 1154 1377; x_wconf 89' lang='lat' dir='ltr'>qua</span> <span class='ocrx_word' id='word_1_132' title='bbox 1191 1334 1320 1366; x_wconf 91' lang='lat' dir='ltr'>movet</span> <span class='ocrx_word' id='word_1_133' title='bbox 1352 1329 1572 1377; x_wconf 84' lang='lat' dir='ltr'>proximum</span> 
     </span>
     <span class='ocr_line' id='line_1_17' title="bbox 239 1398 1572 1448; baseline 0.002 -14"><span class='ocrx_word' id='word_1_134' title='bbox 239 1398 433 1435; x_wconf 87' lang='lat' dir='ltr'>subditum</span> <span class='ocrx_word' id='word_1_135' title='bbox 452 1398 491 1434; x_wconf 92' lang='lat' dir='ltr'>in</span> <span class='ocrx_word' id='word_1_136' title='bbox 512 1404 670 1444; x_wconf 87' lang='lat' dir='ltr'>natura;</span> <span class='ocrx_word' id='word_1_137' title='bbox 700 1405 752 1444; x_wconf 90' lang='lat' dir='ltr'>ut,</span> <span class='ocrx_word' id='word_1_138' title='bbox 770 1399 935 1447; x_wconf 84' lang='lat' dir='ltr'>exempli</span> <span class='ocrx_word' id='word_1_139' title='bbox 955 1399 1096 1448; x_wconf 89' lang='lat' dir='ltr'>gracia,</span> <span class='ocrx_word' id='word_1_140' title='bbox 1109 1398 1217 1436; x_wconf 89' lang='lat' dir='ltr'>Deus</span> <span class='ocrx_word' id='word_1_141' title='bbox 1239 1410 1418 1448; x_wconf 90' lang='lat' dir='ltr'>suprema</span> <span class='ocrx_word' id='word_1_142' title='bbox 1437 1399 1572 1436; x_wconf 91' lang='lat' dir='ltr'>intelli-</span> 
     </span>
     <span class='ocr_line' id='line_1_18' title="bbox 238 1469 1569 1518; baseline 0.001 -12"><span class='ocrx_word' id='word_1_143' title='bbox 238 1469 376 1517; x_wconf 88' lang='lat' dir='ltr'>gencia</span> <span class='ocrx_word' id='word_1_144' title='bbox 404 1475 442 1506; x_wconf 90' lang='lat' dir='ltr'>et</span> <span class='ocrx_word' id='word_1_145' title='bbox 470 1469 573 1506; x_wconf 84' lang='lat' dir='ltr'>orbis</span> <span class='ocrx_word' id='word_1_146' title='bbox 612 1476 769 1507; x_wconf 90' lang='lat' dir='ltr'>movent</span> <span class='ocrx_word' id='word_1_147' title='bbox 797 1469 836 1505; x_wconf 89' lang='lat' dir='ltr'>in</span> <span class='ocrx_word' id='word_1_148' title='bbox 865 1481 952 1507; x_wconf 90' lang='lat' dir='ltr'>vere</span> <span class='ocrx_word' id='word_1_149' title='bbox 981 1470 1144 1506; x_wconf 89' lang='lat' dir='ltr'>bestiam</span> <span class='ocrx_word' id='word_1_150' title='bbox 1174 1469 1223 1507; x_wconf 89' lang='lat' dir='ltr'>ad</span> <span class='ocrx_word' id='word_1_151' title='bbox 1261 1470 1569 1518; x_wconf 89' lang='lat' dir='ltr'>prolificandum.</span> 
     </span>
     <span class='ocr_line' id='line_1_19' title="bbox 238 1538 1572 1589; baseline 0.001 -13"><span class='ocrx_word' id='word_1_152' title='bbox 238 1538 353 1576; x_wconf 89' lang='lat' dir='ltr'>Tunc</span> <span class='ocrx_word' id='word_1_153' title='bbox 380 1538 486 1576; x_wconf 87' lang='lat' dir='ltr'>Deus</span> <span class='ocrx_word' id='word_1_154' title='bbox 517 1539 632 1577; x_wconf 89' lang='lat' dir='ltr'>habet</span> <span class='ocrx_word' id='word_1_155' title='bbox 656 1540 850 1589; x_wconf 83' lang='lat' dir='ltr'>propriam</span> <span class='ocrx_word' id='word_1_156' title='bbox 877 1540 1080 1588; x_wconf 87' lang='lat' dir='ltr'>agenciam</span> <span class='ocrx_word' id='word_1_157' title='bbox 1111 1540 1187 1577; x_wconf 89' lang='lat' dir='ltr'>sive</span> <span class='ocrx_word' id='word_1_158' title='bbox 1216 1540 1472 1586; x_wconf 85' lang='lat' dir='ltr'>movenciam,</span> <span class='ocrx_word' id='word_1_159' title='bbox 1495 1553 1572 1589; x_wconf 88' lang='lat' dir='ltr'>qua</span> 
     </span>
     <span class='ocr_line' id='line_1_20' title="bbox 237 1610 1571 1660; baseline 0.001 -14"><span class='ocrx_word' id='word_1_160' title='bbox 237 1616 365 1648; x_wconf 88' lang='lat' dir='ltr'>movet</span> <span class='ocrx_word' id='word_1_161' title='bbox 396 1610 562 1659; x_wconf 88' lang='lat' dir='ltr'>primum</span> <span class='ocrx_word' id='word_1_162' title='bbox 593 1610 773 1660; x_wconf 86' lang='lat' dir='ltr'>angelum</span> <span class='ocrx_word' id='word_1_163' title='bbox 803 1610 884 1647; x_wconf 88' lang='lat' dir='ltr'>sine</span> <span class='ocrx_word' id='word_1_164' title='bbox 914 1610 987 1648; x_wconf 88' lang='lat' dir='ltr'>alio</span> <span class='ocrx_word' id='word_1_165' title='bbox 1018 1617 1297 1657; x_wconf 86' lang='lat' dir='ltr'>conmovente;</span> <span class='ocrx_word' id='word_1_166' title='bbox 1327 1611 1367 1648; x_wconf 91' lang='lat' dir='ltr'>in</span> <span class='ocrx_word' id='word_1_167' title='bbox 1398 1611 1571 1649; x_wconf 89' lang='lat' dir='ltr'>secunda</span> 
     </span>
     <span class='ocr_line' id='line_1_21' title="bbox 184 1680 1571 1730; baseline 0.004 -16"><span class='ocrx_word' id='word_1_168' title='bbox 184 1690 225 1713; x_wconf 89' lang='lat'>20</span> <span class='ocrx_word' id='word_1_169' title='bbox 239 1680 400 1729; x_wconf 87' lang='lat' dir='ltr'>agencia</span> <span class='ocrx_word' id='word_1_170' title='bbox 453 1681 714 1718; x_wconf 88' lang='lat' dir='ltr'>communicat</span> <span class='ocrx_word' id='word_1_171' title='bbox 770 1693 860 1718; x_wconf 92' lang='lat' dir='ltr'>cum</span> <span class='ocrx_word' id='word_1_172' title='bbox 918 1681 1057 1730; x_wconf 89' lang='lat' dir='ltr'>angelo</span> <span class='ocrx_word' id='word_1_173' title='bbox 1070 1694 1080 1727; x_wconf 78' lang='lat'><em>3</em></span> <span class='ocrx_word' id='word_1_174' title='bbox 1142 1688 1180 1718; x_wconf 93' lang='lat' dir='ltr'>et</span> <span class='ocrx_word' id='word_1_175' title='bbox 1226 1682 1266 1717; x_wconf 90' lang='lat' dir='ltr'>in</span> <span class='ocrx_word' id='word_1_176' title='bbox 1314 1682 1432 1719; x_wconf 90' lang='lat' dir='ltr'>tercia</span> <span class='ocrx_word' id='word_1_177' title='bbox 1480 1693 1571 1719; x_wconf 90' lang='lat' dir='ltr'>cum</span> 
     </span>
     <span class='ocr_line' id='line_1_22' title="bbox 237 1750 1572 1801; baseline 0.001 -13"><span class='ocrx_word' id='word_1_178' title='bbox 237 1751 375 1799; x_wconf 84' lang='lat' dir='ltr'>angelo</span> <span class='ocrx_word' id='word_1_179' title='bbox 405 1756 441 1788; x_wconf 91' lang='lat' dir='ltr'>et</span> <span class='ocrx_word' id='word_1_180' title='bbox 470 1763 558 1788; x_wconf 90' lang='lat' dir='ltr'>cum</span> <span class='ocrx_word' id='word_1_181' title='bbox 578 1752 682 1789; x_wconf 90' lang='lat' dir='ltr'>orbe.</span> <span class='ocrx_word' id='word_1_182' title='bbox 739 1750 840 1789; x_wconf 90' lang='lat' dir='ltr'>Cum</span> <span class='ocrx_word' id='word_1_183' title='bbox 868 1752 972 1789; x_wconf 90' lang='lat' dir='ltr'>enim</span> <span class='ocrx_word' id='word_1_184' title='bbox 1000 1751 1126 1789; x_wconf 88' lang='lat' dir='ltr'>omnis</span> <span class='ocrx_word' id='word_1_185' title='bbox 1151 1758 1324 1789; x_wconf 89' lang='lat' dir='ltr'>creatura</span> <span class='ocrx_word' id='word_1_186' title='bbox 1348 1752 1388 1789; x_wconf 91' lang='lat' dir='ltr'>in</span> <span class='ocrx_word' id='word_1_187' title='bbox 1417 1752 1572 1801; x_wconf 86' lang='lat' dir='ltr'>agendo</span> 
     </span>
     <span class='ocr_line' id='line_1_23' title="bbox 237 1821 1565 1871; baseline 0.002 -14"><span class='ocrx_word' id='word_1_188' title='bbox 237 1821 414 1871; x_wconf 89' lang='lat' dir='ltr'>producit</span> <span class='ocrx_word' id='word_1_189' title='bbox 444 1821 652 1870; x_wconf 91' lang='lat' dir='ltr'>positivum</span> <span class='ocrx_word' id='word_1_190' title='bbox 683 1822 876 1869; x_wconf 86' lang='lat' dir='ltr'>effectum,</span> <span class='ocrx_word' id='word_1_191' title='bbox 898 1829 935 1859; x_wconf 92' lang='lat' dir='ltr'>et</span> <span class='ocrx_word' id='word_1_192' title='bbox 965 1835 1033 1871; x_wconf 91' lang='lat' dir='ltr'>per</span> <span class='ocrx_word' id='word_1_193' title='bbox 1062 1834 1306 1871; x_wconf 86' lang='lat' dir='ltr'>consequens</span> <span class='ocrx_word' id='word_1_194' title='bbox 1337 1830 1565 1868; x_wconf 89' lang='lat' dir='ltr'>creaturam,</span> 
     </span>
     <span class='ocr_line' id='line_1_24' title="bbox 236 1891 1566 1943; baseline 0.002 -13"><span class='ocrx_word' id='word_1_195' title='bbox 236 1898 388 1941; x_wconf 87' lang='lat' dir='ltr'>oportet</span> <span class='ocrx_word' id='word_1_196' title='bbox 403 1891 508 1941; x_wconf 92' lang='lat' dir='ltr'>quod</span> <span class='ocrx_word' id='word_1_197' title='bbox 520 1891 627 1930; x_wconf 86' lang='lat' dir='ltr'>Deus</span> <span class='ocrx_word' id='word_1_198' title='bbox 647 1900 864 1939; x_wconf 80' lang='lat' dir='ltr'>concurrat,</span> <span class='ocrx_word' id='word_1_199' title='bbox 877 1899 988 1930; x_wconf 89' lang='lat' dir='ltr'>utens</span> <span class='ocrx_word' id='word_1_200' title='bbox 1001 1905 1047 1930; x_wconf 90' lang='lat' dir='ltr'>ea</span> <span class='ocrx_word' id='word_1_201' title='bbox 1067 1894 1106 1929; x_wconf 91' lang='lat' dir='ltr'>in</span> <span class='ocrx_word' id='word_1_202' title='bbox 1122 1894 1279 1943; x_wconf 92' lang='lat' dir='ltr'>proprio</span> <span class='ocrx_word' id='word_1_203' title='bbox 1298 1894 1566 1932; x_wconf 89' lang='lat' dir='ltr'>instrumento.</span> 
     </span>
     <span class='ocr_line' id='line_1_25' title="bbox 237 1962 1570 2012; baseline 0.002 -12"><span class='ocrx_word' id='word_1_204' title='bbox 237 1962 334 2000; x_wconf 91' lang='lat' dir='ltr'>Ideo</span> <span class='ocrx_word' id='word_1_205' title='bbox 347 1974 432 1999; x_wconf 91' lang='lat' dir='ltr'>vere</span> <span class='ocrx_word' id='word_1_206' title='bbox 446 1962 536 2000; x_wconf 85' lang='lat' dir='ltr'>dicit</span> <span class='ocrx_word' id='word_1_207' title='bbox 548 1962 772 2001; x_wconf 83' lang='lat' dir='ltr'>Aristoteles</span> <span class='ocrx_word' id='word_1_208' title='bbox 793 1964 831 2000; x_wconf 91' lang='lat' dir='ltr'>in</span> <span class='ocrx_word' id='word_1_209' title='bbox 846 1963 908 2001; x_wconf 88' lang='lat' dir='ltr'>De</span> <span class='ocrx_word' id='word_1_210' title='bbox 924 1962 1078 2001; x_wconf 89' lang='lat' dir='ltr'>Mundo</span> <span class='ocrx_word' id='word_1_211' title='bbox 1091 1964 1196 2012; x_wconf 90' lang='lat' dir='ltr'>quod</span> <span class='ocrx_word' id='word_1_212' title='bbox 1213 1963 1321 2001; x_wconf 92' lang='lat' dir='ltr'>Deus</span> <span class='ocrx_word' id='word_1_213' title='bbox 1342 1971 1398 2002; x_wconf 87' lang='lat' dir='ltr'>est</span> <span class='ocrx_word' id='word_1_214' title='bbox 1415 1964 1570 2002; x_wconf 87' lang='lat' dir='ltr'>coraula</span> 
     </span>
     <span class='ocr_line' id='line_1_26' title="bbox 183 2031 1568 2084; baseline 0.002 -16"><span class='ocrx_word' id='word_1_215' title='bbox 183 2044 223 2077; x_wconf 88' lang='lat'>25</span> <span class='ocrx_word' id='word_1_216' title='bbox 239 2033 277 2069; x_wconf 93' lang='lat' dir='ltr'>in</span> <span class='ocrx_word' id='word_1_217' title='bbox 303 2031 472 2082; x_wconf 91' lang='lat' dir='ltr'>quolibet</span> <span class='ocrx_word' id='word_1_218' title='bbox 495 2034 629 2071; x_wconf 91' lang='lat' dir='ltr'>ordine</span> <span class='ocrx_word' id='word_1_219' title='bbox 652 2041 780 2071; x_wconf 87' lang='lat' dir='ltr'>motus</span> <span class='ocrx_word' id='word_1_220' title='bbox 801 2040 837 2072; x_wconf 91' lang='lat' dir='ltr'>et</span> <span class='ocrx_word' id='word_1_221' title='bbox 858 2034 1069 2084; x_wconf 90' lang='lat' dir='ltr'>specialiter</span> <span class='ocrx_word' id='word_1_222' title='bbox 1097 2035 1137 2071; x_wconf 91' lang='lat' dir='ltr'>in</span> <span class='ocrx_word' id='word_1_223' title='bbox 1166 2035 1302 2072; x_wconf 91' lang='lat' dir='ltr'>ordine</span> <span class='ocrx_word' id='word_1_224' title='bbox 1329 2042 1458 2073; x_wconf 89' lang='lat' dir='ltr'>motus</span> <span class='ocrx_word' id='word_1_225' title='bbox 1483 2035 1568 2080; x_wconf 86' lang='lat' dir='ltr'>celi,</span> 
     </span>
     <span class='ocr_line' id='line_1_27' title="bbox 237 2103 1569 2155; baseline 0.003 -15"><span class='ocrx_word' id='word_1_226' title='bbox 237 2115 326 2140; x_wconf 90' lang='lat' dir='ltr'>cum</span> <span class='ocrx_word' id='word_1_227' title='bbox 341 2103 444 2140; x_wconf 90' lang='lat' dir='ltr'>ducit</span> <span class='ocrx_word' id='word_1_228' title='bbox 458 2116 612 2142; x_wconf 91' lang='lat' dir='ltr'>coream</span> <span class='ocrx_word' id='word_1_229' title='bbox 625 2116 788 2142; x_wconf 91' lang='lat' dir='ltr'>manens</span> <span class='ocrx_word' id='word_1_230' title='bbox 802 2104 1227 2142; x_wconf 89' lang='lat' dir='ltr'>eternaliterimmobilis</span> <span class='ocrx_word' id='word_1_231' title='bbox 1241 2106 1280 2142; x_wconf 94' lang='lat' dir='ltr'>in</span> <span class='ocrx_word' id='word_1_232' title='bbox 1294 2118 1333 2143; x_wconf 89' lang='lat' dir='ltr'>se</span> <span class='ocrx_word' id='word_1_233' title='bbox 1347 2106 1443 2155; x_wconf 91' lang='lat' dir='ltr'>ipso.</span> <span class='ocrx_word' id='word_1_234' title='bbox 1483 2106 1569 2144; x_wconf 90' lang='lat' dir='ltr'>Nec</span> 
     </span>
     <span class='ocr_line' id='line_1_28' title="bbox 242 2174 1569 2224; baseline 0.003 -13"><span class='ocrx_word' id='word_1_235' title='bbox 242 2174 467 2212; x_wconf 89' lang='lat' dir='ltr'>denominat</span> <span class='ocrx_word' id='word_1_236' title='bbox 479 2175 640 2224; x_wconf 86' lang='lat' dir='ltr'>agencia</span> <span class='ocrx_word' id='word_1_237' title='bbox 659 2181 829 2212; x_wconf 87' lang='lat' dir='ltr'>creature</span> <span class='ocrx_word' id='word_1_238' title='bbox 850 2175 1056 2213; x_wconf 88' lang='lat' dir='ltr'>inmediate</span> <span class='ocrx_word' id='word_1_239' title='bbox 1076 2181 1113 2213; x_wconf 94' lang='lat' dir='ltr'>et</span> <span class='ocrx_word' id='word_1_240' title='bbox 1128 2175 1334 2214; x_wconf 87' lang='lat' dir='ltr'>formaliter</span> <span class='ocrx_word' id='word_1_241' title='bbox 1350 2177 1479 2215; x_wconf 90' lang='lat' dir='ltr'>Deum</span> <span class='ocrx_word' id='word_1_242' title='bbox 1500 2190 1569 2216; x_wconf 92' lang='lat' dir='ltr'>no-</span> 
     </span>
     <span class='ocr_line' id='line_1_29' title="bbox 236 2245 1569 2298; baseline 0.004 -17"><span class='ocrx_word' id='word_1_243' title='bbox 236 2251 382 2291; x_wconf 86' lang='lat' dir='ltr'>strum;</span> <span class='ocrx_word' id='word_1_244' title='bbox 414 2257 502 2283; x_wconf 89' lang='lat' dir='ltr'>cum</span> <span class='ocrx_word' id='word_1_245' title='bbox 525 2251 615 2283; x_wconf 91' lang='lat' dir='ltr'>tunc</span> <span class='ocrx_word' id='word_1_246' title='bbox 637 2245 740 2282; x_wconf 90' lang='lat' dir='ltr'>nulla</span> <span class='ocrx_word' id='word_1_247' title='bbox 759 2252 933 2283; x_wconf 90' lang='lat' dir='ltr'>creatura</span> <span class='ocrx_word' id='word_1_248' title='bbox 951 2245 1109 2283; x_wconf 89' lang='lat' dir='ltr'>haberet</span> <span class='ocrx_word' id='word_1_249' title='bbox 1134 2247 1328 2295; x_wconf 88' lang='lat' dir='ltr'>propriam</span> <span class='ocrx_word' id='word_1_250' title='bbox 1355 2249 1569 2298; x_wconf 86' lang='lat' dir='ltr'>agenciam‚</span> 
     </span>
     <span class='ocr_line' id='line_1_30' title="bbox 190 2315 1571 2368; baseline 0.004 -15"><span class='ocrx_word' id='word_1_251' title='bbox 190 2325 222 2353; x_wconf 87' lang='lat' dir='ltr'>D</span> <span class='ocrx_word' id='word_1_252' title='bbox 239 2315 305 2352; x_wconf 91' lang='lat' dir='ltr'>sed</span> <span class='ocrx_word' id='word_1_253' title='bbox 325 2315 427 2352; x_wconf 91' lang='lat' dir='ltr'>idem</span> <span class='ocrx_word' id='word_1_254' title='bbox 450 2322 550 2353; x_wconf 90' lang='lat' dir='ltr'>esset</span> <span class='ocrx_word' id='word_1_255' title='bbox 569 2316 776 2353; x_wconf 89' lang='lat' dir='ltr'>formaliter</span> <span class='ocrx_word' id='word_1_256' title='bbox 797 2315 926 2354; x_wconf 92' lang='lat' dir='ltr'>Deum</span> <span class='ocrx_word' id='word_1_257' title='bbox 956 2323 994 2354; x_wconf 91' lang='lat' dir='ltr'>et</span> <span class='ocrx_word' id='word_1_258' title='bbox 1013 2315 1251 2355; x_wconf 84' lang='lat' dir='ltr'>cre*aturam</span> <span class='ocrx_word' id='word_1_259' title='bbox 1277 2331 1402 2368; x_wconf 86' lang='lat' dir='ltr'>agere,</span> <span class='ocrx_word' id='word_1_260' title='bbox 1423 2326 1460 2357; x_wconf 92' lang='lat' dir='ltr'>et</span> <span class='ocrx_word' id='word_1_261' title='bbox 1480 2327 1571 2358; x_wconf 88' lang='lat' dir='ltr'>tunc</span> 
     </span>
     <span class='ocr_line' id='line_1_31' title="bbox 189 2386 1569 2439; baseline 0.005 -17"><span class='ocrx_word' id='word_1_262' title='bbox 189 2402 230 2433; x_wconf 80' lang='lat'>30</span> <span class='ocrx_word' id='word_1_263' title='bbox 242 2398 361 2435; x_wconf 89' lang='lat' dir='ltr'>agens</span> <span class='ocrx_word' id='word_1_264' title='bbox 381 2386 536 2423; x_wconf 87' lang='lat' dir='ltr'>inferius</span> <span class='ocrx_word' id='word_1_265' title='bbox 555 2392 654 2423; x_wconf 88' lang='lat' dir='ltr'>esset</span> <span class='ocrx_word' id='word_1_266' title='bbox 674 2386 792 2432; x_wconf 84' lang='lat' dir='ltr'>Deus,</span> <span class='ocrx_word' id='word_1_267' title='bbox 805 2392 842 2423; x_wconf 86' lang='lat' dir='ltr'>et</span> <span class='ocrx_word' id='word_1_268' title='bbox 864 2399 932 2436; x_wconf 90' lang='lat' dir='ltr'>per</span> <span class='ocrx_word' id='word_1_269' title='bbox 951 2399 1193 2437; x_wconf 88' lang='lat' dir='ltr'>consequens</span> <span class='ocrx_word' id='word_1_270' title='bbox 1213 2388 1319 2426; x_wconf 90' lang='lat' dir='ltr'>Deus</span> <span class='ocrx_word' id='word_1_271' title='bbox 1339 2390 1569 2439; x_wconf 89' lang='lat' dir='ltr'>loqueretur,</span> 
     </span>
     <span class='ocr_line' id='line_1_32' title="bbox 243 2457 1570 2511; baseline 0.005 -18"><span class='ocrx_word' id='word_1_272' title='bbox 243 2457 472 2503; x_wconf 89' lang='lat' dir='ltr'>comederet,</span> <span class='ocrx_word' id='word_1_273' title='bbox 494 2463 669 2502; x_wconf 87' lang='lat' dir='ltr'>curreret,</span> <span class='ocrx_word' id='word_1_274' title='bbox 691 2464 727 2494; x_wconf 89' lang='lat' dir='ltr'>et</span> <span class='ocrx_word' id='word_1_275' title='bbox 754 2457 806 2495; x_wconf 90' lang='lat' dir='ltr'>sic</span> <span class='ocrx_word' id='word_1_276' title='bbox 830 2458 878 2494; x_wconf 92' lang='lat' dir='ltr'>de</span> <span class='ocrx_word' id='word_1_277' title='bbox 902 2458 1030 2495; x_wconf 89' lang='lat' dir='ltr'>multis</span> <span class='ocrx_word' id='word_1_278' title='bbox 1056 2459 1451 2508; x_wconf 87' lang='lat' dir='ltr'>denominacionibus,</span> <span class='ocrx_word' id='word_1_279' title='bbox 1474 2473 1570 2511; x_wconf 84' lang='lat' dir='ltr'>quas</span> 
     </span>
     <span class='ocr_line' id='line_1_33' title="bbox 240 2527 1571 2578; baseline 0.004 -13"><span class='ocrx_word' id='word_1_280' title='bbox 240 2527 429 2565; x_wconf 90' lang='lat' dir='ltr'>dementis</span> <span class='ocrx_word' id='word_1_281' title='bbox 451 2534 550 2565; x_wconf 88' lang='lat' dir='ltr'>esset</span> <span class='ocrx_word' id='word_1_282' title='bbox 573 2528 796 2565; x_wconf 89' lang='lat' dir='ltr'>concedere.</span> <span class='ocrx_word' id='word_1_283' title='bbox 837 2527 944 2565; x_wconf 89' lang='lat' dir='ltr'>Deus</span> <span class='ocrx_word' id='word_1_284' title='bbox 970 2541 1074 2578; x_wconf 86' lang='lat' dir='ltr'>ergo,</span> <span class='ocrx_word' id='word_1_285' title='bbox 1097 2535 1207 2567; x_wconf 85' lang='lat' dir='ltr'>utens</span> <span class='ocrx_word' id='word_1_286' title='bbox 1235 2543 1303 2568; x_wconf 88' lang='lat' dir='ltr'>sua</span> <span class='ocrx_word' id='word_1_287' title='bbox 1331 2539 1506 2570; x_wconf 85' lang='lat' dir='ltr'>creatura</span> <span class='ocrx_word' id='word_1_288' title='bbox 1530 2533 1571 2570; x_wconf 92' lang='lat' dir='ltr'>in</span> 
     </span>
     <span class='ocr_line' id='line_1_34' title="bbox 239 2597 1569 2652; baseline 0.005 -17"><span class='ocrx_word' id='word_1_289' title='bbox 239 2597 329 2635; x_wconf 90' lang='lat' dir='ltr'>data</span> <span class='ocrx_word' id='word_1_290' title='bbox 354 2598 525 2646; x_wconf 66' lang='lat' dir='ltr'>agenda,</span> <span class='ocrx_word' id='word_1_291' title='bbox 554 2598 749 2636; x_wconf 89' lang='lat' dir='ltr'>movendo</span> <span class='ocrx_word' id='word_1_292' title='bbox 778 2610 865 2636; x_wconf 87' lang='lat' dir='ltr'>eam</span> <span class='ocrx_word' id='word_1_293' title='bbox 894 2599 943 2636; x_wconf 87' lang='lat' dir='ltr'>ad</span> <span class='ocrx_word' id='word_1_294' title='bbox 973 2606 1184 2637; x_wconf 88' lang='lat' dir='ltr'>creaturam</span> <span class='ocrx_word' id='word_1_295' title='bbox 1214 2613 1322 2639; x_wconf 88' lang='lat' dir='ltr'>suam</span> <span class='ocrx_word' id='word_1_296' title='bbox 1350 2603 1569 2652; x_wconf 92' lang='lat' dir='ltr'>producen-</span> 
     </span>
     <span class='ocr_line' id='line_1_35' title="bbox 241 2668 1570 2723; baseline 0.005 -17"><span class='ocrx_word' id='word_1_297' title='bbox 241 2668 344 2714; x_wconf 90' lang='lat' dir='ltr'>dum,</span> <span class='ocrx_word' id='word_1_298' title='bbox 384 2668 653 2706; x_wconf 89' lang='lat' dir='ltr'>denominatur</span> <span class='ocrx_word' id='word_1_299' title='bbox 699 2668 905 2707; x_wconf 90' lang='lat' dir='ltr'>efficienter</span> <span class='ocrx_word' id='word_1_300' title='bbox 951 2682 1065 2719; x_wconf 87' lang='lat' dir='ltr'>agere</span> <span class='ocrx_word' id='word_1_301' title='bbox 1117 2671 1454 2711; x_wconf 86' lang='lat' dir='ltr'>instrumentaliter</span> <span class='ocrx_word' id='word_1_302' title='bbox 1500 2687 1570 2723; x_wconf 91' lang='lat' dir='ltr'>per</span> 
     </span>
     <span class='ocr_line' id='line_1_36' title="bbox 189 2739 1572 2792; baseline 0.006 -17"><span class='ocrx_word' id='word_1_303' title='bbox 189 2750 228 2783; x_wconf 82' lang='lat'>35</span> <span class='ocrx_word' id='word_1_304' title='bbox 243 2750 432 2787; x_wconf 88' lang='lat' dir='ltr'>organum</span> <span class='ocrx_word' id='word_1_305' title='bbox 460 2739 567 2789; x_wconf 90' lang='lat' dir='ltr'>quod</span> <span class='ocrx_word' id='word_1_306' title='bbox 600 2739 653 2777; x_wconf 86' lang='lat' dir='ltr'>sic</span> <span class='ocrx_word' id='word_1_307' title='bbox 681 2746 832 2786; x_wconf 85' lang='lat' dir='ltr'>movet;</span> <span class='ocrx_word' id='word_1_308' title='bbox 876 2747 913 2778; x_wconf 91' lang='lat' dir='ltr'>et</span> <span class='ocrx_word' id='word_1_309' title='bbox 950 2740 1042 2778; x_wconf 91' lang='lat' dir='ltr'>illud</span> <span class='ocrx_word' id='word_1_310' title='bbox 1079 2754 1193 2792; x_wconf 88' lang='lat' dir='ltr'>agere</span> <span class='ocrx_word' id='word_1_311' title='bbox 1231 2743 1572 2783; x_wconf 88' lang='lat' dir='ltr'>instrumentaliter</span> 
     </span>
    </p>
   </div>
   <div class='ocr_carea' id='block_1_3' title="bbox 298 2825 1499 2870">
    <p class='ocr_par' dir='ltr' id='par_1_5' title="bbox 298 2825 1499 2870">
     <span class='ocr_line' id='line_1_37' title="bbox 298 2825 1499 2870; baseline 0.005 -15"><span class='ocrx_word' id='word_1_312' title='bbox 298 2834 348 2866; x_wconf 85' lang='lat'>24.</span> <span class='ocrx_word' id='word_1_313' title='bbox 374 2825 475 2858; x_wconf 81' lang='lat' dir='ltr'>Arist.</span> <span class='ocrx_word' id='word_1_314' title='bbox 495 2825 537 2858; x_wconf 90' lang='lat' dir='ltr'>de</span> <span class='ocrx_word' id='word_1_315' title='bbox 556 2825 683 2857; x_wconf 87' lang='lat' dir='ltr'>Mundo</span> <span class='ocrx_word' id='word_1_316' title='bbox 699 2825 741 2857; x_wconf 90' lang='lat' dir='ltr'>vi.</span> <span class='ocrx_word' id='word_1_317' title='bbox 758 2836 790 2867; x_wconf 93' lang='lat' dir='ltr'>p.</span> <span class='ocrx_word' id='word_1_318' title='bbox 811 2835 872 2867; x_wconf 83' lang='lat'>399</span> <span class='ocrx_word' id='word_1_319' title='bbox 889 2837 928 2866; x_wconf 86' lang='lat' dir='ltr'>a;</span> <span class='ocrx_word' id='word_1_320' title='bbox 954 2826 1060 2859; x_wconf 85' lang='lat' dir='ltr'>where</span> <span class='ocrx_word' id='word_1_321' title='bbox 1076 2827 1131 2859; x_wconf 87' lang='lat' dir='ltr'>the</span> <span class='ocrx_word' id='word_1_322' title='bbox 1149 2828 1258 2860; x_wconf 87' lang='lat' dir='ltr'>Greek</span> <span class='ocrx_word' id='word_1_323' title='bbox 1275 2829 1302 2860; x_wconf 87' lang='lat' dir='ltr'>is</span> <span class='ocrx_word' id='word_1_324' title='bbox 1319 2829 1499 2870; x_wconf 74' lang='grc' dir='ltr'>κορυφαῖος.</span> 
     </span>
    </p>
   </div>
   <div class='ocr_carea' id='block_1_4' title="bbox 1803 219 1856 264">
    <p class='ocr_par' dir='ltr' id='par_1_6' title="bbox 1803 219 1856 264">
     <span class='ocr_line' id='line_1_38' title="bbox 1803 219 1856 264; baseline 0.019 -1"><span class='ocrx_word' id='word_1_325' title='bbox 1803 219 1856 264; x_wconf 86' lang='grc'>73</span> 
     </span>
    </p>
   </div>
  </div>
 </body>
</html>
