2095 3278
31 210 120 239 CAP.
143 197 231 251 xv.]
549 208 614 239 DE
647 208 891 240 PAUPERIE
923 207 1236 240 SALVATORIS.

131 325 229 367 43D]
246 332 369 356 carere
389 321 552 357 dominio
578 328 700 367 potest
725 322 942 357 affirmative
968 322 1091 356 inferri
1116 322 1213 367 quod
1236 321 1372 355 habeat
1398 321 1448 356 rei
1475 321 1566 356 illius

29 377 158 419 inferre
173 385 204 408 B·
247 379 474 423 dominium3
500 380 586 424 quia
603 381 659 414 lex
680 380 762 415 talis
787 391 897 424 super
920 380 982 414 tali
1006 379 1158 414 dominii
1185 379 1289 413 titulo
1315 390 1390 413 non
1418 379 1567 424 inquirit

248 436 307 481 (ex
331 448 403 481 quo
429 437 555 471 statuit
581 437 824 472 tradicionem
852 443 977 472 actum
1004 436 1221 472 donacionis
1246 437 1405 471 exerceri
1431 438 1566 472 debere

246 505 310 528 seu
340 493 444 538 fieri),
470 501 525 529 set
556 496 674 529 solum
705 495 752 530 de
782 494 1017 540 possessione
1045 506 1109 529 seu
1139 494 1341 529 tradicione
1372 495 1565 529 donatario

212 551 341 591 5facta
370 551 528 596 inquirit,
554 558 590 587 et
619 552 649 586 si
679 553 816 587 nullam
847 552 916 587 sibi
949 552 1089 587 factam
1119 552 1265 597 reperit,
1296 553 1513 587 donatorem
1543 564 1565 587 a

244 609 426 644 donatarii
451 609 631 653 peticione
652 610 822 653 absolvit,
849 611 934 655 quia
960 610 1175 644 donatarius
1202 610 1455 654 donacionem,
1481 623 1564 655 per-

146 670 230 699 44A
244 666 504 710 mutacionem‚
527 678 591 701 seu
615 667 632 686 *
657 667 915 702 vendicionem
947 667 1014 702 sibi
1043 668 1180 701 factam
1213 668 1414 702 secundum
1443 668 1564 712 legem

243 735 317 758 non
332 725 462 769 probat
479 734 485 756 :
515 736 559 759 ex
576 736 649 769 quo
667 725 791 770 nequit
810 725 931 760 inferri
950 725 1051 770 quod
1066 725 1224 759 donator
1237 726 1347 760 habet
1361 726 1565 760 dominium

246 781 344 826 (curn
362 782 408 817 de
426 782 496 816 hoc
515 782 622 817 iudex
639 782 753 817 nichil
774 783 934 827 inquirat
952 793 1021 817 nec
1039 782 1243 817 dominium
1262 783 1330 817 sibi
1349 783 1564 828 adiudicet)‚

191 849 231 871 10
244 846 299 874 set
316 840 573 874 tantummodo
597 851 680 875 eum
697 852 720 874 a
738 840 917 874 donatarii
941 840 1123 885 peticione
1145 841 1325 885 absolvit3
1353 842 1450 876 unde
1475 853 1563 876 con-

26 905 132 936 supra,
149 905 181 936 P·
244 897 405 942 sequitur
440 897 493 942 (ut
535 909 646 943 supra
687 898 948 941 conclusimus)
984 899 1082 943 quod
1125 899 1283 933 donator
1316 900 1387 933 hoc
1420 911 1509 934 casu
1540 912 1563 934 a

26 939 100 979 458‘
244 954 439 989 donatario
463 955 500 989 in
524 955 798 1000 permutacione
821 967 863 990 ac
886 956 1114 998 vendicione‚
1132 956 1252 991 eciam
1273 956 1409 991 iudicio
1435 957 1562 991 huius-

244 1012 347 1046 modi
372 1023 448 1046 non
473 1013 654 1056 obstante,
671 1025 749 1048 rem
774 1025 879 1048 suam
906 1014 1087 1049 subtrahit
1114 1014 1223 1059 impie
1249 1026 1292 1048 ac
1319 1015 1461 1058 iniuste,
1479 1027 1562 1049 cum

243 1069 455 1104 donatarius
482 1082 546 1105 seu
571 1071 855 1115 permutatarius
878 1082 944 1116 per
966 1071 1210 1106 donacionem
1228 1071 1279 1105 rei
1299 1071 1394 1107 illius
1412 1084 1498 1107 vere
1517 1073 1564 1108 sit

191 1136 227 1168 15
243 1126 426 1162 dominus.

293 1186 383 1219 IOH.
422 1185 537 1230 Igitur
578 1185 752 1220 iudicium
793 1186 1003 1221 huiusmodi
1045 1193 1100 1221 est
1143 1187 1321 1232 iniquum,
1355 1199 1421 1232 per
1461 1188 1562 1233 quod

243 1242 414 1277 dominus
431 1243 482 1277 rei
500 1255 522 1277 a
539 1255 577 1278 re
596 1255 661 1278 sua
678 1250 713 1278 et
731 1244 944 1279 omnimodo
967 1244 1085 1279 fructu
1106 1244 1183 1279 eius
1206 1257 1269 1279 seu
1294 1246 1489 1280 commodo
1506 1253 1562 1281 est

242 1301 423 1334 exclusus.

289 1359 376 1392 RIC.
404 1359 651 1403 Nequaquam
669 1358 732 1393 tali
753 1359 888 1393 iudicio
911 1366 967 1394 est
991 1359 1144 1394 omnino
1161 1361 1340 1404 exclusus,
1360 1367 1415 1395 set
1441 1362 1561 1396 solum

186 1424 227 1446 20
240 1415 444 1450 excluditur
457 1428 479 1450 a
492 1416 720 1460 repeticione
739 1417 790 1451 rei
808 1417 911 1451 cuius
930 1424 985 1451 est
1005 1418 1175 1452 dominus
1189 1418 1325 1453 iudicio
1342 1419 1434 1463 legis
1453 1419 1561 1463 illius,

240 1484 310 1518 que
327 1473 384 1508 lex
396 1474 718 1518 recuperacionem
736 1486 810 1508 non
828 1475 919 1509 tollit
936 1486 1002 1519 per
1018 1475 1137 1519 legem
1155 1477 1381 1520 superiorem
1399 1476 1549 1511 dictam.

288 1588 516 1622 IOHANNES.
543 1588 663 1622 Immo
692 1594 842 1623 econtra
872 1589 928 1623 lex
956 1588 1055 1633 regia
1089 1590 1200 1624 talem
1236 1590 1560 1635 recuperacionem
1573 1598 1648 1630 XV.

1760 205 1843 251 459

240 1645 316 1679 fieri
333 1656 398 1689 per
415 1646 516 1689 leges
533 1645 688 1681 ecclesie
706 1657 780 1681 non
799 1646 987 1691 permittit.
1574 1651 1636 1690 The
1647 1660 1735 1677 errors
1748 1652 1778 1678 of

1574 1685 1638 1711 civrl
1651 1686 1718 1711 laws
1731 1694 1782 1711 can
1796 1685 1831 1711 be

287 1704 514 1737 RICARDUS.
541 1704 630 1737 Non
648 1710 703 1738 est
722 1703 773 1738 ita
790 1710 829 1738 ut
846 1704 979 1738 astruis
997 1716 1004 1739 :
1032 1704 1209 1749 quoniam
1227 1705 1285 1739 lex
1303 1705 1403 1740 nulla
1426 1707 1560 1750 regalis
1574 1719 1718 1744 redressed
1731 1718 1770 1750 by

186 1768 202 1789 2
208 1768 225 1800 5
239 1758 561 1802 recuperacionem
573 1758 649 1793 fieri
661 1770 726 1803 per
736 1759 856 1803 legem
867 1759 1104 1794 confessionis
1116 1760 1296 1804 prohibet,
1308 1768 1362 1796 set
1373 1762 1548 1806 permittit

240 1827 324 1850 cum
338 1816 409 1850 hoc
423 1815 516 1850 iuste
530 1816 725 1860 prohibere
738 1827 813 1851 non
827 1817 955 1861 possit,
969 1817 1056 1862 quin
1071 1818 1192 1852 taliter
1206 1818 1399 1863 prohibere
1413 1825 1511 1854 esset
1524 1819 1561 1853 in

239 1874 360 1917 legem
372 1873 547 1917 divinam,
560 1874 793 1908 salvatricem
808 1874 1027 1919 animarum,
1041 1875 1255 1920 impingere.
1286 1878 1368 1911 Nec
1382 1889 1404 1911 a
1418 1877 1562 1922 prelato

239 1931 428 1966 donatoris
458 1931 579 1966 taliter
606 1932 798 1967 retinentis
830 1934 1008 1967 donatum
1034 1934 1144 1968 debet
1171 1934 1377 1979 aliqualiter
1401 1935 1561 1970 tollerari

239 1989 296 2023 lex
313 1989 407 2032 talis,
426 1989 455 2023 si
475 1996 593 2024 esset:
622 1996 677 2024 set
696 1990 862 2033 fidenter,
882 1990 912 2024 si
930 2002 989 2025 res
1012 1998 1111 2025 esset
1137 1998 1277 2036 aperta,
1296 1998 1424 2027 contra
1448 1994 1561 2028 talem

185 2059 227 2090 30
239 2058 303 2091 per
320 2058 493 2081 censuras
512 2053 694 2082 teneretur
714 2054 837 2092 aperte
862 2048 1071 2093 procedere,
1091 2048 1209 2092 sicuti,
1228 2050 1258 2084 si
1285 2057 1382 2085 esset
1407 2052 1560 2093 occulta,

240 2111 378 2138 secrete
396 2104 431 2138 in
450 2104 528 2138 foro
546 2104 772 2139 consciencie
791 2112 978 2139 teneretur
996 2118 1080 2140 eum
1099 2107 1291 2151 corrigere,
1305 2107 1334 2142 si
1353 2108 1391 2142 id
1410 2108 1478 2142 sibi
1496 2119 1562 2152 per

240 2161 507 2196 confessionem
530 2163 708 2206 panderet
727 2162 763 2196 in
783 2170 949 2206 secreto;
976 2165 1152 2208 quoniam
1177 2177 1251 2199 non
1278 2172 1404 2210 posset
1428 2177 1513 2200 eum
1538 2178 1561 2199 a

240 2225 391 2263 peccato
414 2220 605 2254 absolvere
631 2219 701 2254 nisi
720 2220 898 2255 veraciter
920 2221 1110 2265 peniteret,
1128 2234 1197 2257 nec
1219 2229 1342 2267 potest
1365 2223 1562 2268 quisquam

241 2277 396 2311 fideliter
412 2278 576 2322 penitere
599 2278 645 2312 de
668 2278 878 2313 retencione
902 2279 952 2314 rei
975 2279 1095 2314 aliene
1119 2292 1202 2314 eam
1228 2281 1348 2316 taliter
1374 2281 1563 2316 retinendo

186 2345 225 2376 35
242 2334 375 2379 (nullus
392 2335 491 2370 enim
515 2336 652 2380 penitet
671 2337 849 2371 veraciter
866 2338 912 2371 de
930 2349 974 2371 eo
998 2339 1096 2382 quod
1119 2338 1210 2382 agit)
1229 2351 1237 2382 ;
1265 2346 1300 2374 et
1326 2339 1356 2373 si
1381 2339 1473 2373 nolit
1495 2340 1561 2373 ab-

240 2393 330 2427 solvi
350 2404 419 2428 nec
436 2394 592 2428 fideliter
617 2394 793 2438 confiteri,
813 2394 1065 2439 corripiendus
1089 2402 1145 2430 est
1168 2395 1268 2431 iuxta
1292 2396 1406 2431 nostri
1434 2398 1561 2432 Salva-

240 2450 328 2485 toris
354 2451 571 2495 doctrinam,
596 2452 714 2496 primo
741 2452 915 2487 adhibitis
941 2454 1085 2488 duobus
1111 2460 1173 2488 aut
1199 2454 1314 2489 tribus
1341 2454 1506 2497 testibus,
1525 2461 1561 2489 et

240 2515 508 2553 consequenter
525 2510 572 2543 ab
591 2509 768 2552 ecclesia3
797 2516 832 2544 et
860 2510 889 2543 si
913 2510 1109 2554 perstiterit
1136 2511 1172 2544 in
1196 2518 1361 2555 peccato,
1380 2518 1419 2546 ut
1444 2511 1562 2556 publi-

241 2578 353 2601 canus
371 2573 407 2601 et
424 2567 593 2601 ethnicus
610 2574 665 2601 est
684 2566 889 2601 habendus.

186 2634 229 2666 40
291 2625 379 2659 IOH.
404 2625 538 2659 Adhuc
561 2624 731 2659 fluctibus
758 2625 1004 2669 undequaque
1029 2624 1237 2670 immergor,
1257 2626 1432 2671 quoniam
1450 2626 1562 2661 istum

1574 1752 1774 1778 ecclesiastical

1552 1788 1560 1805 θ
1574 1785 1730 1818 discipline.

242 2682 468 2725 donatorem,
487 2682 573 2727 quia
590 2693 667 2716 rem
691 2682 841 2725 detinet,
861 2682 907 2717 de
932 2681 1123 2727 impietate
1147 2683 1360 2727 redargui53
1387 2690 1423 2719 et
1449 2684 1560 2719 michi
1576 2700 1597 2716 1.
1621 2690 1653 2716 In
1668 2690 1715 2716 the
1727 2700 1790 2730 sup-

241 2739 385 2774 videtur
411 2740 510 2785 quod
538 2739 751 2774 donatarius
781 2739 877 2783 talis,
909 2741 1026 2784 qualis
1055 2747 1109 2775 est
1138 2741 1197 2776 ille
1224 2753 1333 2786 quem
1361 2741 1479 2787 ponis,
1505 2748 1560 2777 est
1574 2725 1817 2785 Ξὲῗῖῗὶἓῗὲἶξῖῗεῐ

242 2798 368 2843 pocius
387 2798 432 2833 de
450 2797 673 2842 necligencia
691 2797 910 2842 arguendus,
930 2809 973 2833 ex
994 2810 1066 2844 quo
1091 2800 1209 2844 legem
1233 2799 1325 2835 scire
1352 2800 1500 2836 deberet
1526 2807 1562 2836 et
1574 2796 1603 2817 at
1616 2791 1687 2817 fault
