2008 3305
155 170 208 208 68

327 1717 354 1744 ii.

835 178 899 209 DE
933 177 1149 210 DOMINIO
1183 176 1359 208 D1v1No
1589 163 1693 222 [CAP.
1717 178 1755 205 x.

437 293 587 330 ductiva
606 294 784 342 potencia
813 306 887 330 nec
915 293 1185 342 produccionis
1212 292 1392 341 potencia
1422 291 1573 340 passiva
1594 290 1759 339 separari
1773 290 1864 330 [220

434 364 583 413 poterit,
606 364 658 401 sie
679 363 783 413 quod
811 375 891 400 non
925 364 1013 401 insit
1039 364 1239 412 producto,
1262 363 1428 411 sequitur
1455 362 1561 411 quod
1587 361 1625 397 in
1652 361 1760 399 omni

436 435 578 471 effectu
615 441 672 471 est
709 434 888 483 potencia
926 435 1029 483 prior
1063 440 1160 471 actu.
1217 433 1300 471 Nec
1340 433 1416 470 hoc
1452 433 1543 469 verti
1581 432 1693 469 debet
1721 432 1761 468 in

435 505 603 550 dubium,
626 517 715 542 cum
743 505 847 554 prius
868 505 914 542 sit
934 517 1015 542 rem
1036 504 1311 553 intelligibilem
1330 515 1444 552 posse
1464 502 1619 553 intelligi
1640 514 1757 552 quam

433 576 680 614 effectualiter
709 576 939 621 consistere;
970 582 1006 612 et
1036 587 1124 612 cum
1154 586 1272 611 omne
1301 586 1414 623 posse
1443 586 1528 611 esse
1557 574 1617 611 vel
1645 582 1793 623 posses

436 647 592 695 intelligi
619 646 874 697 presupponit
900 646 1115 683 essenciam
1143 645 1202 682 cui
1229 645 1320 682 insit
1337 643 1443 694 <cum
1464 656 1582 681 omne
1607 656 1760 693 respec-

434 718 553 755 tivum
573 718 759 767 preexigit
778 716 1026 766 absolutum),
1048 716 1216 765 sequitur
1236 716 1342 764 quod
1363 727 1520 752 omnem
1542 714 1762 764 potenciam

435 789 594 826 effectus
621 788 789 837 precedit
815 787 1036 836 simpliciter
1061 794 1169 823 actus
1192 787 1350 835 primus.
1406 785 1456 822 Et
1483 786 1554 822 ista
1582 791 1639 822 est
1667 796 1762 822 con-

436 860 556 896 clusio
576 859 802 904 Aristotelis‚
824 870 930 895 nono
953 857 1245 906 Methaphisice.
1289 856 1393 893 Nam
1409 856 1440 893 si
1456 867 1570 905 posse
1590 855 1760 904 logicum

435 931 493 967 vel
513 929 796 978 intelligibilitas
813 941 893 965 non
913 929 1022 978 ponit
1042 929 1206 977 primam
1230 927 1443 964 essenciam
1465 934 1662 976 tamquam
1682 926 1761 963 aliis
1778 939 1818 962 10

436 1001 743 1046 fundamentum,
757 1006 798 1036 ut
818 1000 1067 1037 fantasiantur
1086 999 1136 1035 illi
1157 998 1221 1047 qui
1237 998 1368 1035 dicunt
1389 997 1494 1047 quod
1515 998 1560 1034 sit
1580 996 1761 1045 possibile

437 1072 553 1110 nichil
574 1083 669 1117 esse,
702 1068 720 1089 *
752 1083 843 1108 cum
863 1076 1033 1107 statuunt
1053 1070 1124 1106 sibi
1146 1069 1375 1106 defectivum
1396 1068 1626 1117 principium
1656 1067 1762 1117 quod
1776 1076 1809 1104 D

438 1143 563 1180 solum
592 1142 817 1179 affirmativa
846 1141 894 1178 sit
923 1140 1181 1190 impossibilis,
1208 1152 1297 1177 cum
1329 1139 1432 1176 nulla
1462 1139 1673 1176 affirmacio
1704 1137 1765 1189 (ut

437 1211 628 1263 asserunt)
652 1212 843 1249 inducitur
867 1224 914 1248 ex
931 1212 1107 1261 negativa
1122 1211 1230 1257 3—si,
1246 1211 1414 1259 inquam,
1430 1210 1484 1247 sic
1505 1217 1572 1255 est,
1593 1215 1684 1247 tunc
1706 1216 1763 1247 est

441 1284 577 1329 forma,
611 1289 652 1320 ut
685 1282 966 1331 intelligibilitas
987 1281 1046 1318 vel
1073 1281 1260 1331 potencia,
1287 1281 1367 1317 sine
1410 1280 1585 1326 formato,
1617 1287 1655 1318 et
1692 1292 1762 1318 ens
1781 1296 1820 1328 15

437 1354 689 1403 respectivum
718 1353 853 1390 melius
886 1352 1075 1390 absoluto.
1134 1351 1238 1388 Nam
1268 1358 1348 1388 tam
1378 1351 1522 1388 malum
1551 1357 1652 1388 esset
1681 1363 1763 1388 rem

438 1437 553 1475 posse
569 1437 653 1462 esse
669 1425 851 1470 deficere;
882 1424 988 1472 quod
1009 1423 1039 1460 si
1060 1423 1155 1461 soret
1171 1423 1251 1460 eius
1268 1422 1446 1471 privacio,
1463 1434 1521 1459 res
1538 1422 1650 1458 simul
1666 1428 1766 1459 esset

440 1496 658 1545 simpliciter
695 1501 732 1532 et
770 1506 851 1531 non
881 1500 991 1531 esset.
1049 1493 1259 1542 Numquid,
1289 1505 1397 1542 rogo,
1429 1492 1559 1530 Deum
1588 1499 1765 1530 nostrum

440 1579 525 1604 esse
537 1567 583 1604 sit
598 1566 745 1611 melius,
762 1565 827 1614 qui
843 1565 992 1603 ordinat
1008 1564 1222 1601 eternaliter
1237 1565 1287 1600 ita
1308 1564 1420 1601 esse?
1449 1570 1497 1609 et,
1509 1576 1597 1601 cum
1611 1569 1764 1611 constat

440 1637 546 1686 quod
567 1637 633 1682 sic,
654 1642 757 1685 patet
776 1636 883 1684 quod
902 1635 983 1672 eius
1003 1635 1209 1673 existencia
1229 1634 1325 1672 foret
1345 1635 1461 1683 peior.
1781 1652 1823 1673 20

493 1707 604 1752 Item,
621 1707 746 1756 posita
758 1706 997 1743 universitate
1012 1706 1189 1754 potencie
1205 1705 1389 1754 logicalis‚
1410 1704 1536 1742 adhuc
1552 1703 1648 1742 foret
1667 1703 1765 1741 ordo

437 1773 535 1810 inter
548 1773 639 1808 istas
655 1771 912 1820 potencias‚ut
926 1771 1028 1820 prius
1049 1770 1146 1807 foret
1167 1771 1308 1819 aliquid
1329 1782 1442 1819 posse
1456 1782 1539 1807 esse
1560 1782 1677 1819 quam
1691 1768 1766 1807 hoe

438 1842 679 1891 corruptibile
701 1842 775 1878 sive
796 1841 912 1887 illud;
943 1847 981 1878 et
1006 1853 1074 1890 per
1100 1852 1342 1890 consequens
1368 1840 1407 1877 in
1431 1840 1565 1877 ordine
1591 1839 1765 1889 priorita-

437 1920 520 1950 tum
542 1912 639 1950 foret
659 1911 800 1961 aliquid
821 1912 1010 1960 optimum
1031 1918 1067 1948 et
1087 1912 1254 1960 primum
1270 1911 1513 1960 simpliciter:
1543 1909 1648 1960 quod
1675 1921 1765 1947 cum

438 1996 519 2021 non
539 1989 670 2032 posset
699 1982 791 2032 poni
817 1982 1025 2020 universale
1057 1981 1162 2031 quod
1190 1994 1306 2020 omne
1331 1981 1541 2019 universale
1571 1981 1766 2019 ordinatur
1782 1996 1821 2028 25

438 2054 586 2092 causari
606 2066 628 2090 a
649 2054 724 2090 suis
745 2053 951 2101 suppositis
971 2053 1147 2098 causatis,
1167 2065 1263 2102 ergo
1282 2058 1339 2090 est
1357 2059 1467 2090 extra
1486 2051 1767 2089 multitudinem

437 2130 693 2169 causatorum,
714 2129 751 2160 et
770 2123 861 2159 illud
881 2128 1031 2172 o'portet
1046 2135 1189 2171 ponere
1203 2123 1506 2161 affirmacionem
1527 2121 1738 2171 simplicem
1754 2134 1764 2168 ;

439 2207 529 2233 curn
555 2194 703 2231 nullum
731 2193 931 2231 hominem
960 2205 1045 2230 esse
1072 2193 1327 2243 quantitatem
1357 2193 1404 2230 sit
1432 2193 1606 2230 absolute
1635 2204 1767 2230 neces-

439 2265 590 2311 sarium,
614 2276 661 2301 eo
683 2264 788 2313 quod
812 2263 958 2301 nullum
984 2264 1127 2301 animal
1151 2276 1223 2301 nec
1251 2263 1511 2300 substanciam
1539 2275 1623 2301 esse
1650 2274 1768 2312 quan-

437 2337 583 2374 titatem
609 2336 655 2373 sit
677 2336 729 2372 sic
750 2334 1020 2379 necessarium,
1047 2334 1151 2383 quod
1180 2340 1238 2371 est
1239 2364 1252 2386 d
1268 2334 1489 2371 immediata
1514 2334 1675 2382 negacio
1701 2332 1765 2384 (ex
1783 2345 1825 2377 30

440 2408 563 2457 primo
585 2403 872 2457 Posteriorum).
932 2404 970 2441 Si
996 2417 1090 2453 ergo
1116 2405 1162 2441 sit
1191 2404 1288 2442 ordo
1313 2404 1552 2442 causacionis
1581 2404 1620 2441 in
1649 2416 1766 2454 nega-

440 2478 612 2516 cionibus
634 2476 858 2514 necessariis
887 2476 1073 2521 absolute,
1095 2481 1246 2524 oportet
1274 2475 1380 2525 quod
1408 2481 1514 2512 extra
1540 2474 1621 2512 illas
1650 2487 1768 2524 nega-

442 2550 574 2587 ciones
605 2548 650 2585 sit
670 2547 878 2584 affirmacio
899 2546 1047 2584 cunctis
1074 2546 1330 2594 prestancior;
1358 2545 1421 2583 illa
1447 2557 1539 2595 ergo
1568 2552 1625 2583 est
1653 2558 1769 2583 causa

477 2627 499 2651 8.
516 2627 524 2655 11
538 2624 694 2658 precedz‘tB
708 2624 724 2649 f.
742 2633 789 2649 222
800 2632 822 2649 B.
920 2625 958 2649 18.
979 2623 1065 2648 deum
1084 2625 1217 2648 nostrum
1232 2622 1270 2648 B:
1290 2623 1376 2648 deum
1390 2623 1423 2653 A,
1439 2625 1571 2648 nostrum
1584 2623 1673 2648 altera
1685 2631 1769 2648 manu

443 2660 592 2725 suffippletoss
614 2661 747 2717 7303&sz
769 2658 802 2688 C,
822 2657 909 2682 deum
929 2657 956 2682 in
977 2655 1102 2688 margine
1120 2655 1226 2682 addito.
1372 2665 1411 2689 27.
1436 2657 1663 2689 affirmacionem
1684 2657 1707 2682 B
1727 2656 1768 2683 C:

443 2701 462 2717 a
496 2701 624 2718 rmaconz
671 2710 677 2717 .

705 2744 734 2774 9.
761 2733 860 2764 Arist.
875 2731 1023 2773 Metaph.
1037 2732 1093 2762 viii
1108 2732 1181 2772 (ix).
1201 2733 1219 2764 8
1238 2743 1269 2773 p.
1291 2741 1372 2773 1049
1389 2732 1415 2762 b.

686 2794 735 2824 31.
762 2784 873 2815 Eiusd.
894 2783 991 2816 Anal.
1008 2784 1097 2814 Post.
1115 2783 1135 2814 i.
1156 2793 1170 2814 2
1190 2794 1221 2824 p.
1241 2791 1278 2824 72
1297 2794 1328 2814 a.
