2008 3305
143 181 222 211 120
819 177 885 209 DE
918 177 1136 209 DOM1NIO
1170 176 1347 209 DIVINo
1531 165 1637 224 [CAP.
1656 180 1741 209 xrv.

419 298 548 330 autem
569 292 614 330 de
636 299 794 342 peccato
819 299 1003 342 sequente
1023 293 1062 330 in
1089 305 1229 342 penam
1250 293 1397 342 peccati
1423 293 1570 342 prioris,
1592 299 1743 331 antece·
1760 296 1858 339 [39])

421 364 517 401 dens
532 370 589 401 est
606 376 628 401 a
640 363 728 401 Deo
744 364 912 410 volitum,
930 370 967 401 et
988 375 1233 413 consequens
1253 376 1333 401 non
1353 364 1515 401 volitum
1536 365 1585 401 ab
1599 365 1749 402 eodem.

138 426 395 494 ghfig'ssmvgfflssg're
477 434 554 472 Sed
582 434 631 471 ad
658 434 732 472 hoc
762 447 914 484 semper
937 435 1137 483 ingenium
1164 434 1376 472 humanum
1402 435 1631 481 obtunditur,
1654 448 1749 485 quo-

138 495 387 555 {iffess'getissglffhe
420 505 540 543 modo
564 517 644 543 non
668 505 805 543 dicitur
832 505 959 543 Deum
986 506 1082 543 velle
1107 505 1198 542 illud
1226 506 1332 555 quod
1358 506 1572 543 eternaliter
1599 506 1750 544 ordinat

420 588 503 613 esse
524 577 672 613 bonum
693 583 729 613 et
756 576 969 613 secundum
996 577 1165 625 primum
1191 588 1274 613 esse
1302 588 1414 612 suum
1442 577 1511 613 scit
1535 582 1572 613 et
1598 576 1782 620 ordinat5

421 653 501 683 tam
527 647 787 696 multipliciter
814 647 890 685 suis
915 647 1112 696 proficere.
1172 646 1248 684 Sed
1268 647 1317 684 ad
1337 646 1431 684 illud
1450 653 1554 696 patet
1574 659 1620 684 ex
1643 647 1752 685 dietis

421 717 510 754 alibi
540 717 647 767 quod
677 730 790 755 secus
821 724 878 755 est
912 718 960 755 de
992 718 1131 755 effectu
1165 724 1201 755 et
1231 717 1381 754 defectu
1416 717 1628 755 secundum
1658 729 1752 755 con-

143 814 191 839 He
205 813 337 839 willsthe
423 788 597 826 diciones
617 790 828 838 oppositas.
884 788 987 825 Nam
1009 789 1136 826 omnis
1155 789 1317 825 effectus
1344 789 1382 824 in
1411 794 1599 838 quantum
1624 788 1753 826 huius-

140 848 381 914 {3{¹}¹;K⁶;5f1{{}‘g.
422 859 528 896 modi
548 859 672 908 placet
691 859 779 897 Deo
800 859 1014 897 secundum
1034 872 1117 897 esse
1138 860 1317 908 primum,
1340 859 1514 908 quamvis
1539 860 1754 896 secundum

141 914 388 975 ξ’ξῗέςξὲἑῗὲοὼ
425 931 557 968 deesse
597 927 720 981 (quod
759 942 781 967 a
819 930 935 980 vulgo
974 937 1133 968 vocatur
1171 930 1353 980 equivoce
1396 942 1480 968 esse
1520 929 1810 981 secundum)10

423 1001 494 1039 sibi
518 1001 739 1050 displiceat:
770 1008 928 1039 econtra
955 1008 1085 1039 autem
1106 1014 1223 1039 omne
1244 1008 1448 1050 peccatum
1469 1001 1587 1039 moris
1608 1001 1755 1038 dictum

423 1072 632 1110 formaliter
652 1072 864 1110 secundum
885 1072 1019 1110 deesse
1041 1070 1164 1122 (quod
1184 1085 1206 1109 a
1227 1073 1460 1122 quibusdam
1480 1085 1564 1110 esse
1588 1073 1756 1121 primum

423 1143 573 1193 peccati
602 1140 751 1194 dicitur)
780 1155 859 1180 non
884 1143 1010 1192 placet
1036 1143 1136 1189 Deo,
1167 1143 1219 1180 sic
1247 1143 1350 1192 quod
1381 1150 1539 1193 propter
1565 1143 1757 1181 defectum

425 1226 493 1251 sue
531 1214 698 1251 entitatis
737 1226 809 1251 1166
847 1214 964 1251 habet
1002 1213 1109 1251 Deus
1148 1215 1378 1252 volicionem
1413 1228 1484 1253 nec
1523 1215 1758 1253 nolicionem

426 1284 596 1322 defectus
635 1284 866 1323 huiusmodi.
940 1284 1015 1322 Sed
1057 1285 1188 1334 quoad
1235 1285 1428 1334 profectus
1476 1286 1541 1335 qui
1589 1299 1637 1324 ex
1684 1285 1811 1330 Dei15

426 1355 652 1393 ordinancia
680 1356 770 1393 inde
797 1356 1028 1405 proveniunt
1053 1354 1135 1406 (qui
1162 1369 1184 1393 a
1211 1357 1445 1406 quibusdam
1472 1357 1648 1394 dicuntur
1675 1365 1758 1395 esse

427 1426 599 1464 secunda
629 1425 794 1477 peccati)
831 1426 1009 1464 dicuntur
1043 1439 1065 1464 a
1100 1427 1186 1464 Deo
1219 1427 1346 1473 volita,
1383 1427 1450 1464 sed
1485 1428 1587 1465 varie
1622 1439 1759 1465 conse-

428 1504 614 1547 quenter:
655 1504 697 1534 ut
729 1498 887 1546 quidam
917 1497 1135 1535 concedunt
1165 1498 1385 1547 simpliciter
1414 1510 1530 1536 omne
1560 1504 1761 1548 peccatum

428 1581 512 1606 esse
543 1581 565 1605 a
599 1568 687 1606 Deo
721 1569 892 1614 volitum,
925 1569 982 1606 vel
1016 1569 1105 1619 quia
1139 1570 1189 1606 ab
1224 1581 1270 1606 eo
1307 1576 1363 1606 est
1403 1570 1633 1619 permissum
1672 1581 1761 1607 cum

428 1639 568 1689 poterit
590 1637 608 1658 *
632 1639 848 1689 prohibere,
868 1640 928 1677 vel
949 1642 1040 1689 quia
1063 1640 1257 1689 profectus
1278 1640 1367 1677 inde
1388 1641 1617 1689 proveniens
1637 1640 1763 1689 placet
1774 1645 1861 1676 40A

428 1711 528 1748 Deo.
585 1710 660 1748 Alii
690 1717 820 1749 autem
849 1711 991 1757 dicunt,
1020 1711 1124 1760 quod
1160 1724 1243 1748 esse
1278 1712 1491 1748 secundum
1522 1711 1674 1761 peccati
1707 1716 1764 1748 est

428 1782 667 1831 beneplacite
696 1794 718 1819 a
748 1781 835 1819 Deo
865 1781 1047 1819 volitum:
1093 1794 1163 1820 nec
1193 1794 1240 1819 ex
1280 1781 1355 1819 hoc
1390 1782 1570 1831 sequitur,
1605 1788 1765 1832 propter

430 1854 624 1891 defectum
658 1866 743 1892 esse
770 1855 894 1903 primi,
925 1855 1032 1904 quod
1065 1862 1269 1904 peccatum
1304 1855 1459 1905 aliquod
1496 1855 1621 1904 placet
1654 1854 1741 1891 Deo
1753 1866 1762 1901 ;

432 1925 499 1963 sed
533 1931 591 1963 est
624 1925 775 1962 fallacia
813 1939 835 1963 a
869 1926 998 1975 quoad
1037 1926 1271 1975 simpliciter.
1326 1926 1457 1963 Tercii
1496 1932 1636 1970 autem,
1673 1925 1763 1962 satis

430 1997 679 2046 probabiliter
708 1996 813 2042 mihi,
844 1996 975 2034 dicunt
1005 1998 1111 2046 quod
1140 2009 1256 2034 omne
1280 2002 1483 2046 peccatum
1509 1996 1635 2045 placet
1665 1995 1764 2042 Deo,
1781 2005 1818 2037 25

432 2080 512 2105 non
540 2068 630 2116 quia
657 2068 781 2116 placet
807 2067 895 2105 Deo
921 2068 1026 2117 quod
1054 2068 1138 2117 quis
1160 2074 1303 2117 peccet,
1327 2067 1395 2105 sed
1422 2067 1512 2116 quia
1531 2066 1656 2116 placet
1677 2066 1765 2104 Deo

433 2139 539 2188 quod
560 2144 763 2188 peccatum
784 2139 989 2177 occasione
1009 2146 1167 2187 accepta
1186 2138 1360 2188 proficiat
1376 2151 1386 2185 3
1414 2144 1452 2175 et
1472 2138 1534 2182 ita,
1552 2139 1582 2175 si
1600 2138 1764 2175 duorum

434 2210 740 2248 convertibilium
771 2210 932 2247 alterum
951 2209 1090 2259 'placet
1117 2209 1215 2256 Deo,
1245 2217 1335 2247 tunc
1365 2215 1403 2246 et
1434 2215 1650 2258 utrumque,
1681 2208 1766 2246 licet

434 2281 643 2330 dispariter.
701 2281 752 2318 Et
791 2281 844 2318 sic
884 2294 964 2319 non
1003 2281 1182 2331 sequitur,
1224 2281 1411 2318 ‘Peccare
1449 2280 1550 2318 Petri
1588 2279 1646 2317 vel
1684 2279 1766 2317 eius

437 2354 446 2370 ‘
462 2358 666 2401 peccatum
683 2351 804 2403 (quod
820 2352 922 2389 idem
943 2351 1016 2403 est)
1034 2353 1160 2401 placet
1179 2351 1278 2397 Deo,
1296 2364 1388 2400 ergo
1409 2351 1534 2401 placet
1554 2350 1641 2388 Deo
1662 2349 1766 2400 quod
1781 2362 1822 2392 30

438 2423 598 2460 ‘Petrus
638 2430 784 2472 peccet,
815 2423 921 2472 quod
960 2430 1165 2473 peccatum
1196 2435 1309 2460 suum
1339 2423 1396 2468 sit,
1426 2422 1485 2459 vel
1516 2422 1562 2459 sit
1593 2421 1640 2458 de
1674 2433 1768 2458 con-

437 2498 444 2513 ‘
461 2494 618 2532 vertibili
644 2494 863 2543 predicat03
882 2494 890 2508 '
921 2495 1009 2544 quia
1030 2507 1146 2532 omne
1166 2494 1240 2531 tale
1260 2494 1500 2543 predicatum
1522 2492 1644 2529 innuit
1664 2491 1769 2542 quod

436 2575 640 2618 peccatum
661 2567 877 2605 secundum
898 2578 981 2604 esse
1002 2565 1171 2615 primum
1193 2564 1276 2602 Deo
1297 2563 1544 2613 complaceat,
1562 2562 1667 2612 quod
1688 2574 1769 2599 non

437 2645 564 2689 potest
599 2639 743 2676 iusticie
779 2650 929 2675 summe
967 2642 1197 2686 competere.
1252 2635 1302 2673 Et
1336 2641 1427 2671 tunc
1461 2640 1518 2671 est
1550 2633 1659 2670 labor
1692 2632 1768 2669 dis—

438 2722 604 2755 cernere,
646 2722 720 2759 que
758 2708 1048 2758 proposiciones
1091 2706 1251 2745 concedi
1291 2706 1467 2751 debeant,
1511 2716 1585 2754 que
1624 2703 1768 2752 negari,
1784 2713 1823 2745 35

532 2814 556 2830 2.
577 2805 651 2830 Ante
664 2812 832 2836 consequens
845 2804 935 2836 Aper
945 2803 1030 2829 habet
1042 2810 1049 2835 ;
1068 2801 1142 2835 quod
1157 2806 1184 2826 et
1199 2800 1226 2826 in
1240 2800 1263 2827 C
1277 2799 1431 2831 exstiterat,
1448 2799 1496 2825 sed
1510 2807 1619 2825 erasum
1633 2803 1684 2823 est.
