2095 3278
195 524 288 565 2513]
704 516 903 557 LIBER
952 515 1245 558 TERCJUS.

301 633 428 675 Incipit
443 633 562 665 tercius
584 633 667 664 liber
681 634 909 675 possessionem
936 634 1143 674 distinguens
1173 633 1399 674 multzplz‘cem,
1431 636 1461 664 et
1490 633 1620 674 qualem

345 685 462 716 habuit
468 685 606 725 primus
614 689 738 725 parens
754 689 862 715 noster
876 685 913 715 z'n
931 684 1114 715 innocencie
1136 688 1226 715 statu
1247 684 1408 722 describit,
1433 684 1621 726 descrefficio-

346 747 419 768 nem
434 735 610 776 orzgrz'nalis
625 735 769 766 dominii
783 735 892 777 quoad
902 736 989 766 alias
996 736 1186 776 particulas
1200 734 1404 766 declarando.

270 829 288 861 5
346 821 503 852 PRIMUM
533 819 724 861 capitulum,
741 819 959 861 recapitulans
989 820 1078 861 prius
1108 820 1197 851 dicta
1223 819 1265 852 de
1291 819 1446 861 originali
1475 819 1623 851 dominio
1640 832 1664 854 1.

302 873 426 914 species
441 872 639 913 multiplices
656 872 867 912 possessionis
884 871 1065 912 distinguit.

345 923 529 956 Secundum
545 923 726 964 capitulum
742 923 855 954 nititur
870 923 1029 954 affirmare
1046 922 1134 964 quod
1149 922 1240 954 nulla
1257 922 1420 963 possessio
1436 923 1487 954 ius
1503 927 1550 954 est
1565 926 1622 953 aut
1639 933 1665 954 2.

301 981 387 1008 recte
402 976 451 1007 ius
467 975 601 1016 aliquod
625 974 745 1015 poterit
768 974 940 1016 appellari,
965 984 1031 1005 non
1055 975 1206 1006 obstante
1230 974 1320 1015 quod
1343 974 1460 1006 melior
1482 974 1523 1006 sit
1547 985 1622 1006 con—

300 1028 388 1059 dicio
405 1027 604 1067 occupantis.

250 1089 289 1112 10
344 1079 496 1110 Tercium
514 1077 707 1119 capitulum,
733 1081 862 1109 ostenso
885 1076 975 1118 quod
997 1076 1159 1118 possessio
1181 1080 1292 1118 potest
1314 1076 1428 1108 titulus
1450 1076 1622 1118 appellari,
1635 1083 1664 1114 3.

300 1131 419 1172 probat
444 1130 533 1171 quod
556 1139 621 1161 non
645 1133 694 1160 est
721 1129 807 1160 iusta
828 1129 892 1160 nisi
916 1129 986 1159 iure
1009 1129 1201 1167 extrinseco,
1224 1138 1290 1159 non
1313 1128 1444 1169 proprie
1468 1138 1528 1166 suo
1552 1128 1622 1160 inre

299 1183 487 1214 intrinseco.

344 1234 504 1274 Quartum
529 1231 709 1274 capitulum
733 1243 772 1264 ex
798 1231 983 1273 precedenti
1011 1231 1114 1263 obicit
1138 1231 1228 1273 quod
1254 1231 1362 1262 omnis
1388 1231 1551 1272 possessio
1575 1235 1622 1263 est
1636 1238 1666 1268 4-

299 1285 421 1326 iniqua‚
438 1290 470 1316 et
485 1284 595 1322 solvit,
613 1284 784 1315 ostendens
800 1283 889 1325 quod
904 1283 994 1314 nulla
1010 1283 1142 1324 proprie
1159 1283 1248 1314 dicta
1260 1282 1423 1323 possessio
1435 1287 1485 1314 est
1498 1283 1621 1324 iniqua,

248 1345 285 1376 15
300 1341 347 1368 set
362 1336 450 1378 quod
466 1336 571 1367 omnis
593 1340 641 1366 est
664 1334 747 1366 iusta
763 1346 770 1373 ;
793 1339 826 1366 et
849 1334 952 1366 obicit
968 1334 1009 1366 de
1025 1334 1109 1365 Iuda
1124 1339 1156 1366 et
1173 1334 1270 1365 solvit
1284 1344 1292 1371 ;
1315 1338 1347 1365 et
1370 1333 1411 1365 de
1435 1334 1621 1365 volucribus

300 1388 402 1420 obicit
417 1391 450 1419 et
466 1386 629 1426 dissolvit,
646 1386 816 1418 ostendens
828 1386 917 1428 quod
932 1396 997 1417 non
1017 1386 1141 1417 habent
1162 1386 1401 1427 possessionem
1417 1395 1525 1417 rerum
1541 1396 1622 1427 quas

299 1443 493 1472 consumunt
509 1438 647 1470 edendo.

343 1491 503 1532 Quintum
527 1489 720 1531 capitulum,
749 1499 848 1521 unam
873 1488 1124 1520 distinecionem
1151 1488 1192 1520 de
1222 1488 1430 1530 possessione
1460 1488 1616 1527 adiciens,
1633 1497 1662 1528 5.

298 1542 441 1576 ostendit
456 1541 544 1583 quod
567 1552 633 1573 non
648 1545 776 1572 tantum
792 1546 877 1573 terra
895 1545 943 1572 set
966 1541 1181 1582 quodcunque
1202 1541 1402 1572 elementum
1419 1544 1528 1581 potest
1543 1551 1619 1572 con-

247 1604 286 1626 20
299 1594 444 1626 formiter
459 1604 518 1624 suo
534 1592 682 1624 dominio
698 1603 794 1634 super
808 1592 893 1623 illud
909 1592 951 1623 ab
966 1592 1099 1623 homine
1122 1592 1292 1633 possideri,
1309 1596 1342 1623 et
1358 1591 1399 1624 de
1414 1596 1498 1623 terre
1515 1591 1620 1623 domi-

298 1646 354 1677 nio
369 1646 498 1687 aliquas
514 1644 615 1676 adicit
631 1645 788 1676 raciones.

342 1697 476 1729 Sextum
501 1695 682 1738 capitulum
705 1695 928 1727 diversitatem
955 1695 1040 1727 inter
1066 1694 1250 1726 dominium
1277 1703 1374 1735 super
1399 1694 1561 1726 elementa
1587 1699 1619 1726 et
1633 1698 1664 1730 6,

297 1749 538 1791 possessionem
561 1758 674 1779 eorum
697 1747 851 1786 ostendit,
877 1752 909 1778 et
931 1757 1023 1778 usum
1048 1746 1201 1788 loquendi
1224 1746 1266 1777 de
1289 1746 1496 1787 possessione
1511 1747 1620 1779 minus

296 1801 428 1842 proprie
444 1810 483 1831 ex
499 1800 675 1841 Scripturis
691 1799 841 1835 affirmat,
858 1799 941 1830 inter
956 1799 1196 1840 possessionem
1212 1803 1244 1829 et
1261 1808 1355 1829 usum
1371 1797 1582 1838 distinguens.

245 1857 284 1890 25
341 1852 524 1893 Septimum
547 1852 728 1893 capitulum
751 1851 894 1883 declarat
916 1850 1015 1882 istam
1038 1849 1235 1891 particulam
1262 1849 1496 1890 descripcionis
1521 1850 1619 1890 origi·
1634 1854 1662 1888 7.

297 1903 382 1935 nalis
398 1902 547 1939 dominii,
566 1902 771 1934 naturaliter
779 1901 952 1943 possideri,
970 1901 1143 1933 ostendens
1166 1901 1256 1942 quod
1278 1900 1435 1932 naturalis
1455 1901 1620 1942 possessio

296 1965 362 1986 non
378 1955 562 1996 prevenitur
584 1954 652 1985 iure
675 1954 787 1995 aliquo
805 1953 950 1995 positivo
970 1963 1029 1985 nec
1049 1957 1098 1984 est
1121 1953 1154 1984 in
1178 1953 1304 1994 impio;
1329 1957 1361 1984 et
1380 1952 1428 1983 ibi
1452 1953 1556 1985 obicit
1578 1953 1620 1984 de

256 2012 284 2042 G
297 2001 511 2048 perplexitate
538 2005 556 2025 ’¹‘
572 2010 605 2038 et
632 2005 731 2037 solvit
756 2004 992 2046 multipliciter,
1020 2004 1184 2035 affirmans
1211 2005 1351 2036 abusum
1380 2004 1558 2046 impiorum
1585 2006 1618 2036 in

296 2058 392 2090 rebus
409 2067 476 2089 esse
491 2058 659 2096 iniustum,
675 2056 839 2095 illicitum,
856 2061 953 2097 atque
968 2056 1184 2096 prohibitum.

244 2116 286 2146 30
342 2109 505 2141 Octavum
527 2109 719 2151 capitulum,
745 2107 985 2149 possessionem
1010 2107 1193 2139 naturalem
1219 2107 1413 2146 describens,
1446 2107 1618 2148 investigat
1631 2108 1660 2139 8.

297 2161 427 2202 qualem
457 2161 695 2202 possessionem
724 2159 840 2191 habuit
871 2159 982 2190 Adam
1009 2159 1109 2197 solus,
1138 2163 1171 2191 et
1201 2159 1332 2200 qualem
1360 2170 1436 2191 cum
1461 2159 1561 2198 socia,
1587 2164 1620 2191 et

296 2213 425 2253 qualem
442 2213 468 2244 si
483 2224 548 2244 non
564 2216 730 2254 peccasset
745 2211 794 2243 sui
810 2212 934 2252 posteri
949 2209 1149 2243 habuissent.

341 2265 476 2296 Nonum
492 2263 673 2305 capitulum
689 2263 843 2304 explanat
858 2273 959 2295 unum
975 2263 1009 2293 in
1033 2262 1219 2303 precedenti
1235 2261 1321 2293 libro
1338 2272 1469 2293 suasum
1485 2261 1526 2294 de
1542 2272 1617 2293 con·
1631 2272 1661 2304 9.

297 2316 482 2348 firmacione
498 2316 626 2347 iusticie
641 2316 674 2346 in
690 2315 763 2346 Ade
780 2315 936 2356 progenie
953 2314 981 2345 si
997 2314 1066 2355 ipse
1082 2314 1223 2346 stetisset
1237 2325 1244 2352 ;
1268 2318 1301 2345 et
1317 2314 1404 2345 ultra
1420 2314 1618 2354 disputando

244 2374 283 2406 35
298 2369 432 2410 inquirit
446 2368 593 2408 nunquid
609 2378 648 2399 eo
665 2378 741 2398 casu
757 2377 796 2398 ex
812 2366 923 2408 aliqua
938 2365 1080 2397 naturali
1101 2366 1174 2408 lege
1191 2370 1320 2406 poterat
1336 2366 1446 2396 Adam
1463 2366 1619 2406 possessi-

297 2430 393 2451 onem
410 2419 555 2461 aliquam
574 2418 764 2459 simpliciter
779 2418 946 2458 propriam
968 2417 1121 2448 habuisse
1137 2422 1194 2448 aut
1210 2417 1329 2458 aliquis
1346 2416 1488 2448 filiorum
1505 2416 1617 2457 ipsius,

341 2471 515 2502 Decimum
546 2469 727 2512 capitulum
753 2468 927 2500 obiciendo
954 2473 1051 2510 atque
1083 2468 1240 2500 solvendo
1270 2468 1409 2500 affirmat
1439 2468 1527 2508 quod
1557 2478 1617 2498 nec
1634 2477 1683 2499 10.

81 2529 171 2550 cum:
188 2529 243 2551 nec
253 2528 283 2552 B.
297 2522 408 2554 Adam
430 2532 490 2553 nec
506 2522 576 2553 Eva
593 2522 665 2560 soli,
681 2531 755 2552 cum
771 2520 827 2552 alii
844 2520 969 2552 fuerant
991 2520 1179 2562 propagati,
1196 2520 1322 2561 aliquid
1339 2519 1385 2550 eis
1401 2520 1618 2551 communiter

296 2574 409 2605 datum
425 2574 458 2604 in
474 2584 568 2605 usum
592 2573 785 2614 simpliciter
807 2572 937 2613 proprie
958 2572 1122 2613 possidere
1145 2577 1280 2613 propter
1294 2570 1461 2603 vinculum
1483 2571 1618 2602 unitatis

242 2631 285 2662 40
296 2625 439 2666 coniugii
455 2630 641 2666 potuerunt,
657 2625 761 2656 eciam
776 2634 836 2655 nec
850 2624 883 2654 in
899 2624 1090 2655 necessitate
1106 2628 1260 2655 extrema.

340 2677 557 2709 Undecimum
573 2677 766 2717 capitulum,
782 2675 975 2717 inquirendo
991 2675 1137 2716 nunquid
1153 2675 1211 2706 filii
1230 2675 1314 2713 Ade,
1334 2675 1361 2706 si
1377 2674 1447 2716 ipse
1462 2673 1612 2705 innocen·
1631 2683 1644 2705 1
1654 2682 1680 2705 Ι.

296 2729 381 2761 ciam
393 2730 556 2766 tenuisset,
566 2728 754 2759 habuissent
770 2728 874 2759 solam
890 2726 1125 2768 possessionem
1142 2727 1209 2758 iure
1225 2736 1443 2764 communem,
1458 2736 1523 2757 non
1539 2736 1615 2767 pro-

79 2780 256 2812 dz'ssz'nz'ens
294 2781 409 2822 priam,
426 2780 612 2821 probabilia
628 2791 688 2821 pro
704 2783 840 2820 utraque
858 2784 950 2820 parte
966 2779 1110 2817 adducit,
1127 2778 1229 2810 nichil
1246 2778 1415 2809 diffiniens.

81 2831 112 2854 B.
336 2832 577 2864 Duodecimum
601 2831 782 2874 capitulum
805 2831 870 2862 alia
894 2830 1079 2872 probabilia
1103 2830 1200 2862 adicit
1224 2830 1292 2872 pari
1309 2830 1421 2870 modo,
1438 2839 1500 2870 que
1516 2828 1615 2863 valde
1631 2840 1678 2862 12.
