2095 3278
201 201 286 246 450

435 2742 480 2776 X.

863 202 1066 235 RICARDI
1100 203 1405 235 ARMACHANI
1855 190 2030 248 [LIB.1V.

486 328 560 351 non
586 323 642 352 est
665 316 735 352 nisi
757 324 905 362 propter
928 317 1180 363 ignoranciam
1204 318 1465 362 invincibilem,
1490 324 1527 353 et
1553 318 1636 353 ideo
1662 322 1917 364 excusa-[41D

485 381 562 410 tam
581 375 618 409 in
637 375 757 410 iudice
776 376 875 420 apud
895 377 1029 419 Deum,
1048 388 1121 411 non
1140 383 1194 411 est
1212 375 1273 410 illa
1290 376 1477 420 possessio
1494 388 1560 421 per
1576 377 1647 410 hoc
1666 375 1773 410 iusta.

535 434 625 467 IOH.
650 433 786 467 Adhuc
805 441 931 468 contra
950 435 1020 468 hoc
1045 434 1186 468 dictum
1213 446 1297 468 cum
1315 434 1403 468 viris
1424 433 1624 468 mundanis
1648 434 1814 468 exclamo

486 491 585 536 quod
603 491 670 525 iste
695 491 931 526 conformans
957 504 997 526 se
1022 503 1066 526 ac
1092 492 1362 526 conscienciam
1390 503 1497 526 suam
1522 490 1581 526 isti
1608 491 1678 536 legi
1705 491 1812 535 iuste,

487 548 547 583 isti
568 549 662 583 iusto
680 548 827 592 iudicio,
847 556 882 584 et
908 549 1139 584 consciencie
1166 549 1297 584 iudicis
1325 549 1411 583 iusti
1432 548 1550 593 istius,
1575 549 1667 584 iuste
1691 549 1811 584 eciam
1826 560 1843 591 5

487 606 697 650 iudicantis,
718 607 859 642 habens
878 614 930 642 tot
948 606 1163 642 innocencie
1183 618 1246 641 sue
1265 606 1438 652 presidia,
1457 618 1525 642 nec
1542 619 1565 641 a
1583 608 1664 642 Deo
1682 618 1751 642 nec
1764 607 1812 641 ab

488 664 638 699 homine
656 665 791 709 poterit
813 665 1090 710 condempnari,
1119 671 1174 699 set
1203 665 1379 699 innocens
1404 677 1448 699 ac
1470 676 1558 700 sane
1585 664 1815 700 consciencie

488 723 600 757 debet
618 722 746 766 pocius
764 723 935 767 reputari.

538 781 625 814 RIC.
653 781 741 814 Non
760 787 845 815 sunt
863 780 945 823 ista,
964 787 1003 815 ut
1022 780 1140 824 fingis,
1161 780 1381 815 innocencie
1399 780 1570 825 presidia,
1590 787 1645 815 set
1663 781 1813 825 vulpine

489 837 721 872 consciencie
748 844 833 873 sunt
862 845 1100 879 commenta;
1127 838 1302 883 quoniam
1328 850 1396 872 nec
1422 838 1505 882 legi,
1532 839 1618 883 quia
1643 850 1717 872 non
1743 838 1813 873 nisi
1830 850 1870 872 10

489 896 613 931 verbis
640 896 732 940 legis
762 895 816 941 (ut
844 894 1032 939 diximus),
1060 903 1188 930 contra
1218 895 1469 930 intencionem
1496 896 1597 946 legis,
1624 908 1692 931 nec
1718 896 1815 931 iusto
1828 912 1937 943 supra,
1954 912 1985 943 p.

490 953 638 996 iudicio,
657 961 838 999 quatenus
856 961 912 989 est
930 953 1065 989 iustum
1086 954 1252 998 (scilicet,
1273 954 1396 999 quoad
1414 954 1541 998 agens)
1563 960 1617 989 set
1636 961 1817 998 quatenus
1831 945 1906 986 448-

489 1018 544 1046 est
572 1011 749 1046 iniustum
778 1011 942 1056 (scilicet,
962 1012 1085 1056 quoad
1111 1011 1292 1056 passum),
1321 1023 1391 1045 nec
1418 1011 1548 1046 iudicis
1575 1011 1817 1056 consciencie,

488 1073 671 1111 quatenus
690 1072 747 1100 est
773 1066 869 1101 iusta
889 1065 1055 1110 (scilicet,
1084 1066 1119 1100 in
1146 1067 1216 1100 hoc
1244 1066 1344 1111 quod
1372 1066 1471 1111 cupit
1498 1066 1698 1101 intencioni
1724 1067 1815 1111 legis

488 1125 724 1160 conformiter
754 1126 914 1170 proferre
942 1125 1132 1168 iudicium)
1162 1132 1216 1159 set
1244 1130 1425 1169 quatenus
1452 1131 1508 1159 est
1542 1137 1697 1160 erronea
1728 1125 1815 1170 (sci-
1832 1136 1870 1168 15

489 1183 584 1227 licet,
612 1183 647 1217 in
674 1184 744 1218 hoc
770 1183 870 1228 quod
896 1183 1010 1218 credit
1037 1182 1281 1227 probaciones
1307 1194 1391 1217 esse
1409 1182 1606 1226 veridicas,
1633 1195 1717 1217 cum
1743 1183 1818 1217 sint

488 1239 609 1284 false),
636 1241 708 1276 ista
733 1241 884 1285 vulpina
912 1241 1145 1276 consciencia
1172 1252 1211 1275 se
1238 1241 1457 1275 conformat.
1509 1241 1622 1276 Unde
1649 1241 1817 1276 clarescit

489 1299 588 1344 quod
614 1299 847 1334 consciencia
873 1299 944 1334 ista
970 1311 1038 1334 nec
1064 1311 1086 1333 a
1112 1300 1191 1343 lege
1217 1311 1286 1333 nec
1303 1310 1325 1332 a
1344 1299 1439 1333 iusto
1458 1298 1577 1334 iudice
1596 1305 1658 1333 aut
1676 1300 1722 1334 ab
1740 1299 1818 1334 eius

490 1357 586 1391 iusto
612 1356 749 1391 iudicio
774 1357 838 1391 tali
866 1357 1000 1392 iniusto
1025 1357 1141 1391 actori
1165 1357 1386 1401 inprimitur,
1406 1364 1461 1391 set
1481 1369 1503 1391 a
1527 1357 1728 1402 cupiditate
1747 1365 1816 1392 ter-

489 1426 580 1449 rena
608 1415 850 1459 confingitur;
879 1415 1065 1460 quoniam,
1091 1415 1195 1450 sicud
1220 1416 1276 1450 lex
1298 1416 1392 1458 talis,
1417 1422 1598 1460 quatenus
1620 1415 1657 1449 in
1680 1427 1725 1451 ea
1747 1422 1815 1459 est,
1831 1424 1871 1445 20

490 1472 617 1507 tribuit
632 1473 763 1517 cuique
781 1473 880 1517 quod
898 1479 953 1508 est
973 1484 1091 1516 suum,
1107 1474 1122 1492 *
1137 1474 1345 1508 nullatenus
1362 1473 1536 1517 alienum,
1551 1473 1725 1518 quoniam
1742 1485 1816 1508 non
1828 1476 1913 1506 42A

490 1536 546 1565 est
570 1530 642 1564 hoc
664 1530 754 1574 legis
780 1530 952 1574 officium,
980 1531 1033 1565 sic
1059 1530 1179 1565 omnis
1206 1530 1315 1565 iudex
1341 1530 1458 1565 iustus
1484 1537 1519 1565 et
1544 1542 1654 1566 omne
1681 1531 1817 1566 iustum

492 1588 669 1623 iudicium
696 1588 734 1623 id
761 1588 860 1623 idem
886 1588 1068 1624 intendit:
1098 1596 1225 1624 contra
1251 1600 1364 1634 quam
1391 1588 1639 1624 intencionem
1665 1589 1733 1624 iste
1751 1590 1817 1624 ini-

491 1658 584 1692 quus
603 1653 771 1691 acceptat
790 1658 863 1681 non
883 1657 970 1690 sua3
997 1658 1041 1682 ac
1055 1655 1182 1681 contra
1194 1651 1313 1691 legem
1327 1646 1397 1682 Dei
1413 1646 1609 1691 dicentem,
1627 1648 1818 1682 Fraudem

490 1716 536 1739 ne
550 1705 698 1749 feceris,
728 1706 845 1739 Marc.
872 1717 904 1739 Χ.
928 1714 981 1748 19,
1006 1711 1042 1739 et
1068 1705 1188 1739 Exod.
1215 1717 1271 1739 xx.
1296 1714 1347 1749 17,
1377 1706 1464 1739 Non
1487 1707 1714 1750 concupisces
1741 1717 1817 1740 rem
1834 1715 1871 1747 25

484 1764 661 1808 proximi
675 1764 765 1803 taz]
787 1769 823 1797 et
849 1769 978 1797 contra
1003 1764 1123 1807 legem
1149 1770 1281 1797 nature
1299 1774 1369 1808 que
1388 1763 1489 1807 dicit,
1508 1763 1644 1797 Omnia
1661 1775 1818 1808 quecun-

492 1832 563 1865 que
579 1821 700 1854 vultis
717 1824 761 1854 ul
769 1821 926 1865 faciant
949 1821 1053 1855 vobis
1077 1821 1244 1855 homines
1267 1825 1303 1855 et
1326 1832 1392 1854 vos
1407 1822 1529 1866 facite
1553 1821 1658 1863 illz's;
1681 1822 1745 1856 hec
1767 1825 1822 1856 est

492 1880 590 1912 enim
616 1879 680 1912 lex
700 1882 736 1912 et
752 1878 945 1923 prophete,
973 1880 1066 1913 Mat.
1086 1879 1145 1913 vii.
1169 1888 1221 1921 12,
1248 1890 1333 1913 cum
1359 1890 1433 1913 non
1461 1879 1507 1913 sit
1534 1879 1730 1924 quisquam
1757 1880 1819 1924 qui

492 1937 649 1971 alterum
674 1936 784 1970 vellet
812 1935 947 1970 iudicio
974 1936 1096 1981 aliquo
1122 1937 1169 1971 ab
1195 1948 1239 1971 eo
1263 1948 1330 1971 sua
1347 1936 1521 1981 recipere.
1574 1938 1680 1981 Item,
1699 1937 1818 1972 eciam

491 2000 621 2028 contra
638 1994 758 2038 legem
777 1994 980 2028 humanam
1002 1995 1131 2039 recipit
1156 1995 1255 2028 bona
1278 2006 1352 2029 non
1380 2006 1448 2029 sua
1471 2001 1534 2029 aut
1557 1995 1705 2039 detinet,
1722 1996 1816 2030 affir-
1832 2004 1873 2034 30

494 2058 671 2093 mantem,
695 2050 795 2085 iuxta
823 2057 988 2086 tenorem
1011 2051 1206 2086 iuramenti
1230 2052 1452 2097 calumpnie,
1481 2053 1580 2097 quod
1601 2054 1720 2088 nullus
1748 2053 1819 2088 liti-

493 2120 586 2153 gans
621 2108 798 2143 falsidicis
832 2109 1117 2153 probacionibus
1151 2110 1203 2144 uti
1238 2110 1371 2153 debet3
1399 2117 1527 2145 contra
1559 2122 1671 2155 quam
1701 2112 1821 2155 legem

494 2178 578 2201 cum
597 2178 783 2211 perversa,
804 2166 918 2201 immo
944 2167 1134 2211 subversa,
1162 2168 1394 2203 consciencia
1418 2168 1486 2203 iste
1507 2175 1570 2203 aut
1594 2168 1732 2204 detinet
1756 2175 1819 2204 aut

494 2224 624 2269 recipit
660 2224 730 2259 ista
759 2225 871 2259 bona.
936 2226 1156 2270 Quicunque
1189 2226 1289 2261 enirn
1323 2230 1439 2260 totam
1466 2227 1581 2271 legem
1608 2229 1822 2261 servaverit

493 2283 655 2327 offi’ndat
670 2286 793 2316 autem
812 2284 852 2315 in
871 2293 944 2316 uno
952 2283 1084 2327 factus
1100 2287 1155 2317 est
1170 2284 1336 2317 omnium
1356 2294 1451 2326 reus,
1470 2284 1543 2317 Iac.
1560 2283 1594 2317 ii.
1614 2293 1665 2317 10.
1706 2284 1818 2319 Unde
1832 2292 1871 2324 35

494 2340 605 2374 istum
634 2346 947 2383 transgressorem
982 2340 1197 2385 simpliciter
1230 2340 1320 2384 legis
1352 2340 1423 2375 Dei
1454 2347 1489 2375 et
1520 2341 1712 2375 hominum
1739 2353 1821 2377 esse

492 2404 637 2432 constat
655 2410 661 2431 :
688 2404 724 2432 et
744 2398 843 2442 quod
861 2397 995 2432 frustra
1015 2398 1083 2432 sibi
1104 2398 1173 2443 ipsi
1188 2398 1378 2432 blanditur
1395 2399 1440 2432 de
1459 2398 1693 2433 consciencia
1710 2410 1822 2444 quam

492 2456 605 2490 habet
627 2456 855 2489 conformem
879 2455 941 2489 uni
966 2455 1046 2499 legi,
1066 2456 1180 2490 immo
1205 2467 1278 2490 non
1297 2456 1367 2500 legi
1389 2462 1443 2490 set
1461 2456 1582 2490 verbis
1608 2456 1699 2500 legis
1717 2457 1820 2491 dum—

494 2520 604 2556 taxat,
622 2514 734 2547 aliam
756 2513 1008 2558 impugnando
1029 2525 1138 2558 super
1155 2514 1252 2548 facto
1272 2514 1370 2558 quod
1388 2514 1445 2548 lex
1468 2515 1640 2558 reprobat
1658 2520 1692 2549 et
1712 2515 1820 2549 iudex

495 2571 650 2615 ignorat,
669 2577 707 2605 ut
725 2571 894 2615 ponitur3
922 2571 1023 2616 quod
1038 2571 1175 2605 factum
1195 2571 1225 2606 si
1243 2571 1312 2615 legi
1331 2578 1393 2605 aut
1414 2571 1523 2606 iudici
1542 2571 1710 2606 ministro
1728 2573 1818 2617 legis
1830 2577 1873 2609 40

494 2635 691 2673 constaret,
710 2640 944 2674 nequaquam
963 2640 1029 2673 pro
1049 2629 1108 2664 illo
1126 2629 1238 2664 talem
1258 2630 1434 2675 proferret
1454 2629 1694 2664 sentenciam.

546 2743 777 2776 IOHANNES.
804 2743 852 2776 Et
879 2743 999 2786 legem
1024 2748 1059 2776 et
1087 2741 1244 2777 iudicem
1270 2743 1392 2777 habeo
1420 2748 1614 2777 excusatos
1640 2748 1675 2777 et
1702 2744 1821 2777 risum
1836 2745 1924 2778 Eccl.
1942 2745 1975 2776 ii.
1995 2754 2022 2777 2.

497 2810 618 2834 meum
645 2803 773 2844 reputo
799 2801 875 2834 iam
902 2811 1074 2843 errorem,
1093 2804 1128 2834 et
1150 2801 1229 2834 dico
1249 2800 1403 2846 gaudio,
1431 2801 1535 2845 Quid
1544 2800 1702 2844 frustra
1727 2801 1821 2835 deci-
