2008 3305
131 189 214 242 296

304 768 394 802 XII.

132 824 173 850 Of
187 823 294 850 limited
306 825 396 851 domi-

130 859 222 884 nium.

802 197 1006 229 RICARDI
1040 197 1344 230 ARMACHANI
1794 189 1897 248 [Lis.
1942 222 1950 231 .

408 308 609 336 vocantur:
639 307 693 335 set
726 313 809 336 cum
839 302 951 347 aliqui
980 302 1053 337 sint
1083 303 1120 336 in
1150 315 1216 337 sua
1246 303 1386 347 origine
1413 302 1493 337 aliis
1518 314 1593 336 non
1618 303 1736 337 solum
1752 308 1827 354 [6Α

406 359 564 403 amplius
589 359 736 403 gloriosi
764 366 818 394 set
841 360 892 395 eis
917 360 1103 405 prepositi,
1122 372 1186 395 cur
1203 360 1253 395 illi
1272 361 1446 406 prepositi
1466 372 1539 395 non
1559 360 1631 395 sint
1651 362 1736 396 sub·

406 417 582 452 iectorum
601 418 669 452 sibi
689 418 705 437 *
727 418 921 463 spirituum
938 419 1083 452 domini
1100 419 1308 463 appellandi
1327 430 1401 453 non
1415 418 1534 453 video.
1750 426 1780 454 B

456 477 542 510 RIC.
570 476 667 520 Quia
691 483 839 521 propter
860 477 1021 511 officium
1044 478 1128 518 tale,
1149 477 1242 512 sicut
1262 488 1330 511 nec
1348 477 1539 511 hominum
1557 477 1736 519 homines,

406 533 457 568 ita
482 545 550 568 nec
577 534 771 579 spirituum
799 534 947 579 spiritus
974 535 1121 569 domini
1144 542 1228 569 sunt
1255 535 1401 569 dicendi
1422 547 1428 570 :
1457 536 1556 580 quod
1579 535 1645 569 tibi
1664 535 1768 573 iam5

407 592 536 635 patuit,
570 599 605 627 et
639 592 773 626 clarius
806 593 998 637 apparebit
1030 604 1114 627 cum
1149 593 1194 628 de
1227 592 1370 628 actibus
1398 605 1462 629 seu
1492 605 1559 628 usu
1585 593 1737 628 dominii

407 649 555 684 inferius
575 650 789 695 inquiretur.

461 764 687 799 IOHANNES.
716 765 848 808 Angeli
867 764 976 809 igitur
995 765 1127 800 nullius
1145 765 1197 800 rei
1217 766 1354 800 habent
1374 765 1565 800 dominia?

456 823 685 857 RICARDUS.
714 824 800 856 Non
830 823 1015 867 sequitur:
1056 835 1139 858 cum
1170 824 1269 858 enim
1304 823 1428 858 anima
1462 823 1657 859 racionalis
1692 823 1739 858 sit

407 881 622 925 ymaginum
649 892 714 915 seu
732 881 932 915 formarum
958 893 1023 916 seu
1050 882 1257 926 specierum
1280 884 1382 916 locus
1405 883 1609 916 secundum
1636 888 1740 916 tuum
1756 888 1795 909 10

408 939 669 984 philosophum
695 939 732 973 in
759 950 824 973 suo
850 939 942 974 libro
968 940 1014 974 de
1040 940 1187 983 Anima,
1213 952 1255 974 ex
1282 940 1413 985 quibus
1437 939 1630 985 speciebus
1654 952 1739 985 pro-

408 998 546 1032 cedunt
566 1003 670 1031 actus
698 1008 789 1041 quos
815 997 1061 1032 immanentes
1081 998 1129 1032 ibi
1147 1004 1183 1033 et
1203 997 1238 1032 in
1256 1009 1355 1032 nono
1373 998 1464 1032 libro
1494 998 1739 1043 Metaphisice

408 1062 508 1089 recte
527 1055 741 1099 appellatur,
761 1055 812 1089 sic
830 1062 886 1089 est
904 1056 1130 1090 censendum
1154 1057 1201 1090 de
1219 1056 1358 1100 angelis
1377 1056 1475 1101 quod
1494 1056 1625 1100 singuli
1645 1063 1740 1099 sunt,

410 1113 496 1157 quia
530 1125 603 1147 una
638 1112 834 1157 spiritualis
863 1113 963 1156 regio
1005 1112 1328 1147 innumerabilium
1371 1113 1500 1147 talium
1540 1114 1741 1148 formarum

408 1171 655 1216 spiritualium
684 1178 720 1206 et
749 1177 897 1205 actuum
926 1171 1161 1206 contentiva:
1198 1171 1295 1205 unde
1325 1183 1432 1215 super
1454 1171 1596 1216 aliquos
1617 1171 1740 1205 huius-
1756 1187 1793 1219 15

411 1229 512 1263 modi
531 1236 635 1264 actus
653 1229 825 1263 videntur
847 1230 984 1263 habere
1010 1228 1226 1271 dominium,
1245 1240 1330 1263 cum
1351 1229 1433 1263 illos
1451 1235 1555 1263 actus
1573 1240 1640 1274 pro
1656 1235 1741 1264 voto

410 1293 575 1330 teneant,
594 1286 774 1329 abiceant,
793 1287 973 1330 minuant,
992 1293 1027 1320 et
1052 1293 1301 1330 augmentent,
1321 1293 1357 1321 et
1384 1287 1437 1330 (ut
1463 1286 1558 1321 infra
1582 1286 1739 1331 patebit)

411 1346 572 1380 vendere
590 1356 717 1379 eorum
735 1344 878 1390 aliquos
897 1345 1052 1388 valeant,
1071 1351 1133 1379 aut
1156 1351 1241 1379 ante
1266 1344 1588 1380 confirmacionem
1612 1345 1742 1379 saltem

412 1414 476 1438 eos
493 1404 652 1438 vendere
677 1414 744 1448 pro
770 1409 897 1438 eterna
922 1402 1151 1438 beatitudine
1177 1409 1398 1447 potuerunt3
1427 1402 1522 1438 sicut
1546 1408 1633 1438 ante
1659 1414 1742 1437 con-

412 1461 665 1496 firmacionem
698 1461 869 1496 homines
895 1462 1088 1496 valuerunt
1120 1467 1156 1496 et
1182 1461 1306 1496 valent
1338 1461 1458 1496 eciam
1491 1459 1528 1494 in
1554 1460 1715 1505 presenti
1733 1472 1740 1504 ;
1758 1478 1798 1499 20

412 1520 496 1554 licet
524 1519 641 1564 angeli
671 1521 764 1554 tales
794 1525 899 1554 actus
930 1519 966 1553 in
997 1531 1064 1554 sua
1093 1518 1234 1563 origine
1260 1519 1413 1554 forsitan
1436 1530 1509 1553 non
1542 1519 1742 1562 habebant,

412 1578 519 1612 sicuti
550 1589 618 1613 nec
647 1578 819 1612 homines
849 1577 884 1611 in
915 1589 981 1612 suo
1007 1577 1208 1622 primordio
1235 1577 1449 1620 habuerunt,
1476 1577 1569 1612 sicut
1593 1577 1743 1612 inferius

412 1636 629 1671 suadebitur
663 1648 729 1671 suo
763 1637 853 1670 loco.
919 1637 989 1670 Pro
1029 1635 1183 1670 istorum
1220 1642 1370 1670 actuum
1404 1635 1569 1670 dominio
1602 1635 1743 1670 dictum

412 1695 558 1729 videtur
590 1706 613 1729 a
648 1695 731 1729 Deo
765 1695 813 1728 ad
850 1695 978 1738 Caym,
1009 1695 1103 1729 Gen.
1135 1694 1180 1728 iv.
1215 1702 1247 1736 7,
1281 1694 1416 1728 Nonne
1447 1695 1483 1727 si
1514 1694 1599 1727 bene
1626 1695 1745 1739 egeris

412 1754 565 1797 recipies
577 1753 597 1787 ,ἲ
644 1753 680 1786 si
693 1763 781 1786 vero
794 1752 900 1794 male,
912 1753 1041 1786 statim
1056 1753 1097 1786 in
1105 1752 1258 1796 foribus
1263 1754 1457 1796 peccatum
1469 1755 1576 1785 tuum
1591 1752 1715 1785 aderit
1725 1752 1745 1785 ?

412 1815 466 1845 set
481 1810 547 1844 sub
564 1815 599 1845 te
622 1812 696 1844 erit
719 1811 907 1855 appetitus
932 1811 1011 1844 eius
1036 1814 1072 1844 et
1095 1815 1138 1844 tu
1162 1810 1411 1844 dominaberis
1436 1809 1570 1844 illius:
1595 1808 1656 1844 ubi
1682 1821 1743 1844 ex·
1759 1825 1796 1856 25

413 1868 582 1913 primitur
600 1869 717 1912 Caym
737 1879 846 1912 super
867 1868 1072 1912 appetitum
1096 1868 1237 1912 peccati
1254 1866 1430 1902 habuisse
1448 1874 1572 1901 actum
1590 1867 1744 1901 dominii

415 1927 482 1961 sui.
535 1928 616 1961 Nec
634 1927 671 1960 id
695 1927 741 1961 de
759 1925 902 1970 angelis
922 1926 1114 1970 Scriptura
1137 1925 1259 1960 omisit
1284 1925 1391 1959 nobis
1410 1925 1573 1968 innuere,
1593 1936 1677 1959 cum
1698 1926 1744 1960 de

415 1981 597 2023 Lucifero,
611 1981 695 2016 licet
713 1981 750 2015 in
767 1981 946 2025 parabola
964 1992 1027 2015 seu
1047 1981 1162 2025 figura
1180 1979 1340 2023 alterius,
1353 1980 1405 2014 sic
1417 1979 1596 2025 expressit
1615 1992 1622 2015 z
1645 1980 1744 2025 Quo·

414 2041 520 2073 modo
553 2039 728 2083 cecidisti,
755 2039 920 2084 Lucifer,
938 2040 981 2072 de
1006 2039 1090 2082 celo,
1117 2040 1185 2083 qui
1204 2049 1315 2072 mane
1332 2039 1543 2072 oriebaris?
1569 2044 1650 2081 ete„
1677 2039 1747 2082 qui

414 2098 555 2132 dicebas
580 2099 621 2131 in
640 2098 745 2131 corde
761 2102 834 2139 tuo,
854 2098 901 2131 In
919 2097 1034 2131 celum
1052 2097 1302 2139 conscendam,
1320 2098 1434 2141 super
1454 2100 1559 2130 astra
1584 2096 1660 2129 Dei
1683 2107 1742 2129 ex·
1757 2109 1798 2140 30

414 2156 537 2190 altabo
565 2156 699 2189 solium
727 2166 860 2198 mcum,
887 2155 1010 2189 sedebo
1039 2156 1080 2188 in
1107 2159 1228 2188 monte
1253 2156 1474 2196 testamenti,
1498 2155 1540 2187 in
1564 2153 1743 2187 lateribus

415 2214 614 2258 aquilonis.
663 2213 873 2247 Ascendam
894 2215 1009 2258 super
1030 2213 1272 2246 altitudinem
1290 2213 1458 2254 nubium,
1476 2215 1513 2245 et
1528 2223 1588 2245 ero
1605 2211 1743 2245 similis

414 2272 625 2306 Altissimo.
664 2272 948 2316 Verzcmptamen
960 2272 1001 2304 in
1015 2271 1206 2315 infernum
1220 2269 1438 2312 detraheris,
1458 2271 1498 2303 in
1506 2268 1741 2313 profundum

414 2331 499 2373 laci,
535 2331 621 2363 Ysa.
657 2329 726 2363 xiv.
762 2337 878 2372 12-15.
922 2328 998 2364 Ubi
1028 2328 1114 2373 quia
1145 2328 1299 2362 modum
1329 2327 1495 2372 previum
1530 2327 1641 2370 casui,
1668 2338 1743 2360 non

416 2388 537 2432 ipsum
563 2398 689 2421 casum
717 2387 874 2421 Luciferi
901 2397 965 2421 seu
999 2386 1076 2420 eius
1110 2392 1302 2430 peccatum
1329 2384 1576 2429 dampnabile,
1603 2384 1746 2419 videtur
1759 2396 1797 2426 35

416 2445 623 2480 describere
650 2445 751 2489 (quia
778 2444 895 2489 querit
924 2444 1111 2488 Quomodo
1135 2444 1312 2485 cecedisti,
1339 2443 1522 2487 Lucifer?
1556 2449 1592 2477 et
1618 2453 1744 2477 conse-

415 2510 569 2548 quenter
586 2504 738 2537 modum
752 2503 851 2536 illum
870 2502 1082 2537 describens
1100 2502 1223 2545 adicit,
1242 2501 1319 2546 Qui
1333 2502 1475 2535 dicebas
1492 2501 1532 2534 in
1551 2501 1655 2534 corde
1671 2504 1745 2544 tuo,

414 2561 513 2606 eto),
554 2561 656 2606 sequi
687 2560 832 2595 videtur
863 2560 961 2605 quod
990 2560 1059 2595 hec
1090 2559 1208 2593 diccio
1238 2559 1275 2593 in
1302 2559 1414 2593 corde
1444 2570 1511 2593 suo
1536 2558 1658 2592 taliter
1690 2569 1744 2592 re-

414 2621 597 2665 prehensa
615 2618 790 2663 precessit
808 2629 915 2652 suum
933 2625 1127 2662 peccatum
1151 2617 1386 2660 mortiferum,
1406 2622 1583 2660 tanquam
1607 2615 1745 2660 aliquid

414 2678 570 2713 liberum
606 2678 672 2712 sub
707 2682 891 2721 potestate
927 2676 1018 2710 illius
1052 2675 1128 2709 sive
1163 2675 1326 2709 dominio
1356 2674 1622 2715 constitutum3
1660 2685 1743 2708 cum
1757 2680 1799 2711 40

416 2737 535 2770 nullus
561 2736 653 2769 alius
681 2735 856 2769 innocens
884 2745 950 2778 pro
977 2733 1160 2778 aliquibus
1192 2732 1404 2777 simpliciter
1430 2732 1498 2766 sibi
1526 2732 1743 2767 necessariis

417 2794 551 2828 debeat
578 2792 806 2837 reprehendi.
859 2791 925 2826 Cui
954 2791 1070 2825 simile
1097 2791 1142 2825 de
1170 2791 1248 2834 ipso
1277 2790 1423 2824 Cherub
1447 2789 1589 2833 dicitur,
1610 2791 1740 2825 Ezech.
