2095 3278
52 206 137 235 OAP.
160 191 239 250 vr]
602 202 667 233 DE
701 201 944 234 PAUPERIE
977 201 1291 234 sALVATORIS.
1802 205 1885 247 443

155 311 258 353 40A]
280 318 598 362 apropinquans&
621 318 701 361 sibi,
726 324 807 360 etc„
825 318 936 352 Deut.
961 317 1005 352 iv,
1028 325 1059 360 7,
1083 323 1118 352 et
1141 318 1208 352 Ex.
1233 317 1313 352 xxii.
1343 318 1398 360 28,
1417 317 1506 351 Diis
1531 328 1604 351 non

278 377 456 417 detrahes,
481 376 541 409 ubi
567 376 734 410 homines
757 375 989 420 presidentes
1013 376 1072 409 dz'z'
1092 382 1281 409 vocantur.
1331 375 1495 419 Angelos
1518 387 1605 409 vero

278 435 395 468 bonos
420 434 553 467 Paulus
579 434 662 467 deos
686 435 857 479 appellat,
880 444 960 467 cum
987 433 1097 475 dicat,
1115 434 1209 467 Etsi
1229 434 1307 466 sint
1328 434 1397 477 qui
1421 437 1607 467 vocantur

279 491 337 525 dz'z'
350 493 430 525 sive
451 492 492 525 z'n
516 491 587 525 celo
608 492 688 525 sz've
710 493 750 525 in
775 496 888 534 terra,
905 492 1087 536 siquidem
1113 495 1203 525 sunt
1224 491 1340 525 multi
1359 490 1419 525 dz'z'
1435 494 1470 525 et
1492 491 1609 525 multi

243 553 260 585 5
279 550 431 592 domini,
450 549 568 594 prima
586 549 634 583 ad
654 550 736 584 Cor.
755 549 826 584 viii.
847 558 878 594 5.

229 672 260 701 Β
329 664 346 684 *
366 666 596 700 IOHANNES.
633 665 690 698 Ex
720 663 911 709 premissis
943 663 997 708 (ut
1030 663 1142 698 michi
1172 662 1332 708 videtur)
1364 663 1605 709 consequitur
1623 672 1690 706 VI,

279 724 379 769 quod
392 724 548 758 heredes
561 722 725 757 dominia
739 734 812 757 non
826 723 962 757 habent
978 722 1014 756 in
1027 723 1135 757 bonis
1149 722 1325 767 paternis,
1340 734 1424 757 cum
1436 721 1602 767 patribus
1623 734 1654 772 15
1670 740 1717 760 not
1737 733 1792 760 this
1810 735 1875 773 ἀρε.

279 782 353 817 suis
380 781 417 815 in
443 788 596 826 peccato
622 781 766 815 mortali
793 782 1005 824 succedunt,
1025 792 1092 815 nec
1119 780 1300 815 donatarii
1327 787 1540 825 peccatores
1565 780 1601 814 in
1621 769 1872 828 ζῖἓῐιζζξᾜῗζξ

279 841 332 874 eis
359 840 516 881 donatis,
535 850 603 873 nec
630 838 922 883 stipendiarii.in
949 838 1143 883 stipendiis
1169 851 1234 883 per
1256 850 1320 873 eos
1346 839 1512 883 receptis,
1533 849 1602 873 nec

224 905 262 926 10
279 897 445 942 legatarii
470 904 681 942 peccatores
706 897 743 930 in
768 896 836 932 sibi
859 896 1012 941 legatis3
1039 904 1075 931 et
1101 897 1153 932 ita
1169 897 1314 931 videtur
1335 896 1458 940 michi,
1478 897 1507 931 si
1532 896 1603 931 ista

279 956 325 991 sit
358 968 446 990 vera
479 955 631 990 dominii
666 955 882 1000 descripcio,
917 956 1017 1000 quod
1052 956 1313 990 subvertuntur
1342 966 1471 989 omnes
1504 955 1602 999 leges

277 1015 437 1049 humane
464 1014 509 1048 de
534 1025 655 1048 rerum
682 1013 857 1048 dominiis
883 1025 954 1059 que
980 1013 1190 1048 indistincte
1221 1014 1313 1048 fiunt
1341 1025 1407 1058 pro
1434 1013 1541 1047 malis
1567 1019 1603 1048 et

276 1072 394 1120 bonis,
413 1078 452 1106 ut
478 1072 620 1116 possint
646 1078 772 1116 petere
795 1083 838 1106 ac
861 1083 1076 1116 recuperare
1100 1083 1165 1116 per
1188 1071 1364 1106 iudicium
1389 1073 1521 1116 legata,
1540 1071 1602 1106 do-

279 1138 379 1174 nata,
398 1130 631 1173 hereditaria,
650 1137 686 1164 et
704 1141 768 1175 pro
787 1130 972 1164 laboribus
992 1130 1061 1165 sibi
1081 1130 1275 1175 promissa.

222 1199 260 1230 15
327 1190 553 1223 RICARDUS.
588 1190 704 1223 Recte
723 1189 913 1222 concludis
932 1190 1071 1222 nullum
1090 1189 1126 1222 in
1145 1195 1299 1233 peccato
1317 1188 1462 1223 mortali
1482 1199 1603 1222 rerum
1621 1199 1747 1226 Answer.

280 1247 416 1281 habere
448 1245 664 1288 dominium,
693 1253 747 1281 set
783 1246 911 1291 pocius
944 1248 1182 1291 reprobatam
1208 1258 1230 1281 a
1257 1248 1340 1281 Deo
1367 1246 1603 1289 tirannidem,

281 1312 316 1341 et
334 1305 406 1340 alia
424 1311 691 1351 consequenter
706 1316 712 1339 :
733 1316 808 1339 non
824 1311 949 1339 tamen
963 1305 1030 1339 rite
1044 1305 1155 1339 infers
1172 1305 1323 1340 ulterius
1338 1305 1438 1350 quod
1453 1304 1505 1339 sic
1520 1305 1603 1339 sub-

282 1370 471 1398 vertantur
484 1364 584 1407 leges
600 1364 770 1406 humane,
786 1363 961 1408 quoniam
977 1363 1075 1397 nulla
1089 1364 1147 1397 lex
1160 1362 1254 1398 iusta
1268 1375 1333 1408 per
1349 1375 1393 1398 ea
1407 1374 1477 1408 que
1492 1363 1602 1397 infers
1622 1366 1670 1394 No
1684 1368 1737 1393 law
1751 1377 1782 1394 or
1796 1367 1870 1401 legal

284 1422 515 1464 subvertitur,
541 1428 595 1456 set
620 1422 781 1466 quelibet
807 1433 1008 1466 congruum
1034 1422 1158 1455 locum
1182 1422 1295 1456 habet
1315 1428 1391 1456 tam
1415 1421 1452 1455 in
1478 1421 1603 1466 probis
1621 1402 1887 1468 fgggfiigfflffffghffi

56 1484 94 1514 z'n
111 1493 174 1514 om.
190 1489 220 1514 Β.
283 1492 395 1526 quam
408 1479 445 1513 in
459 1479 634 1524 improbis
650 1492 659 1521 ;
679 1479 850 1522 quoniam
866 1480 921 1514 lex
936 1479 1154 1513 adiudicans
1168 1479 1343 1524 legatario
1358 1478 1426 1514 sibi
1441 1480 1604 1523 legatum

283 1550 348 1573 seu
363 1538 437 1572 filio
455 1537 667 1583 cuiusquam
686 1537 930 1572 hereditatem
945 1544 1148 1582 paternam,
1162 1537 1409 1583 stipendiariis
1424 1538 1606 1582 promissa

282 1608 347 1631 seu
364 1603 471 1641 pacta
490 1595 685 1640 stipendia,
702 1595 902 1630 donatariis
921 1595 973 1630 eis
989 1596 1136 1639 donata,
1150 1595 1227 1630 sive
1245 1596 1317 1630 sint
1335 1596 1421 1630 boni
1437 1596 1514 1630 sive
1532 1595 1606 1631 sint

281 1654 380 1697 mali,
398 1665 472 1688 non
496 1654 567 1688 illis
592 1654 732 1688 confert
753 1665 874 1688 rerum
898 1654 1039 1688 illarum
1059 1653 1265 1688 dominium
1283 1666 1352 1688 nec
1370 1654 1424 1688 ius
1443 1654 1605 1699 aliquod,

282 1724 366 1747 curn
386 1719 514 1746 contra
535 1712 679 1757 aliquos
705 1724 814 1757 super
839 1713 946 1746 rebus
967 1712 1178 1746 huiusmodi
1205 1724 1271 1757 per
1287 1712 1377 1756 legis
1396 1712 1604 1746 ministrum

57 1768 133 1800 inde
150 1776 188 1799 M·
282 1771 475 1816 profertur,
495 1777 550 1805 set
565 1771 663 1805 nude
683 1770 796 1815 (iuxta
809 1770 978 1815 probata)
998 1782 1056 1805 res
1071 1771 1162 1805 tales
1181 1771 1240 1805 lex
1257 1777 1319 1805 aut
1337 1770 1444 1806 iudex
1463 1770 1604 1805 eisdem
1623 1775 1644 1802 ἴε
1662 1775 1729 1808 only
1747 1775 1871 1802 declares

282 1828 469 1863 adiudicat
487 1835 525 1863 ut
543 1840 618 1872 eas,
639 1828 668 1862 si
687 1829 810 1870 velint,
829 1828 1012 1864 retineant
1031 1830 1153 1874 quoad
1176 1830 1294 1874 legem
1318 1829 1519 1863 humanam
1537 1829 1603 1863 im·
1622 1810 1773 1876 gali-⁶332}
1786 1810 1880 1876 {ffilsss

282 1898 388 1932 pune,
406 1898 480 1921 non
499 1893 648 1931 propter
664 1887 734 1921 hoc
757 1899 821 1921 eos
849 1887 1018 1921 dominos
1046 1887 1216 1922 faciendo
1238 1899 1301 1922 seu
1325 1887 1381 1922 ius
1403 1887 1439 1922 in
1463 1887 1516 1922 eis
1541 1887 1603 1921 ali·
1622 1877 1890 1944 ζζὲξξῖζξξοῗάἳξῑξζ

284 1945 382 1990 quod
401 1946 607 1987 statuendo,
627 1952 682 1980 set
706 1952 874 1990 patentes
899 1945 1141 1990 probaciones
1167 1945 1356 1989 sectando,
1375 1946 1458 1980 licet
1475 1946 1545 1980 illis
1568 1945 1604 1979 in
1622 1945 1726 1970 human
1740 1945 1801 1971 law.

283 2015 372 2038 casu
389 2003 526 2038 veritas
550 2015 624 2037 non
650 2004 838 2046 subsistat,
859 2004 957 2049 quod
979 2016 1023 2038 ex
1047 2003 1170 2038 multis
1190 2004 1336 2039 casibus
1354 2011 1457 2049 potes
1476 2005 1604 2039 adver-

226 2074 266 2105 30
284 2068 370 2096 tere.
423 2061 461 2096 Si
488 2061 585 2095 enim
611 2073 676 2106 per
699 2062 852 2096 tercium
876 2069 1005 2096 contra
1027 2062 1128 2096 illurn
1147 2074 1212 2107 pro
1230 2074 1301 2107 quo
1318 2063 1498 2107 profertur
1521 2074 1603 2097 sen·
1623 2080 1644 2096 1.
1666 2069 1736 2095 This
1752 2069 1776 2095 is
1792 2070 1889 2096 shown

284 2119 405 2154 tencia
436 2119 544 2154 simili
575 2126 706 2164 agatur
732 2120 866 2154 iudicio
897 2127 932 2155 et
958 2132 1023 2165 per
1048 2121 1290 2165 probaciones
1318 2120 1527 2165 optinuerit,
1553 2120 1602 2154 illi
1622 2104 1890 2136 bythesacmhata

1622 2147 1682 2163 new
1702 2137 1783 2163 claim
1803 2146 1847 2162 ma

284 2177 395 2213 tercio
420 2184 546 2212 contra
570 2178 786 2222 secundum,
806 2178 912 2213 sicuti
937 2179 1100 2213 secundo
1124 2186 1251 2213 contra
1271 2178 1443 2224 primum,
1462 2178 1602 2213 adiudi-
1622 2146 1867 2231 ῖῗὲζξξνῖέἰξῑὲ

284 2236 382 2270 cabit
397 2236 506 2270 iudex
524 2248 602 2270 rem
621 2236 720 2270 illam
736 2249 742 2280 ;
764 2243 798 2271 et
814 2236 951 2281 pariter
965 2237 1001 2270 in
1018 2237 1123 2271 simili
1145 2248 1243 2281 casu,
1260 2237 1289 2271 si
1308 2244 1458 2282 quartus
1478 2244 1606 2271 contra

284 2294 438 2329 tercium
468 2294 639 2339 figuraret
669 2294 856 2337 iudicium,
884 2295 1055 2337 eveniret,
1074 2303 1109 2330 et
1135 2295 1185 2330 ita
1211 2297 1256 2330 de
1286 2295 1473 2340 pluribus:
1509 2295 1607 2330 unde

227 2361 265 2392 35
286 2352 421 2397 liquide
436 2353 541 2387 nobis
558 2360 700 2387 constat
716 2354 814 2398 quod
829 2353 911 2387 talis
927 2353 1114 2387 sentencia
1131 2353 1219 2387 nulli
1236 2354 1375 2388 confert
1391 2353 1607 2396 dominium,

286 2418 340 2445 set
363 2423 441 2445 rem
469 2411 517 2445 illi
546 2412 592 2446 de
616 2412 764 2446 alterius
786 2412 997 2447 retencione
1022 2412 1190 2455 restituit,
1211 2412 1240 2446 si
1259 2412 1344 2447 velit
1366 2423 1450 2446 eam
1474 2411 1607 2446 admit-

286 2476 372 2504 tere.
424 2471 530 2512 Item,
555 2470 584 2504 si
613 2482 678 2515 per
696 2476 809 2505 testes
832 2471 945 2505 falsos
973 2477 1099 2505 contra
1124 2470 1285 2515 aliquem
1311 2470 1394 2505 talis
1419 2469 1608 2504 sentencia
1625 2484 1648 2500 2.
1668 2474 1761 2500 Asuit
1778 2484 1841 2507 may
1855 2475 1889 2501 be

285 2527 488 2571 ferreretur,
515 2528 566 2562 ita
595 2535 633 2563 ut
664 2528 754 2573 ipse,
779 2540 853 2562 non
880 2528 1053 2563 dominus
1079 2528 1130 2563 rei
1158 2528 1251 2563 illius
1278 2540 1387 2573 super
1412 2540 1484 2573 qua
1508 2535 1606 2563 esset
1624 2509 1850 2573 xiisseigfaessich

287 2585 491 2630 contencio,
509 2598 585 2620 rem
613 2586 713 2620 illam
737 2598 802 2631 per
827 2586 1052 2621 sentenciam
1079 2586 1273 2631 optineret,
1292 2598 1525 2631 nequaquam
1543 2598 1608 2632 per
1624 2576 1855 2636 ἓξζζζῖξδῗίᾕᾶξῑ

228 2653 271 2684 40
288 2644 357 2677 hoc
386 2644 486 2678 fieret
514 2645 571 2679 ille
602 2644 734 2689 impius
764 2645 935 2679 dominus
961 2645 1012 2678 rei
1038 2644 1145 2688 illius,
1173 2651 1226 2678 set
1253 2645 1348 2678 male
1375 2644 1459 2678 fidei
1487 2644 1606 2689 (sicud
1624 2642 1695 2676 ship.

288 2708 372 2735 sunt
386 2701 560 2746 plurimi),
574 2702 602 2736 si
619 2701 737 2743 sciret,
753 2714 945 2747 possessor
961 2702 1139 2737 existeret.
1175 2704 1223 2736 Et
1243 2703 1359 2736 multa
1376 2709 1525 2747 possent
1542 2715 1607 2747 pro

62 2766 107 2797 eis
124 2766 155 2796 in
174 2774 193 2796 Β
211 2766 260 2798 bis
288 2759 360 2793 hoc
377 2760 510 2794 adduci
530 2760 673 2802 similia,
694 2760 842 2804 scilicet,
861 2761 961 2805 quod
986 2762 1083 2804 leges
1107 2761 1266 2795 humane
1292 2772 1365 2795 non
1390 2772 1453 2795 eos
1475 2760 1606 2805 quibus

63 2811 230 2851 scriptum.
290 2819 391 2853 bona
408 2818 619 2853 adiudicant
640 2819 808 2853 dominos
827 2830 946 2854 rerum
961 2818 1252 2853 adiudicatarum
1268 2818 1319 2854 eis
1338 2818 1499 2853 efficiunt
1516 2831 1523 2863 3
1552 2825 1607 2854 set
