2008 3305
214 245 299 276 cAP.
317 231 413 290 ΧΠ]
692 244 839 276 LIBER
872 243 1067 276 PRIMUS.
1761 246 1812 288 91

100 359 198 401 30B]
214 355 432 406 intelligitur
450 356 554 406 quod
576 357 730 406 signum
751 356 941 405 significat
965 356 1072 406 quod
1092 357 1149 394 vel
1176 356 1336 407 qualiter
1362 357 1538 407 impossi-

211 427 284 465 bile
305 427 401 465 foret
421 439 516 465 esse.
572 427 831 476 Equivocatur
850 428 954 464 enim
981 428 1021 465 in
1041 428 1160 476 signis
1180 428 1229 465 ad
1252 428 1358 465 illum
1381 440 1536 466 sensum
1549 429 1778 488 ffiisgfflfssshxssoffie

212 497 319 547 quod
339 497 493 547 signum
515 497 704 546 significat
723 509 791 534 ens
812 498 870 535 vel
899 498 1018 543 encia‚
1047 498 1177 535 dando
1207 498 1339 545 modo,
1361 504 1402 536 ut
1432 504 1536 548 puta,
1551 495 1812 562 ἰᾞὲἀξῶἓξὲἒᾞξξῗ·

213 574 385 604 montem
403 579 571 612 aureum,
582 566 787 613 Deum,vel
804 567 905 604 aliud
919 568 1195 617 assignandum
1210 568 1474 617 conponendo
1481 568 1540 605 vel

182 651 199 682 5
215 637 430 683 dividendo,
453 638 519 684 sic,
541 637 808 686 Aggregatum
837 650 883 675 ex
911 644 1009 675 terra
1036 644 1073 675 et
1093 638 1284 688 lapidibus
1310 645 1367 676 est
1392 651 1538 684 aurum,

213 707 320 745 Deus
340 719 420 745 non
440 715 497 745 est
509 720 518 754 ;
550 714 587 745 et
607 708 659 745 sic
681 708 728 745 de
749 709 882 746 ceteris
902 708 1202 758 impossibilibus
1232 709 1539 759 quibuscunque.

213 777 305 815 Non
326 778 430 815 enim
457 784 513 815 est
534 778 821 827 impossibilitas
842 785 949 816 extra
969 779 1091 828 signa.
1150 779 1257 826 Ideo,
1276 779 1539 829 conponendo

212 848 317 898 quod
336 848 572 897 impossibile
592 854 649 886 est
669 849 797 886 Deum
818 861 896 886 non
917 861 1000 887 esse
1020 849 1165 886 nullum
1186 862 1267 896 ens,
1296 862 1399 899 nego
1426 861 1539 899 posse

213 931 296 957 esse
308 931 318 965 ;
354 918 421 955 sed
445 918 571 956 Deum
592 931 677 955 vere
697 931 826 957 assero
846 920 1064 957 necessario
1087 932 1195 957 esse:
1231 926 1267 957 et
1296 920 1351 958 sic
1380 919 1539 969 quando

163 995 202 1017 10
215 984 439 1022 demonstro
470 984 536 1029 sie,
578 983 695 1021 ‘Non
733 990 859 1033 potest
893 996 975 1022 esse
1014 985 1119 1033 quod
1157 984 1266 1023 Deus
1305 985 1353 1023 sit
1383 981 1538 1030 ternus,'

215 1053 329 1106 (sicut
360 1060 650 1100 commentator,
677 1055 740 1092 xii.
768 1054 1050 1104 Methaphisice
1079 1062 1314 1102 commento,
1353 1057 1447 1104 39);
1481 1055 1541 1093 vel

213 1125 331 1170 aliter,
370 1125 531 1174 qualiter
564 1125 657 1162 alius
695 1125 884 1163 hereticus
921 1126 1205 1175 impossibiliter
1241 1127 1433 1177 opinatur,
1473 1126 1540 1164 de-

212 1202 386 1233 monstro
420 1196 548 1234 Deum
582 1196 640 1233 vel
672 1196 772 1234 aliud
805 1197 1022 1245 positivum,
1058 1202 1095 1234 et
1124 1197 1341 1248 superaddo
1379 1196 1541 1235 modum

214 1266 457 1316 concipiendi
491 1278 696 1304 erroneum
726 1268 788 1305 cui
816 1278 895 1304 non
925 1273 982 1304 est
1011 1268 1193 1317 possibile
1223 1268 1424 1317 cognitum
1453 1279 1540 1305 coe-

163 1351 200 1383 15
215 1337 334 1388 quari,
362 1343 400 1375 et
429 1337 475 1375 de
504 1343 586 1375 toto
615 1337 716 1375 facio
746 1338 1123 1376 demonstracionem
1153 1338 1405 1377 connotando
1434 1338 1542 1388 quod

214 1414 446 1458 conceptum
475 1408 522 1445 sit
551 1407 686 1445 veritas
720 1408 921 1458 adequata.
978 1408 1030 1445 Et
1063 1409 1117 1446 sic
1147 1409 1350 1459 utrobique
1379 1408 1541 1446 demon-

214 1485 360 1525 stratur,
395 1479 577 1528 signatur,
612 1485 649 1516 et
681 1478 980 1528 apprehenditur
1010 1491 1104 1528 pure
1134 1480 1271 1517 veritas
1302 1480 1342 1516 in
1371 1479 1542 1528 quolibet

213 1562 332 1599 opere
370 1549 606 1596 intellectus3
648 1550 716 1587 sed
748 1549 888 1587 modus
926 1550 1173 1599 conponendi
1210 1550 1300 1588 facit
1338 1550 1542 1587 falsitatem

175 1629 203 1658 0
218 1618 236 1639 *
248 1620 306 1657 vel
321 1620 515 1658 defectum
531 1620 878 1669 correspondencie
894 1621 1074 1670 adequati
1090 1621 1230 1669 signati
1245 1621 1448 1658 inexistere
1465 1621 1541 1670 sig—

162 1704 202 1725 20
215 1703 267 1729 no
286 1703 400 1728 vero:
432 1697 467 1728 et
486 1691 536 1728 ita
556 1697 613 1728 est
635 1691 788 1740 signum
808 1702 939 1728 verum
960 1691 1008 1728 de
1029 1698 1174 1740 quanto
1194 1698 1252 1729 est
1276 1698 1448 1729 creatura
1467 1703 1543 1740 que

214 1761 331 1799 scitur
353 1761 527 1808 existere,
548 1767 585 1798 et
613 1767 670 1798 est
699 1761 837 1798 falsum
858 1761 904 1799 de
935 1768 1082 1810 quanto
1111 1763 1161 1799 ab
1191 1762 1384 1799 intellectu
1414 1770 1544 1800 creato

214 1832 301 1869 ficte
321 1832 536 1881 concipitur
555 1832 637 1869 sine
658 1832 1004 1881 correspondencia
1024 1832 1222 1881 signabilis
1242 1832 1433 1881 adequati.

268 1902 305 1940 N
310 1915 354 1940 ec
375 1909 523 1952 oportet
542 1903 675 1940 timere
696 1902 908 1940 concedere
925 1902 1030 1952 quod
1051 1903 1153 1940 idem
1174 1903 1327 1952 signum
1349 1904 1395 1941 sit
1409 1915 1541 1940 verum
1553 1913 1576 1952 b:
1598 1913 1659 1951 The
1677 1921 1753 1939 same

214 1979 250 2010 et
269 1972 464 2020 falsum,ut
484 1972 597 2010 docet
617 1972 855 2022 Augustinus
884 1972 1054 2010 secundo
1076 1972 1387 2023 Soliloquiorum‚
1408 1956 1616 2023 quintorssffiss
1628 1953 1776 2007 fnffitfca’llscg

163 2056 201 2089 25
216 2043 395 2092 capitulo.
453 2042 557 2080 Nam
584 2043 680 2080 sicut
699 2042 836 2080 eadem
861 2049 1036 2081 creatura
1064 2049 1121 2080 est
1150 2044 1297 2081 bonum
1326 2050 1364 2081 et
1383 2044 1542 2090 malum,

214 2125 304 2152 cum
341 2125 413 2150 nec
452 2113 604 2153 malicia
642 2125 713 2151 nec
752 2113 907 2151 bonitas
947 2125 1031 2151 esse
1069 2114 1209 2163 poterit
1247 2114 1320 2152 nisi
1359 2114 1399 2151 in
1437 2127 1541 2152 crea-

214 2191 297 2222 tura
326 2183 530 2221 defectibili
559 2183 607 2221 sit
632 2183 802 2229 fundata,
822 2184 876 2221 sic
898 2183 944 2221 de
965 2184 1126 2222 falsitate
1155 2185 1341 2222 debemus
1360 2185 1544 2234 accipere.

214 2254 329 2292 Unde
348 2254 448 2292 sicut
468 2254 664 2303 turpitudo
685 2254 893 2303 originatur
913 2266 961 2292 ex
981 2254 1130 2293 defectu
1150 2262 1323 2294 creature
1343 2255 1544 2293 racionalis

249 2375 287 2391 10.
308 2365 378 2391 deus
390 2365 430 2391 sit
442 2364 515 2391 AC:
535 2364 605 2390 deus
617 2373 672 2390 non
685 2364 724 2390 sz't
738 2363 770 2390 B.
891 2374 930 2397 13.
952 2365 1130 2397 {Iposz'tz'vum
1145 2366 1167 2391 B
1181 2366 1199 2393 f.
1214 2374 1261 2399 225
1273 2375 1299 2393 D.
1424 2367 1462 2392 16.
1482 2373 1541 2392 cana

212 2399 576 2459 ssftffbzssagzssrcssrngfptui
588 2398 620 2424 B.
753 2407 794 2429 20,
810 2407 849 2430 23.
871 2406 974 2428 verum
987 2399 1059 2426 AC:
1080 2400 1120 2425 vm
1133 2399 1165 2426 B.
1312 2401 1352 2426 28.
1372 2400 1545 2433 originatur

262 2525 310 2548 11.
335 2517 446 2547 Averr.
470 2516 503 2546 in
527 2515 628 2547 Arist.
653 2515 802 2556 Metaph.
828 2514 884 2549 xii,
908 2525 1028 2547 comm.
1054 2525 1117 2557 39:
1142 2517 1202 2548 Est
1225 2516 1324 2558 igitur
1346 2527 1429 2549 unus
1452 2517 1543 2549 Deus

215 2568 369 2609 sapiens:
393 2572 425 2599 et
444 2568 508 2598 hoc
528 2572 722 2608 putaverunt
745 2567 871 2608 antiqui
894 2568 1073 2599 trinitatem
1095 2568 1127 2599 in
1150 2569 1223 2600 Deo
1245 2569 1278 2599 in
1299 2569 1493 2607 substantia,
1511 2572 1544 2599 et

215 2619 387 2650 voluerunt
410 2619 545 2650 evadere
569 2629 626 2659 per
648 2618 712 2650 hoc
735 2622 766 2652 et
789 2618 895 2650 dicere
919 2619 996 2659 quia
1020 2619 1081 2650 fuit
1103 2619 1205 2650 trinus
1227 2624 1259 2651 et
1282 2630 1363 2651 unus
1387 2621 1488 2658 Deus,
1512 2625 1543 2651 et

214 2670 396 2702 nescierunt
417 2670 554 2701 evadere
569 2681 575 2707 ;
599 2669 686 2711 quia,
706 2680 779 2700 eum
799 2670 982 2701 substantia
998 2670 1093 2701 fuerit
1109 2674 1291 2708 numerata,
1308 2675 1541 2712 congregatum

215 2722 276 2752 erit
299 2732 398 2752 unum
420 2732 477 2762 per
498 2731 595 2752 unam
618 2721 829 2752 intentionem
851 2721 997 2752 additam
1014 2727 1232 2763 congregato:
1258 2722 1359 2754 Arist.
1376 2722 1463 2763 Opp.
1485 2723 1502 2753 8
1518 2721 1540 2753 f.

220 2781 275 2812 151
297 2780 327 2810 C,
349 2781 442 2813 1552.

263 2832 311 2864 24.
337 2824 474 2864 August.
492 2824 630 2865 Soliloq.
649 2824 681 2855 ii.
700 2834 719 2866 9
738 2827 753 2862 ᾗ
776 2825 823 2863 18,
849 2824 936 2865 Opp.
958 2833 983 2856 1.
1002 2824 1072 2869 376.
