2008 3305
167 209 190 239 2
195 208 252 251 34
846 205 911 238 DE
945 205 1161 238 DOMrNro
1194 205 1372 238 Drero
1593 192 1699 254 [CAP.
1718 208 1775 238 1v.

443 328 568 372 potest
588 334 653 360 eas
673 328 821 360 mutare
848 329 885 360 et
905 333 1036 360 earum
1064 323 1242 372 opposita
1268 323 1457 368 ordinare,
1479 329 1625 372 quanto
1652 323 1776 373 magis
1790 327 1884 368 [8113

443 394 491 431 de
512 394 659 443 legibus
679 393 818 431 eternis
840 405 915 443 que
937 400 1024 431 sunt
1043 394 1277 443 exemplaria
1297 400 1569 433 creaturarum.

163 480 186 504 5.
201 472 272 498 Man
285 480 337 498 can
498 464 706 514 Supposita
726 464 839 513 igitur
857 464 1107 513 possibilitate
1123 465 1294 502 merendi
1310 465 1359 502 ad
1379 477 1536 503 sensum
1549 465 1780 515 expositum,

162 505 547 584 ssiessssrvvssl'ssli'bgi'a-patet
576 535 682 584 quod
710 547 826 572 nemo
856 535 1046 572 ministrat
1072 535 1264 573 meritorie
1295 547 1477 585 supremo
1503 536 1676 574 Domino
1706 536 1779 574 nisi

162 577 219 598 me
233 572 297 598 wffl.
444 606 570 655 primo
599 617 778 655 suprema
804 606 984 655 potencia
1006 606 1195 643 interioris
1225 605 1404 653 hominis,
1431 607 1584 654 scilicet,
1611 607 1775 653 volitiva‚
1792 618 1812 652 5

443 676 611 714 servierit
626 688 636 722 ς
694 688 764 714 nec
813 676 1106 726 quomodolibet
1154 677 1371 714 naturaliter
1418 677 1584 714 volendo
1631 678 1779 715 bonum

443 747 675 797 simpliciter,
713 746 779 785 sed
818 747 1006 785 volicione
1045 747 1300 793 deliberativa,
1331 759 1408 796 qua
1446 755 1585 794 sponte
1623 747 1779 785 adheret

163 815 355 882 ζὲῑξζὲἰῃψξῗί
443 817 587 854 iusticie
601 816 875 855 delectabiliter
895 829 965 866 pro
986 829 1027 855 se
1048 817 1142 866 ipsa.
1198 817 1258 854 Ex
1273 830 1351 867 quo
1371 824 1474 867 patet
1495 817 1601 867 quod
1621 818 1780 867 quilibet

444 895 594 926 creatus
618 888 770 937 spiritus
793 888 886 925 citra
913 886 1110 925 Christum
1139 888 1256 926 habet
1281 901 1400 926 unam
1427 889 1616 926 morulam
1643 888 1682 925 in
1702 900 1781 937 qua

444 970 538 1008 pure
558 958 777 996 naturaliter
790 958 955 996 volendo
977 959 1123 996 bonum
1144 959 1363 1008 simpliciter
1376 972 1446 996 nec
1464 959 1552 996 inde
1565 959 1780 997 demeretur
1796 976 1835 998 10

164 1031 433 1093 ζξίῐξξιῑξιζξῗὲἓὶὡετ
445 1029 655 1067 formaliter
670 1041 744 1066 nec
759 1036 936 1067 meretur.
993 1028 1096 1066 Nam
1117 1030 1213 1079 lapis
1228 1037 1264 1067 et
1279 1030 1405 1067 omnis
1419 1036 1545 1068 creata
1562 1029 1780 1067 substancia

166 1100 255 1133 ‘uerit’
446 1101 589 1150 appetit
609 1100 828 1137 naturaliter
849 1112 961 1137 suum
980 1112 1076 1146 esse,
1099 1106 1136 1137 et
1156 1113 1223 1149 per
1243 1112 1485 1150 consequens
1506 1112 1589 1138 esse
1609 1100 1779 1146 bonum3

445 1184 517 1209 nec
549 1184 597 1209 ex
629 1170 839 1208 affeccione
878 1170 1111 1217 huiusmodi,
1145 1183 1235 1208 cum
1273 1171 1320 1208 sit
1359 1184 1453 1220 pure
1492 1171 1685 1216 naturalis,
1723 1176 1781 1208 est

445 1242 638 1280 laudanda
671 1242 863 1279 moraliter
893 1241 951 1279 vel
984 1241 1188 1291 culpanda,
1259 1241 1336 1279 Sed
1366 1242 1637 1292 presupposita
1667 1241 1780 1278 laude

165 1313 201 1341 he
214 1318 287 1340 must
300 1313 364 1345 rise,
446 1313 606 1351 naturali
626 1325 673 1350 ex
694 1313 798 1350 bono
819 1319 953 1350 nature
972 1313 992 1336 *
1009 1312 1121 1350 debet
1141 1319 1313 1350 creatura
1329 1313 1460 1359 libera,
1477 1318 1564 1350 actu
1577 1312 1779 1350 voluntatis
1793 1322 1822 1352 G

165 1387 374 1453 {Zssgssssssffi}
446 1384 583 1430 elicito,
610 1384 807 1432 insurgere
833 1382 958 1432 prima
984 1382 1134 1420 iusticia
1161 1382 1403 1429 delectando,
1436 1390 1473 1421 et
1498 1389 1590 1420 tunc
1611 1383 1781 1432 sequitur

167 1453 248 1480 merit
262 1454 366 1481 f0¹¹0w·
447 1455 626 1492 meritum
647 1467 691 1492 ac
706 1454 862 1491 moralis
877 1454 1030 1491 bonitas
1051 1454 1265 1491 naturalem
1281 1466 1290 1500 ;
1320 1461 1357 1491 et
1378 1460 1500 1491 stante
1521 1453 1584 1490 illa
1610 1454 1780 1491 bonitate

448 1526 487 1562 in
518 1532 605 1563 actu
635 1525 693 1562 vel
726 1524 860 1562 habitu
894 1524 935 1561 fit
965 1524 1201 1561 meritorium
1228 1524 1415 1574 quidquid
1445 1524 1556 1562 fuerit
1590 1524 1780 1562 comitans

445 1602 735 1645 consequenter,
760 1602 803 1633 ut
827 1607 1024 1644 sompnus,
1046 1595 1184 1644 vigilia,
1215 1607 1314 1641 esus,
1340 1595 1535 1641 ieiunium,
1557 1601 1593 1632 et
1618 1595 1781 1644 'quilibet

444 1666 539 1704 alius
563 1666 704 1704 modus
731 1666 993 1704 conversandi.
1049 1665 1165 1703 Unde
1183 1666 1324 1704 volicio
1351 1666 1519 1704 secunda
1547 1665 1688 1703 Christi
1711 1665 1779 1703 fuit
1794 1679 1835 1701 20

445 1738 665 1788 proximum
694 1737 925 1787 principium
952 1737 1134 1786 evigilans
1161 1749 1284 1786 genus
1314 1737 1516 1775 hominum
1547 1737 1715 1786 sopitum
1745 1743 1782 1774 et

446 1814 609 1858 peccato
629 1808 742 1857 primi
762 1808 933 1846 hominis
953 1808 1224 1857 indispositum
1238 1807 1286 1846 ad
1306 1807 1548 1845 merendum.

167 1878 425 1945 {kffinssnagggsffls
502 1879 683 1917 Secundo
696 1879 867 1928 sequitur
883 1878 988 1928 quod
1002 1879 1128 1916 nullus
1145 1885 1296 1916 creatus
1312 1879 1464 1928 spiritus
1478 1879 1572 1916 citra
1585 1878 1781 1916 Christum

168 1955 225 1979 any
238 1953 329 1976 mem,
447 1956 613 1988 meretur
633 1951 671 1987 in
697 1950 887 2000 principio
912 1950 970 1987 sui
991 1962 1099 1996 esse;
1136 1950 1311 1987 meritum
1333 1950 1437 1987 enim
1457 1950 1613 1998 requirit
1633 1949 1781 1987 mocio-

447 2034 537 2060 nem
551 2021 1034 2067 obiecti‚deliberacionem
1047 2021 1176 2066 animi,
1191 2027 1227 2058 et
1238 2021 1355 2058 tercio
1369 2020 1700 2058 conclusionaliter
1713 2019 1780 2057 ad·
1795 2030 1834 2063 25

447 2093 648 2130 hesionem
660 2092 914 2130 voluntariam
934 2092 1103 2141 equitati,
1118 2104 1193 2141 que
1214 2104 1295 2129 non
1311 2092 1406 2129 fiunt
1423 2092 1547 2129 subito
1562 2091 1601 2128 in
1617 2089 1781 2128 instanti.

448 2163 495 2201 In
523 2163 677 2201 Christo
707 2170 848 2209 autem,
870 2164 936 2212 qui
960 2168 1017 2200 est
1044 2163 1153 2212 gigas
1181 2163 1334 2211 gemine
1365 2162 1596 2207 substancie,
1617 2173 1780 2211 quarum

449 2246 527 2271 una
545 2239 677 2271 eterno
697 2233 858 2271 consilio
878 2233 1044 2270 decrevit
1064 2233 1103 2269 in
1123 2233 1359 2282 plenitudine
1382 2233 1567 2282 temporis
1587 2244 1782 2270 assumere

451 2305 649 2343 hominem
677 2316 745 2353 per
769 2315 886 2353 quem
915 2304 985 2341 sibi
1005 2310 1041 2341 et
1061 2316 1131 2341 suo
1151 2304 1283 2353 generi
1302 2310 1510 2341 mereretur
1529 2303 1633 2354 (ideo
1652 2315 1699 2340 ex
1720 2302 1782 2340 illa

451 2377 654 2415 benedicta
675 2376 890 2425 ypostatica
918 2376 1060 2413 unione
1087 2375 1219 2412 dicunt
1240 2375 1419 2412 doctores
1445 2374 1549 2412 illam
1574 2385 1779 2422 personam
1794 2389 1837 2420 30

451 2461 523 2498 pro
543 2448 697 2485 instanti
717 2447 870 2485 unionis
890 2452 968 2484 tarn
990 2448 1060 2484 sibi
1080 2459 1197 2496 quam
1218 2458 1288 2483 suo
1307 2446 1437 2494 generi
1457 2445 1676 2494 promereri,
1692 2445 1783 2494 quia

451 2527 543 2558 tunc
569 2519 658 2556 fecit
683 2531 724 2556 se
754 2518 913 2568 dignum
939 2517 988 2555 ad
1015 2518 1203 2567 premium
1234 2517 1350 2566 longe
1381 2517 1454 2554 alia
1481 2516 1634 2554 racione
1663 2526 1781 2565 quam

453 2599 579 2630 cetere
606 2597 775 2629 creature
809 2589 1038 2639 peccabiles,
1074 2601 1149 2638 que
1180 2601 1260 2626 non
1300 2588 1443 2625 habent
1471 2593 1647 2624 naturam
1689 2585 1781 2622 divi-

453 2676 545 2701 nam
565 2661 815 2712 personaliter
834 2659 1083 2711 copulatam),
1104 2666 1140 2698 et
1169 2666 1344 2697 naturam
1372 2670 1619 2697 communem
1649 2658 1688 2694 in
1716 2656 1782 2694 illo

489 2794 512 2817 9.
534 2786 542 2814 ΙΙ
556 2785 702 2810 morulam
718 2784 739 2809 B
754 2783 770 2808 f.
788 2784 835 2815 248
848 2791 873 2808 c.
1001 2792 1040 2808 11.
1058 2782 1149 2807 omnis
1164 2782 1202 2806 B:
1223 2780 1381 2806 communis
1395 2780 1418 2805 A
1430 2779 1463 2806 C.
1576 2789 1615 2812 13.
1632 2777 1781 2811 affi·ccz'one

457 2818 478 2844 Β
493 2826 499 2844 ;
512 2818 706 2851 asuefizccione
719 2818 753 2848 A,
774 2816 982 2849 assuqfaccz'one
993 2816 1023 2842 C.
1129 2816 1165 2840 16.
1185 2815 1279 2840 elicito
1292 2814 1317 2839 A
1327 2814 1349 2840 C
1363 2820 1369 2840 ζ
1388 2814 1479 2839 elicita
1494 2813 1523 2838 B.
