2008 3305
136 228 218 269 286

135 1333 186 1358 but
199 1332 254 1370 this
267 1341 372 1365 preser-

135 1366 232 1392 vation
246 1375 269 1391 is
282 1375 358 1391 more

828 235 1030 269 RICARD1
1062 232 1364 269 ARMACHANI
1814 224 1912 282 [Lm.
1936 239 1963 267 1.

411 347 447 376 et
463 343 607 376 creavit
627 346 661 376 te
674 355 686 377 .·
712 342 813 387 quod
838 353 906 386 ego
933 342 984 376 ita
1010 348 1098 386 puto
1124 348 1209 386 apte
1235 353 1344 386 posse
1363 340 1523 385 intelligi,
1542 347 1580 375 ut
1597 340 1659 374 illa
1676 340 1745 375 tria
1760 345 1833 387 [3D

411 401 461 434 ad
478 400 548 435 tria
566 401 748 445 premissa
766 400 947 434 beneficia
965 401 1172 435 referantur
1189 412 1197 443 ;
1224 401 1369 434 creavit
1384 404 1418 433 te
1434 400 1482 433 ad
1501 399 1745 442 creacionem,

405 459 575 503 possedit
590 463 624 492 te
641 459 690 493 ad
708 459 1025 493 sustentacionem
1046 457 1122 493 sive
1148 458 1485 501 conservacionem,
1503 458 1601 502 fecit
1624 457 1672 491 ad
1691 468 1744 492 re-

412 516 536 561 gimen
555 528 562 552 :
591 516 767 562 quoniam
785 516 822 550 in
845 517 916 551 hoc
934 517 1046 551 verbo
1055 517 1150 563 fecit
1166 516 1390 561 gubernacio
1413 516 1489 551 sive
1511 515 1670 550 direccio
1695 516 1746 550 ad

412 574 683 619 perfeccionem
702 581 790 620 apte
808 575 998 620 accipitur,
1017 586 1102 609 cum
1120 586 1341 619 promovens
1368 574 1529 619 aliquem
1551 580 1636 619 apte
1660 585 1744 608 eum
1760 591 1778 623 5

412 633 535 668 facere
560 634 786 676 affirmetur3
818 633 935 678 qualis
961 633 1151 678 promocio
1178 639 1343 668 creature
1373 633 1549 677 cuiusque
1580 632 1653 667 Dei
1680 643 1745 676 gu-

412 691 637 726 bernacione
654 692 856 734 conficitur,
875 691 926 726 ita
944 698 982 726 ut
1002 698 1087 736 apte
1107 692 1210 726 Deus
1229 691 1371 726 dicatur
1386 703 1463 726 rem
1472 691 1601 735 facere
1614 691 1742 735 guber-

412 750 538 783 nando
565 756 600 784 et
628 750 676 784 ad
703 750 908 794 perfectum
943 750 1123 784 ducendo.
1173 749 1290 785 Vides
1321 761 1407 793 ergo
1433 761 1496 783 cur
1524 749 1597 783 dixi
1620 749 1746 793 primi

412 807 574 841 dominii
601 807 727 842 divini.
780 809 874 842 Item
904 807 988 842 ideo
1017 809 1170 842 verbum
1191 809 1318 853 primi
1341 807 1472 850 adieci,
1507 807 1592 852 quia
1625 806 1744 841 domi-

412 865 515 899 nium
557 865 707 900 racione
751 865 1039 900 sustentacionis
1084 878 1160 900 non
1207 866 1340 900 dicitur
1384 866 1422 899 in
1469 866 1554 899 Deo
1596 864 1742 909 proprie
1759 874 1799 896 10

412 934 495 958 esse
521 920 739 967 dominium,
767 931 823 959 set
848 924 971 960 verius
996 924 1047 959 rei
1073 937 1096 958 a
1123 926 1207 959 Deo
1233 922 1423 958 dominate
1441 935 1528 958 vera
1553 922 1742 968 possessio

413 980 492 1015 sive
520 982 715 1016 detencio:
743 989 892 1027 propter
922 982 1023 1027 quod
1047 983 1155 1017 nobis
1182 982 1351 1017 subtilius
1374 981 1631 1024 intimandum,
1659 992 1744 1016 cum

413 1039 595 1083 propheta
609 1040 767 1083 dicebat,
786 1042 817 1075 O
830 1041 954 1074 Israel
967 1052 1079 1085 quam
1099 1052 1239 1086 magna
1256 1045 1311 1074 est
1325 1040 1456 1074 domus
1473 1041 1558 1083 Dei,
1577 1038 1743 1074 divinum

414 1097 619 1131 dominium
636 1098 826 1141 extollens,
846 1098 865 1118 '¹‘
884 1098 1049 1133 adiunxit
1069 1099 1114 1133 de
1132 1098 1367 1143 possessione
1386 1098 1456 1132 hoc
1474 1098 1599 1141 modo,
1617 1099 1673 1132 Et
1687 1098 1744 1132 z'n-
1756 1103 1816 1132 4A

407 1167 502 1200 gens
525 1156 627 1190 locus
645 1157 891 1200 possessionis
915 1158 1006 1200 ez'zcs,
1034 1159 1154 1191 Baruc
1172 1156 1219 1191 iii.
1240 1167 1309 1199 243
1336 1162 1374 1190 ut
1400 1156 1436 1191 in
1462 1157 1576 1191 verbo
1600 1157 1743 1202 ingens,
1760 1170 1798 1201 15

414 1213 513 1257 quod
532 1213 716 1257 significat
735 1213 972 1248 intrinsecam
990 1214 1162 1249 virtutem
1184 1213 1408 1258 gignentem,
1429 1214 1566 1249 scilicet
1583 1215 1745 1249 interius

406 1272 580 1316 gzjgnenS,
601 1272 709 1306 nobis
728 1272 937 1307 ostenderet
956 1273 1055 1317 quod
1074 1272 1146 1307 Dei
1164 1272 1351 1317 possessio
1373 1272 1408 1307 in
1427 1273 1498 1306 hac
1515 1272 1648 1307 virtute
1666 1272 1744 1318 gig-

412 1328 528 1363 nitiva
555 1341 621 1364 seu
650 1329 893 1364 sustentativa
919 1332 977 1365 vel
1008 1330 1262 1375 supportativa
1290 1331 1467 1365 consistit.
1520 1330 1615 1365 Mihi
1645 1331 1744 1366 enim

134 1400 265 1437 properly
278 1408 384 1432 posses·
414 1387 558 1422 videtur
591 1388 690 1432 quod
724 1400 790 1433 per
822 1389 920 1423 hanc
954 1388 1283 1423 conservacionem
1316 1400 1375 1423 res
1406 1399 1536 1423 omnes
1570 1389 1744 1424 continue

135 1442 195 1458 sion
208 1434 275 1459 than

135 1466 270 1500 lordship,

133 1919 189 1944 and
203 1918 258 1944 this
270 1927 366 1951 gover-

134 1961 222 1978 nance
238 1962 313 1978 more

134 1986 264 2019 properly
278 1995 335 2012 use.

415 1443 536 1478 verius
555 1443 632 1478 fieri
651 1455 673 1477 a
692 1444 775 1478 Deo
797 1444 979 1488 dicuntur,
999 1456 1111 1489 quam
1136 1445 1195 1478 lux
1221 1444 1258 1478 in
1285 1455 1370 1479 aere
1388 1445 1445 1478 vel
1472 1444 1509 1478 in
1537 1456 1633 1489 aqua
1658 1456 1742 1479 con·
1759 1454 1799 1477 20

415 1501 515 1536 tinue
532 1513 554 1535 a
571 1502 646 1536 sole
665 1502 741 1537 fieri
768 1503 983 1545 affirmatur,
1006 1502 1100 1537 sicut
1127 1502 1270 1545 dixisti3
1300 1502 1351 1537 sic
1378 1502 1478 1547 quod
1504 1503 1744 1537 conservacio

414 1571 537 1594 rerum
560 1572 582 1594 a
609 1562 691 1595 Deo
719 1561 790 1595 Dei
817 1561 1005 1605 possessio
1031 1561 1178 1606 proprie
1204 1561 1420 1605 appellatur,
1439 1572 1512 1596 non
1531 1560 1580 1595 ita
1598 1561 1745 1606 proprie

415 1618 488 1652 Dei
524 1618 741 1653 dominium.
795 1620 951 1663 Propter
980 1619 1081 1664 quod
1110 1619 1198 1653 dicit
1229 1618 1423 1664 psalmista
1451 1619 1656 1654 litteraliter
1691 1618 1744 1664 (ut

413 1676 526 1710 michi
553 1676 711 1720 videtur)
736 1677 784 1711 ad
810 1678 945 1720 Deum,
963 1678 1126 1711 Domine
1150 1678 1256 1711 Deus
1280 1689 1393 1719 meus,
1419 1678 1684 1722 magmficatus
1707 1689 1744 1711 es
1755 1683 1916 1725 Ps.ciii.1‚
1933 1693 1960 1716 2.

413 1735 672 1769 vehementer:
697 1736 955 1780 consessionem
977 1740 1012 1769 et
1035 1735 1196 1770 decorem
1217 1736 1389 1778 induisti,
1414 1737 1574 1769 amictus
1601 1736 1743 1770 lumine
1757 1744 1796 1776 25

411 1793 510 1827 sicut
542 1794 786 1835 vestimento;
827 1793 986 1828 amictus
1019 1794 1118 1828 enim
1152 1794 1376 1828 vestimento
1410 1793 1591 1838 portando
1624 1793 1925 1838 possi-vestimen-

413 1851 475 1885 det
494 1851 767 1893 vestimentum,
787 1851 879 1886 sicut
906 1853 1021 1895 Deus,
1041 1852 1190 1886 indutus
1210 1852 1342 1886 decore
1361 1863 1425 1886 seu
1450 1852 1598 1895 lumine,
1617 1853 1741 1886 lumen
1754 1843 1951 1913 torzmpor‘

413 1915 536 1953 portat
562 1920 608 1943 ne
635 1910 744 1944 cadat
769 1909 805 1943 in
832 1910 956 1944 nichil.
1009 1909 1246 1944 Gubernacio
1272 1910 1423 1954 insuper
1448 1909 1567 1954 magis
1594 1910 1741 1954 proprie
1755 1886 1813 1913 tan
1836 1892 1853 1914 ο
1869 1889 1899 1912 Β’

414 1967 448 2001 in
469 1968 551 2001 Deo
571 1966 642 2001 dici
657 1974 778 2012 potest
797 1979 884 2002 usus
897 1967 1053 2002 dominii
1066 1974 1100 2002 et
1115 1968 1372 2013 possessionis,
1387 1980 1498 2013 quam
1514 1968 1718 2002 dominium
1733 1980 1741 2011 ;

414 2025 520 2059 sicuti
546 2025 581 2059 in
607 2025 767 2060 dominis
791 2026 1058 2071 temporalibus
1081 2026 1189 2061 nobis
1216 2026 1310 2061 notis
1336 2038 1459 2061 rerum
1477 2026 1646 2061 detencio
1665 2026 1741 2060 sive
1755 2039 1798 2071 30

414 2084 653 2118 conservacio
672 2083 836 2128 ipsarum
863 2084 1062 2129 possessio,
1088 2091 1124 2120 et
1150 2096 1276 2119 earum
1301 2085 1524 2128 gubernacio
1550 2084 1740 2129 possiden-

414 2141 512 2176 tibus
538 2142 744 2176 accomoda
769 2142 922 2177 effectus
949 2142 1026 2177 sive
1051 2154 1140 2177 usus
1166 2142 1320 2177 dominii
1339 2149 1375 2177 et
1392 2142 1648 2188 possessionis,
1666 2153 1741 2177 non

413 2199 588 2242 dominia,
615 2199 760 2244 proprie
786 2201 1026 2245 appellantur.
1070 2201 1160 2235 Ideo
1191 2201 1265 2235 dixi
1293 2200 1371 2244 tibi,
1399 2201 1586 2245 loquendo
1619 2207 1742 2235 tecum

413 2258 660 2300 conformiter,
680 2258 779 2302 quod
797 2270 864 2292 nec
883 2258 1121 2293 conservacio
1146 2270 1216 2294 nec
1241 2258 1468 2303 gubernacio
1494 2270 1608 2293 causa
1633 2258 1740 2303 primi

413 2315 565 2350 dominii
585 2315 698 2349 divini
718 2316 790 2350 dici
809 2323 941 2360 potest.
1755 2324 1794 2356 35

461 2376 549 2409 IOH.
578 2375 740 2408 Causam
751 2374 860 2408 huius
872 2373 988 2408 divini
1001 2374 1154 2408 dominii
1169 2375 1333 2417 attendO,
1349 2374 1499 2417 scilicet,
1513 2374 1742 2409 creacionem

411 2444 531 2466 rerum
561 2433 608 2466 ab
635 2432 889 2477 omnipotente
915 2444 982 2466 suo
1012 2434 1196 2475 Auctore3
1236 2439 1272 2466 et
1296 2439 1468 2466 naturam
1495 2432 1742 2477 possessionis

412 2490 536 2524 divine
562 2490 681 2524 eciam
709 2490 854 2524 intueor
879 2502 960 2525 esse
987 2490 1313 2525 conservacionem
1342 2502 1404 2525 seu
1431 2489 1742 2524 sustentacionem

412 2548 649 2583 intrinsecam
668 2548 795 2582 mundi
815 2547 933 2582 tocius
951 2555 986 2582 et
1005 2548 1170 2582 omnium
1188 2560 1258 2592 que
1277 2554 1360 2582 sunt
1379 2548 1414 2581 in
1433 2547 1573 2582 mundo
1590 2560 1612 2582 a
1631 2549 1714 2582 Deo
1731 2559 1740 2583 :

412 2612 447 2640 et
483 2607 551 2640 hec
596 2607 682 2649 duo,
719 2606 868 2648 scilicet,
905 2605 1137 2640 creacionem
1177 2612 1212 2640 et
1250 2605 1576 2648 sustentacionem,
1611 2617 1741 2640 causas

411 2663 635 2698 sufficientes
674 2675 760 2697 usus
802 2664 928 2698 mundi
971 2676 1015 2698 ac
1049 2663 1297 2708 cuiuscunque
1331 2663 1381 2697 rei
1411 2675 1433 2697 a
1470 2664 1551 2697 Deo
1585 2663 1740 2697 existere
1754 2675 1797 2706 40

412 2722 508 2755 clare
544 2721 743 2765 conspicio.
795 2723 844 2756 Et
878 2722 975 2766 quod
1008 2723 1110 2756 Deus
1146 2722 1181 2755 in
1216 2722 1334 2765 primo
1368 2727 1557 2755 momento
1590 2721 1740 2765 originis

413 2779 540 2813 mundi
567 2779 634 2813 fuit
662 2779 789 2813 mundi
817 2780 935 2814 tocius
962 2786 998 2814 et
1023 2778 1187 2813 omnium
1215 2785 1465 2813 creaturarum
1495 2778 1679 2821 dominus,
1704 2785 1740 2813 et

413 2838 511 2881 quod
537 2844 623 2871 tunc
652 2837 776 2871 habuit
804 2837 965 2881 ipsorum
993 2849 1117 2871 verum
1145 2837 1359 2880 dominium,
1387 2843 1512 2881 aperte
1539 2837 1742 2881 perpendo·
