2008 3305
217 237 302 264 CAP.
327 221 385 280 Χ]
699 232 843 263 LIBER
876 231 1072 264 PRIMUS.
1773 228 1825 272 75

102 355 200 397 25A]
215 357 386 387 creatura
406 355 534 386 autem
556 348 681 386 solum
705 349 856 399 proprie
885 348 976 386 facit
999 349 1172 386 modum.
1230 347 1326 386 Ideo
1349 347 1547 397 apostolus

214 432 304 469 sepe
334 420 446 457 sentit
475 419 579 468 quod
609 425 782 456 creatura
811 431 891 456 non
920 426 977 456 est
1007 418 1148 468 aliquid
1177 419 1308 467 quoad
1338 418 1478 464 Deum,
1507 424 1548 454 ut

169 497 199 525 B
214 490 300 528 Gal.
324 490 471 534 ultimo,
496 489 547 527 Si
562 490 645 538 quis
667 502 703 526 se
729 490 923 527 existimat
943 503 1014 526 esse
1034 489 1188 538 aliquid,
1207 487 1225 508 *
1247 502 1329 525 cum
1350 489 1471 525 niclzil
1487 489 1545 533 sil,

214 563 289 610 ipse
316 574 352 597 se
376 561 522 597 seducit.
591 560 805 609 Respectus
839 560 968 610 itaque
999 559 1251 598 accidentales
1277 559 1436 596 facimus
1462 558 1548 596 Deo

183 645 199 677 5
214 632 340 681 previe
362 632 561 678 dirigente,
582 637 619 668 et
638 642 719 668 non
739 631 954 668 essenciam
974 643 1042 680 per
1063 643 1102 668 se
1123 636 1299 668 stantem.

268 701 352 739 Nec
373 701 500 739 obviat
520 701 627 750 quod
646 713 767 750 agens
786 702 1007 750 proximum
1032 702 1078 739 sit
1101 707 1293 738 remotum
1323 701 1363 736 in
1391 706 1527 737 natura
1539 711 1548 746 3
1562 703 1681 741 {ssgency
1695 713 1761 737 may
1773 705 1808 731 be

1562 739 1757 764 instrumental
1770 738 1827 765 and

214 773 282 810 sed
302 773 401 809 bene
421 772 593 808 innuitur
613 771 720 821 quod
744 778 802 808 est
829 772 920 809 dare
950 772 1235 809 mediacionem
1256 777 1294 808 et
1313 770 1549 808 immediaci-
1562 771 1706 830 2512}th
1706 781 1737 830 gr

213 855 329 881 onem
343 842 536 891 duplicem
548 842 587 878 in
601 842 765 892 agendo,
781 842 934 888 scilicet,
949 842 1281 880 instrumentalem
1294 848 1331 880 et
1344 841 1550 879 causalem.
1562 837 1744 871 immediate;

213 912 345 950 Prima
365 919 421 949 est
441 912 673 950 subiciencie
689 919 726 950 et
739 913 909 950 secunda
920 913 1227 962 preeminencie3
1258 919 1299 949 ut
1319 924 1550 961 quecunque
1564 911 1800 977 {ffiifgrgrssgrtffir-

160 999 200 1021 10
214 990 385 1021 creatura
404 983 535 1020 infime
564 984 665 1021 iuvat
685 983 813 1021 Deum
843 984 892 1021 ad
921 984 1101 1021 effectum
1130 983 1437 1033 producendum,
1468 983 1550 1020 sine
1563 978 1687 1038 ξξξξζῇῡζό
1701 979 1748 1037 {fig

212 1054 289 1092 hoc
310 1054 415 1103 quod
434 1054 573 1091 habeat
592 1067 713 1103 agens
734 1054 891 1092 inferius
910 1055 1222 1100 instrumentum,
1252 1054 1472 1091 immediate
1492 1054 1550 1090 in-
1563 1045 1697 1078 superio*
1711 1051 1806 1079 agent·

212 1124 510 1162 strumentaliter
535 1125 711 1174 producit
739 1125 930 1172 effectum,
962 1125 1053 1175 quia
1081 1137 1197 1163 omne
1229 1136 1348 1174 agens
1378 1124 1552 1173 superius

211 1195 553 1233 instrumentaliter
590 1208 658 1245 per
696 1196 834 1245 ipsum,
865 1202 902 1233 et
933 1195 980 1233 de
1009 1202 1118 1233 tanto
1147 1195 1367 1232 immediate
1400 1195 1440 1232 in
1477 1195 1551 1232 isto

213 1266 346 1304 ordine
384 1272 421 1303 et
454 1266 528 1303 alia
560 1266 736 1304 mediate.
795 1266 882 1312 Sed,
914 1278 1004 1304 cum
1038 1278 1154 1303 omne
1184 1279 1305 1316 agens
1336 1265 1551 1303 secundum

160 1349 198 1382 15
214 1337 292 1386 agit
338 1348 407 1385 per
441 1335 516 1373 Dei
559 1336 789 1374 adiutorium
830 1337 1076 1386 principalius
1122 1344 1159 1374 et
1203 1337 1441 1374 eminencius
1484 1348 1550 1374 co-

213 1407 372 1456 agentis,
403 1407 682 1444 racionabiliter
720 1408 852 1445 dicitur
884 1408 989 1457 quod
1019 1415 1204 1454 creatura,
1234 1408 1421 1457 quidquid
1458 1408 1549 1457 agit,

212 1478 290 1527 agit
317 1478 511 1515 mediante
538 1478 613 1516 Dei
640 1479 851 1525 movencia,
875 1479 941 1528 qui
967 1479 1189 1515 immediate
1210 1479 1339 1527 quoad
1360 1478 1467 1515 illum
1488 1490 1549 1516 or-

212 1548 346 1586 dinem
375 1548 468 1585 facit
489 1560 612 1597 opus;
651 1555 690 1586 et
725 1549 790 1595 sic,
825 1561 873 1586 ex
905 1550 1082 1586 bonitate
1113 1548 1188 1586 Dei
1219 1549 1259 1585 in
1296 1548 1549 1598 producendo

212 1619 381 1664 effectus,
395 1618 502 1656 Deus
517 1625 555 1656 et
571 1631 691 1668 agens
708 1620 922 1657 secundum
935 1620 975 1657 in
991 1620 1132 1658 eversis
1153 1620 1352 1657 ordinibus
1366 1632 1405 1656 se
1421 1619 1551 1656 iuvant

163 1703 202 1725 20
215 1689 421 1738 reciproce,
450 1689 602 1727 dicente
632 1690 821 1739 apostolo,
854 1703 870 1727 1
906 1690 994 1728 Cor.
1014 1691 1063 1727 iii.
1084 1704 1119 1739 9,
1140 1690 1220 1727 Dei
1242 1692 1336 1727 enim
1365 1691 1552 1727 adiutores

213 1773 350 1798 sumus.
408 1759 493 1797 Nec
530 1773 579 1797 ex
621 1760 697 1798 hoc
737 1761 909 1810 sequitur
947 1762 1053 1811 quod
1091 1773 1207 1799 omne
1247 1761 1481 1810 productum
1529 1773 1552 1798 a

215 1838 390 1868 creatura
415 1831 645 1869 multociens
674 1832 918 1881 producatur,
941 1833 1031 1882 quia
1058 1832 1166 1869 Deus
1195 1845 1217 1869 a
1243 1832 1368 1881 primo
1396 1832 1552 1869 instanti

214 1902 425 1940 ereacionis
451 1902 609 1940 effectus
640 1902 817 1952 producit
841 1903 968 1952 ipsum
994 1903 1187 1949 continue,
1209 1915 1412 1952 quousque
1433 1915 1551 1951 opere

214 1973 564 2010 administracionis
598 1974 638 2010 in
670 1985 740 2011 suo
775 1973 971 2012 individuo
1003 1975 1247 2023 producatur,
1278 1980 1315 2011 et
1352 1986 1420 2023 per
1458 1986 1550 2011 con-

163 2062 201 2094 25
216 2056 383 2093 sequens
420 2044 577 2081 racione
616 2044 925 2082 continuacionis
963 2045 1221 2094 producencie
1260 2057 1341 2082 non
1378 2045 1437 2082 bis
1475 2045 1550 2083 fiet.

216 2114 300 2152 Nec
329 2113 478 2151 videtur
505 2114 608 2160 mihi,
637 2114 766 2163 quoad
792 2127 861 2164 pro
888 2115 1046 2152 instanti
1077 2116 1337 2165 producencie
1367 2123 1551 2161 creature,

175 2184 322 2234 equod
351 2190 441 2222 ante
473 2183 491 2203 *
523 2185 785 2234 temporaliter
813 2192 915 2223 creat
946 2186 1076 2232 Deus;
1116 2187 1207 2236 quia
1236 2187 1553 2235 movencia,qua

216 2255 341 2305 prima
369 2261 569 2304 postremo
598 2262 728 2293 movet
757 2268 876 2305 agens
907 2257 1120 2294 secundum
1150 2257 1263 2294 simul
1292 2257 1554 2306 temporaliter

217 2338 306 2364 cum
335 2326 415 2363 eius
453 2327 626 2375 agencia,
657 2338 738 2363 non
767 2333 824 2364 est
855 2327 1042 2374 ereancia,
1076 2327 1143 2364 sed
1173 2328 1424 2377 presupponit
1463 2328 1552 2365 sub-

164 2397 368 2446 30iectum,
399 2397 494 2433 sicut
523 2397 651 2434 omnis
687 2396 760 2434 Dei
795 2397 955 2446 agencia
990 2404 1167 2446 respectu
1201 2397 1324 2436 forme
1358 2398 1552 2436 individue

216 2467 575 2512 administracionis,
606 2467 758 2513 scilicet,
788 2480 905 2516 opere
935 2468 1176 2505 condicionis
1209 2469 1248 2505 in
1282 2469 1456 2506 creancia
1485 2481 1552 2506 sue

217 2550 343 2576 cause.

254 2631 276 2655 5.
297 2623 442 2655 dirigente
455 2623 477 2648 B
488 2622 511 2649 C
522 2622 549 2654 (e
562 2622 661 2655 corr.):
683 2623 858 2655 dirigentem
872 2623 904 2648 A.
969 2625 1008 2648 26.
1030 2623 1142 2655 quoad:
1163 2623 1244 2649 codd.
1260 2624 1344 2655 quod.
1399 2633 1442 2656 30.
1460 2624 1551 2649 sicut:

219 2656 301 2682 codd.
322 2657 379 2682 sed.
468 2666 508 2688 31.
530 2658 538 2685 11
558 2657 832 2682 administracionis
852 2656 874 2681 B
887 2656 905 2681 f.
928 2666 976 2688 223
991 2664 1016 2683 c.
1063 2657 1186 2682 scilicet:
1213 2658 1294 2683 codd.
1312 2657 1367 2683 sed.
1406 2658 1451 2683 Ad
1472 2658 1555 2683 finem

219 2689 344 2721 capitulo
360 2689 388 2715 in
403 2689 425 2714 B
443 2689 555 2722 legitur,
577 2699 595 2715 v
611 2690 721 2721 welyky
737 2690 875 2715 cztwrtek
885 2692 979 2721 psano
994 2689 1109 2721 (Latine
1121 2691 1273 2723 Scriptum
1287 2691 1334 2717 die
1346 2691 1423 2717 lovis
1436 2700 1554 2724 magna,

218 2722 272 2749 hoc
285 2728 335 2755 est,
346 2723 394 2749 die
405 2723 595 2750 absolutionis
607 2724 654 2749 vel
665 2723 884 2755 mandationis).

765 2816 793 2846 3.
820 2807 896 2841 Gal.
913 2807 956 2839 vi.
975 2817 1005 2847 3.
