2008 3305
211 205 298 234 CAP.
322 193 387 251 IL]
697 205 844 237 LIBER
876 205 1094 238 TERTIUS.
1732 210 1755 240 2
1766 211 1781 237 1
1794 211 1811 238 1

99 319 198 360 72D]
213 315 317 352 iuxta
345 323 489 354 rectam
518 317 879 366 interpretacionum
908 318 1012 355 verbi
1042 319 1225 368 azfferam,
1247 317 1431 355 docemur
1460 324 1536 355 tres
1549 321 1802 387 fssffffffiqsffm

115 395 199 427 73A
212 384 423 424 nota*biles
451 387 644 424 veritates:
677 388 812 436 prima,
840 388 946 436 quod
980 387 1141 436 Spiritus
1176 393 1330 424 sanctus
1363 388 1535 435 graciose
1583 375 1640 421 a..
1692 375 1697 381 ¹
1748 374 1755 382 ⁸

212 468 447 505 quemquam
464 456 679 494 inhabitans
691 464 748 495 est
764 458 914 507 spiritus
927 458 1100 494 eiusdem
1113 457 1291 502 hominis,
1307 457 1402 494 sicut
1418 457 1537 494 Deus.

212 526 330 564 Filius
350 533 476 564 autem
497 527 607 565 datus
627 540 706 565 non
726 535 782 565 est
802 528 883 565 eius
903 528 1012 573 filius,
1035 539 1124 565 cum
1145 528 1293 564 dicatur
1313 527 1361 565 ad
1382 528 1537 577 aliquid,

181 602 255 642 5ut
301 596 414 634 docet
458 598 709 647 Augustinus,
748 599 882 647 quinto
929 598 976 634 de
1024 597 1216 634 Trinitate
1263 597 1431 646 capitulo
1477 610 1537 636 xv.

214 666 393 704 Secundo
426 667 609 705 docemur
639 668 743 717 quod
773 681 840 717 per
871 667 1053 717 Spiritum
1082 667 1220 704 dantur
1249 668 1420 716 quadam
1448 680 1538 717 pro·
1584 675 1610 701 b-

211 737 369 785 prietate
407 737 597 786 personali
643 738 854 783 carismata,
895 750 983 774 cum
1029 737 1249 774 eternaliter
1296 738 1342 774 sit
1391 737 1539 775 donum

212 807 371 852 adintra‚
392 814 428 844 et
456 808 525 845 sibi
545 808 810 856 appropriatur
835 807 1121 853 benevolencia,
1145 807 1300 844 racione
1327 807 1433 844 cuius
1460 820 1540 845 non

212 883 339 925 potest
361 877 433 914 nisi
460 878 671 915 secundum
701 878 895 915 racionem
924 877 1073 915 donarii
1102 883 1208 914 extra
1238 877 1339 914 dare.
1397 877 1540 915 Tercio
1585 893 1608 912 c.

162 960 201 982 10
214 947 396 984 docemur
424 947 530 997 quod
558 960 637 985 non
669 948 699 985 si
728 947 836 984 Deus
866 948 966 996 capit
996 947 1043 984 de
1073 947 1176 984 dicto
1209 946 1348 996 Spiritu
1377 947 1540 996 quodvis

212 1017 438 1064 dominium,
461 1018 567 1066 quod
595 1018 734 1055 exinde
766 1017 926 1066 Spiritus
956 1017 1142 1065 spoliatus
1171 1024 1297 1054 careat
1326 1017 1390 1054 illo
1422 1017 1539 1063 dono,

213 1099 301 1124 cum
334 1099 414 1124 non
442 1093 569 1136 potest
597 1088 817 1125 abdicando
847 1087 1062 1124 dominium
1091 1087 1302 1136 quidquam
1333 1086 1433 1124 dare.
1490 1086 1541 1123 Et

212 1169 300 1195 cum
312 1170 358 1194 ex
373 1158 582 1206 gramatica
602 1157 725 1194 diccio
742 1157 818 1195 duo
839 1157 1049 1202 includens,
1065 1157 1095 1194 si
1115 1169 1235 1194 unum
1250 1157 1403 1195 illorum
1416 1156 1541 1206 expri-

212 1228 338 1273 mitur,
368 1239 462 1276 pure
490 1228 679 1277 reliquum
710 1228 775 1264 dat
803 1227 1023 1276 intelligere,
1055 1239 1144 1265 cum
1174 1227 1350 1276 designat
1378 1227 1541 1264 circum-

162 1309 199 1340 15
214 1298 399 1335 stanciam
419 1298 594 1347 principii
619 1297 824 1343 subiectivi,
841 1309 886 1334 ac
909 1297 1070 1346 Spiritus
1091 1304 1244 1334 sanctus
1260 1298 1307 1334 sit
1326 1297 1542 1335 subiectum

212 1368 471 1417 predictorum
513 1368 757 1406 carismatum
777 1382 785 1413 ;
834 1374 938 1415 patet
985 1367 1099 1416 plane
1147 1367 1298 1405 literalis
1346 1367 1543 1405 sentencia

212 1438 483 1487 impugnabilis
503 1438 627 1476 eciam
647 1451 669 1475 a
689 1437 872 1486 sophista.

269 1508 411 1554 Quoad
437 1508 640 1546 doctorum
661 1507 883 1552 discordias,
904 1518 1071 1556 quorum
1092 1507 1251 1555 quidam
1282 1507 1413 1544 dicunt
1433 1505 1541 1556 quod
1553 1509 1670 1569 {hgsstch
1683 1508 1764 1542 agift
1777 1508 1800 1534 1⁵

214 1579 350 1616 caritas
384 1591 460 1627 qua
489 1578 616 1615 Deum
647 1577 839 1627 diligimus
874 1584 930 1614 est
963 1576 1124 1626 Spiritus
1154 1584 1318 1622 sanctus,
1350 1577 1410 1615 alii
1439 1576 1545 1626 quod
1645 1553 1672 1577 y·

162 1659 202 1680 20
215 1655 271 1686 est
286 1648 437 1686 habitus
449 1648 688 1697 theologicus
709 1661 730 1685 a
746 1654 826 1685 tota
842 1648 1031 1684 Trinitate
1052 1647 1221 1694 infusus3
1242 1648 1391 1696 utrique
1412 1660 1545 1684 verum

214 1718 346 1756 dicunt
380 1718 428 1756 ad
461 1731 594 1756 sensus
628 1719 836 1767 equivocos
866 1718 1061 1766 expositos
1091 1718 1139 1754 de
1173 1718 1338 1755 termino
1368 1718 1546 1755 caritatis.

215 1788 493 1825 Verumtamen
528 1788 621 1825 dum
656 1788 813 1837 Spiritus
843 1793 998 1825 sanctus
1037 1787 1203 1824 illabitur
1233 1794 1270 1824 et
1309 1799 1377 1836 per
1411 1800 1546 1825 conse-

217 1871 341 1908 quens
361 1859 442 1896 eius
467 1859 708 1908 principium,
730 1865 787 1895 est
810 1858 900 1895 dare
921 1858 1118 1895 caritatem
1139 1870 1214 1907 que
1236 1858 1282 1894 sit
1302 1858 1449 1894 donum
1469 1857 1546 1894 dis-

171 1930 389 1975 minctum,
423 1941 501 1978 quo
532 1941 642 1966 carus
681 1928 966 1966 accidentaliter
999 1927 1248 1974 informetur;
1300 1926 1318 1947 ’¹‘
1352 1940 1434 1964 non
1472 1927 1546 1964 tale

164 2010 202 2041 25
218 2000 322 2049 quod
341 2000 478 2049 poterit
498 2012 565 2048 per
586 2011 625 2036 se
645 2011 740 2045 esse,
764 1999 859 2036 sicut
884 1998 994 2035 multi
1013 1998 1285 2046 equivocantes
1305 1998 1547 2035 contendunt

217 2071 402 2107 inaniter:
431 2070 498 2107 sed
516 2076 572 2106 est
588 2068 858 2106 denominacio
874 2068 1134 2115 accidentalis,
1151 2068 1230 2105 sine
1247 2080 1323 2117 qua
1336 2068 1548 2105 secundum

218 2140 385 2189 speciem
408 2152 487 2177 non
508 2146 565 2176 est
589 2139 768 2188 possibile
790 2138 894 2187 quod
917 2138 963 2174 sit
983 2144 1158 2175 creatura
1186 2138 1314 2187 aliqua
1339 2137 1426 2175 Deo
1446 2150 1547 2175 cara.

217 2210 333 2248 Unde
362 2210 458 2247 sicut
482 2210 641 2258 igneitas
662 2221 741 2246 non
762 2215 888 2257 potest
909 2209 1032 2246 inesse
1063 2209 1248 2246 materiali
1278 2208 1448 2246 essencie
1478 2209 1549 2245 nisi

220 2293 267 2318 eo
291 2281 377 2330 ipso
406 2280 493 2317 insit
515 2279 688 2317 caliditas
714 2279 1029 2327 inseparabiliter,
1061 2279 1091 2316 si
1122 2279 1169 2316 sit
1189 2279 1362 2325 mixtum,
1384 2279 1437 2316 sic
1467 2291 1549 2316 non

167 2365 209 2395 30
221 2356 347 2400 potest
366 2350 471 2387 Deus
493 2350 667 2398 graciose
688 2349 790 2386 illabi
811 2349 938 2385 anime
965 2349 1037 2385 nisi
1056 2360 1103 2386 eo
1128 2349 1211 2397 ipso
1233 2349 1321 2386 insit
1341 2349 1471 2397 gracia
1491 2349 1549 2385 vel

221 2420 358 2457 caritas
386 2419 699 2468 inseparabiliter,
721 2419 751 2455 si
772 2424 852 2455 tota
874 2418 947 2455 vita
968 2419 1014 2455 sit
1034 2430 1139 2467 pura,
1162 2425 1199 2455 et
1225 2419 1495 2467 separabiliter,
1517 2419 1547 2455 si

221 2491 325 2527 viciis
354 2490 399 2528 sit
418 2490 639 2527 commixta.
698 2488 746 2525 Et
765 2494 870 2537 patet
899 2487 1098 2537 quomodo
1118 2488 1330 2525 verificatur
1350 2488 1443 2525 illud
1472 2488 1549 2526 Iac.

222 2562 244 2598 i.
268 2570 301 2608 5,
323 2560 426 2597 Deus
446 2561 511 2597 dal
527 2559 690 2597 omnibus
710 2558 905 2607 affluenter.
962 2557 1092 2595 Primo
1121 2557 1225 2595 enirn
1256 2557 1320 2595 dat
1340 2571 1550 2596 mensuram
1595 2576 1622 2594 a.

245 2692 280 2742 ῖς.
296 2682 400 2742 {rama
412 2681 437 2707 A
447 2680 470 2708 C
482 2687 489 2708 :
501 2681 600 2713 primo
614 2680 647 2706 B.
751 2688 789 2705 10.
811 2679 887 2705 dicto
899 2678 943 2705 A:
960 2678 1049 2705 diccz'o
1063 2678 1102 2704 B:
1122 2678 1209 2704 dictio
1223 2678 1254 2704 C.
1333 2688 1373 2711 27.
1391 2680 1495 2712 aliqua
1509 2680 1531 2705 B
1543 2686 1550 2706 :

224 2725 243 2742 a
257 2724 288 2742 za
361 2733 367 2742 .

399 2808 427 2841 5.
453 2800 591 2841 August.
609 2798 649 2831 de
666 2798 757 2830 Trin.
771 2809 800 2831 v.
821 2807 857 2828 12
877 2801 893 2836 §
914 2807 963 2838 13,
980 2798 1066 2839 Opp.
1089 2799 1118 2829 8.
1135 2799 1198 2839 839
1215 2806 1250 2838 G,
1269 2799 1332 2840 840
1345 2805 1380 2831 A.

873 2871 895 2896 Ρ
918 2872 936 2896 2
