2008 3305
253 231 339 258 CAP.
362 216 437 274 1x.]
730 228 875 259 LIBER
909 226 1104 258 PRIMUS.
1802 224 1854 267 57

137 347 233 388 18D]
247 344 388 380 tatibus
408 342 555 391 logicis,
573 355 646 391 que
667 355 746 379 non
768 349 855 380 sunt
868 342 1077 379 formaliter
1093 343 1223 391 quevis
1240 342 1422 379 essencie.
1472 341 1577 383 Ideo,

248 413 278 449 si
325 413 485 450 alterum
531 413 689 449 istorum
729 412 824 449 foret
862 412 1120 457 communius,
1160 412 1380 449 evidencius
1426 412 1579 449 caderet

247 495 359 532 super
380 495 473 520 esse.
529 481 645 519 Nunc
667 489 794 520 autem
816 482 1014 532 quodlibet
1034 494 1118 520 esse
1139 488 1196 520 est
1216 482 1274 519 vel
1294 482 1502 522 formaliter
1522 482 1579 519 vel

246 553 503 591 essencialiter
541 552 776 601 predicando
815 553 997 599 essencia,
1035 559 1071 590 et
1109 559 1289 599 econtra;
1331 559 1372 590 ut
1405 552 1579 589 veritates

152 629 233 658 19A
247 631 375 661 eterne
397 629 485 660 sunt
505 622 762 660 essencialiter
781 623 903 672 prima
923 623 1106 668 essencia,
1128 623 1214 660 licet
1234 623 1444 660 formaliter
1465 623 1485 646 *
1504 622 1578 659 dis-

246 694 499 743 tingwuntur;
530 693 769 742 privaciones
790 704 880 730 vero
902 699 990 731 sunt
1010 694 1183 731 essencie
1213 706 1282 742 per
1307 706 1347 731 se
1371 694 1409 730 in
1437 706 1577 742 genere

246 764 300 801 sic
322 764 487 813 private:
519 763 645 800 solum
666 763 822 812 quidem
843 763 969 802 divina
990 764 1172 809 essencia,
1194 770 1323 801 creata
1344 763 1575 808 substancia,

244 834 302 870 vel
323 833 503 871 accidens
522 846 590 882 per
611 846 650 870 se
671 834 709 870 in
730 846 871 882 genere
892 840 948 871 est
968 834 1152 879 essencia,
1174 840 1215 872 ut
1235 840 1340 883 patet
1360 834 1459 872 alibi.

299 904 418 951 Quod
447 904 477 941 si
506 916 554 941 ex
584 904 656 941 isto
687 903 888 941 deducitur
917 904 1023 953 quod
1054 904 1221 953 quelibet
1254 910 1426 942 creatura
1460 903 1576 941 habet
1589 907 1848 974 ἂξῑᾶῗὲπωώε

192 975 378 1024 10triplex
408 987 491 1012 esse
521 974 679 1020 actuale,
708 974 932 1011 conceditur
961 974 1185 1013 conclusio:
1215 974 1331 1012 habet
1359 975 1462 1012 enim
1491 987 1574 1012 esse
1731 962 1736 967 ”

244 1045 388 1082 actuale
419 1044 628 1093 analogum
658 1052 765 1082 extra
794 1057 926 1093 genus,
955 1051 1164 1094 antequam
1193 1044 1333 1082 habeat
1364 1046 1574 1082 subsisten-

244 1116 344 1153 ciam
360 1115 398 1151 in
420 1126 570 1163 genere,
589 1115 801 1152 secundum
823 1115 928 1165 quod
949 1127 1033 1153 esse
1053 1122 1110 1153 est
1130 1128 1199 1153 ens
1221 1127 1353 1162 unum,
1374 1128 1518 1161 verum,
1539 1122 1575 1153 et

243 1187 402 1230 bonum,
444 1186 793 1234 correspondentes
824 1185 1087 1235 passionatum
1127 1192 1235 1223 extra
1269 1198 1391 1235 genus
1426 1186 1475 1223 ad
1504 1198 1574 1224 no-

242 1256 414 1294 taciones
443 1256 608 1293 increate
638 1255 858 1294 Trinitatis:
889 1269 1020 1303 unum,
1051 1269 1073 1294 a
1103 1257 1227 1306 primo
1256 1257 1456 1306 principio,
1487 1256 1574 1294 Deo

191 1344 228 1375 15
243 1333 359 1375 patre,
383 1326 480 1363 sicut
504 1325 631 1362 unitas
652 1332 709 1363 est
738 1326 965 1375 principium
987 1326 1206 1375 quantitatis
1228 1326 1400 1372 discrete,
1422 1338 1497 1376 que
1518 1333 1575 1363 est

242 1397 366 1446 prima
386 1397 532 1446 species
553 1396 783 1442 accidentis;
814 1409 956 1443 verum,
978 1409 1000 1435 a
1020 1396 1162 1443 Verbo,
1185 1397 1290 1447 quod
1310 1403 1367 1435 est
1390 1403 1498 1434 actus
1518 1397 1575 1434 vel

241 1466 365 1505 forma
384 1467 563 1516 potencie
584 1467 784 1517 adequata,
807 1474 843 1505 et
867 1480 935 1516 per
955 1479 1198 1517 consequens
1225 1468 1350 1517 prima
1368 1468 1516 1514 veritas,
1540 1475 1577 1506 et

241 1538 332 1576 hinc
375 1538 514 1575 relacio
553 1544 610 1575 est
649 1550 774 1587 genus
821 1538 1045 1587 proximum
1083 1538 1313 1584 accidentis;
1362 1539 1479 1576 tercio
1519 1545 1575 1577 est

241 1609 400 1653 bonum,
423 1608 471 1645 ab
492 1608 639 1645 Amore
665 1615 799 1646 mutuo
823 1609 880 1646 vel
905 1609 1149 1658 quietacione
1173 1622 1220 1646 ex
1246 1610 1425 1658 potencia
1453 1610 1575 1659 prime

189 1695 230 1717 20
243 1679 414 1716 essencie
438 1685 474 1716 et
503 1691 550 1716 ex
580 1680 790 1717 noscencia
819 1679 1003 1729 equaliter
1031 1679 1272 1729 precedente.
1331 1680 1381 1717 Et
1410 1681 1507 1718 sicut
1536 1681 1575 1718 in

242 1748 430 1786 Trinitate
459 1749 627 1786 increata
656 1749 772 1787 nichil
800 1755 857 1787 est
886 1756 1021 1787 natura
1049 1750 1153 1799 prius
1183 1757 1246 1788 aut
1274 1751 1476 1800 posterius,
1507 1751 1575 1789 sed

240 1820 372 1857 omnia
402 1819 473 1857 hec
504 1820 576 1858 tria
607 1826 695 1857 sunt
724 1821 861 1857 eadem
900 1821 1084 1867 essencia,
1115 1833 1159 1858 ac
1193 1822 1325 1859 omnia
1358 1828 1394 1859 et
1423 1822 1575 1871 singula

240 1897 442 1937 coeterna3
474 1891 526 1928 sic
557 1891 595 1927 in
625 1898 797 1928 creatura
826 1891 959 1928 omnia
987 1891 1058 1929 ista
1086 1892 1165 1937 tria,
1197 1892 1333 1938 unitas,
1359 1892 1506 1938 veritas,
1538 1899 1575 1930 et

240 1961 403 2007 bonitas,
431 1968 518 1998 sunt
547 1961 683 1999 eadem
713 1962 886 1999 essencia
914 1961 972 1999 vel
1002 1968 1147 2008 natura,
1170 1968 1206 1999 et
1235 1975 1302 2011 per
1332 1975 1574 2012 consequens

188 2048 225 2079 25
240 2031 387 2068 nullum
420 2032 572 2069 illorum
604 2038 661 2069 est
689 2031 792 2069 alteri
822 2033 952 2081 passio
982 2038 1118 2070 natura
1146 2033 1252 2081 prius
1281 2039 1345 2070 aut
1372 2034 1572 2082 posterius,

240 2102 307 2139 sed
336 2103 467 2139 omnia
496 2109 585 2139 sunt
604 2103 738 2140 eadem
770 2103 943 2139 essencia
972 2109 1009 2140 et
1036 2115 1165 2141 coeva.
1222 2103 1273 2140 Et
1301 2103 1389 2141 hinc
1413 2105 1573 2141 tercium

239 2184 362 2221 genus
391 2172 610 2219 accidentis,
643 2173 797 2219 scilicet,
819 2173 991 2221 qualitas,
1021 2173 1273 2222 exemplatur.
1330 2174 1416 2212 Alia
1444 2181 1573 2212 autem

240 2255 306 2280 sex
328 2243 515 2292 principia
535 2243 667 2281 dicunt
694 2243 957 2280 habitudinem
986 2244 1204 2282 substancie
1224 2245 1263 2282 in
1288 2245 1510 2294 quantitate,
1533 2246 1572 2283 in

195 2315 290 2358 Bad
319 2314 472 2364 aliquid,
495 2320 532 2351 et
561 2314 741 2363 qualitate
770 2313 996 2361 fundatam3
1021 2314 1041 2337 *
1069 2321 1109 2351 ut
1129 2315 1237 2352 accio
1265 2322 1300 2353 et
1329 2314 1458 2365 passio
1486 2328 1571 2365 pre-

186 2404 226 2434 30
240 2385 420 2434 supponit
447 2385 669 2434 qualitatem
681 2396 690 2430 3
721 2385 790 2422 tria
810 2384 883 2421 alia
904 2385 1167 2436 quantitatem,
1190 2391 1227 2423 et
1247 2386 1386 2424 habere
1411 2387 1571 2424 relacio-

239 2467 352 2492 nem:
384 2466 487 2504 ymo,
515 2454 711 2504 quodlibet
740 2454 1070 2503 predicamentum
1098 2456 1289 2504 posterius
1320 2458 1571 2506 presupponit

239 2525 461 2562 naturaliter
478 2537 589 2562 suum
610 2525 725 2574 prius.
771 2524 855 2562 Nec
877 2525 1089 2574 putandum
1107 2532 1164 2563 est
1183 2526 1289 2575 quod
1308 2539 1386 2563 una
1406 2539 1572 2576 persona

239 2595 367 2632 divina
404 2601 531 2645 potest
559 2595 771 2645 quidquam
800 2595 921 2632 facere
952 2595 982 2632 si
1016 2596 1162 2645 reliqua
1196 2609 1276 2634 non
1310 2603 1448 2646 coagat
1481 2609 1571 2635 cum

239 2666 396 2711 eadem;
440 2678 527 2704 cum
570 2666 702 2703 omnia
743 2678 862 2715 opera
896 2665 1097 2704 Trinitatis
1135 2673 1222 2704 sunt
1260 2669 1477 2706 necessario
1516 2668 1570 2705 in-

403 2766 440 2783 10.
461 2757 572 2789 triplex
586 2756 610 2783 A
621 2756 644 2783 C
657 2763 663 2783 :
684 2756 794 2789 duplex
808 2756 839 2782 B.
945 2766 984 2789 13.
1004 2757 1165 2784 notaciones
1179 2758 1202 2783 B
1214 2764 1220 2785 :
1242 2762 1323 2785 ποιᾶς
1335 2758 1400 2786 AC.

717 2832 766 2862 13.
793 2822 844 2855 Cf.
863 2833 971 2865 supra,
990 2834 1021 2864 p.
1041 2831 1092 2861 32.
